<DATE>	<TIME>	<BID>	<ASK>	<LAST>	<VOLUME>	<FLAGS>
2026.02.09	00:03:30.593	0.60193	0.60257			6
2026.02.09	00:03:39.285		0.60256			4
2026.02.09	00:03:39.587	0.60173				2
2026.02.09	00:04:00.219	0.60173				2
2026.02.09	00:04:39.418		0.60256			4
2026.02.09	00:05:00.295	0.60173				2
2026.02.09	00:05:03.203	0.60171	0.60270			6
2026.02.09	00:05:13.143	0.60173	0.60247			6
2026.02.09	00:05:18.923		0.60231			4
2026.02.09	00:05:28.251		0.60247			4
2026.02.09	00:05:28.560		0.60246			4
2026.02.09	00:05:28.870		0.60247			4
2026.02.09	00:05:29.182		0.60233			4
2026.02.09	00:05:29.792		0.60234			4
2026.02.09	00:05:30.100		0.60235			4
2026.02.09	00:05:30.408		0.60231			4
2026.02.09	00:05:30.711		0.60230			4
2026.02.09	00:05:31.349		0.60234			4
2026.02.09	00:05:31.657		0.60231			4
2026.02.09	00:05:32.267		0.60235			4
2026.02.09	00:05:32.882		0.60231			4
2026.02.09	00:05:33.490		0.60236			4
2026.02.09	00:05:38.640		0.60250			4
2026.02.09	00:05:38.942		0.60235			4
2026.02.09	00:05:39.595		0.60234			4
2026.02.09	00:05:39.906		0.60247			4
2026.02.09	00:05:41.203		0.60249			4
2026.02.09	00:05:43.458		0.60250			4
2026.02.09	00:05:43.761		0.60249			4
2026.02.09	00:05:44.071		0.60250			4
2026.02.09	00:05:49.277		0.60226			4
2026.02.09	00:05:49.580		0.60229			4
2026.02.09	00:05:49.883		0.60250			4
2026.02.09	00:05:50.194		0.60249			4
2026.02.09	00:05:50.502		0.60250			4
2026.02.09	00:05:59.770		0.60228			4
2026.02.09	00:06:00.073	0.60173	0.60229			6
2026.02.09	00:06:00.376		0.60250			4
2026.02.09	00:06:01.014		0.60228			4
2026.02.09	00:06:01.329		0.60226			4
2026.02.09	00:06:01.640		0.60229			4
2026.02.09	00:06:01.943		0.60230			4
2026.02.09	00:06:02.555		0.60227			4
2026.02.09	00:06:02.875		0.60230			4
2026.02.09	00:06:03.179		0.60227			4
2026.02.09	00:06:03.488		0.60230			4
2026.02.09	00:06:04.717		0.60227			4
2026.02.09	00:06:05.647		0.60230			4
2026.02.09	00:06:05.948		0.60227			4
2026.02.09	00:06:07.178		0.60230			4
2026.02.09	00:06:07.483		0.60227			4
2026.02.09	00:06:08.759		0.60230			4
2026.02.09	00:06:09.713		0.60254			4
2026.02.09	00:06:10.015		0.60229			4
2026.02.09	00:06:10.621		0.60226			4
2026.02.09	00:06:10.930		0.60240			4
2026.02.09	00:06:11.237		0.60254			4
2026.02.09	00:06:11.554		0.60228			4
2026.02.09	00:06:11.859		0.60229			4
2026.02.09	00:06:12.163		0.60227			4
2026.02.09	00:06:12.476		0.60230			4
2026.02.09	00:06:12.784		0.60227			4
2026.02.09	00:06:13.405		0.60228			4
2026.02.09	00:06:13.709		0.60231			4
2026.02.09	00:06:14.325		0.60228			4
2026.02.09	00:06:14.935		0.60229			4
2026.02.09	00:06:15.542		0.60232			4
2026.02.09	00:06:15.847		0.60229			4
2026.02.09	00:06:16.466		0.60232			4
2026.02.09	00:06:17.074		0.60228			4
2026.02.09	00:06:17.376		0.60231			4
2026.02.09	00:06:17.992		0.60232			4
2026.02.09	00:06:18.294		0.60229			4
2026.02.09	00:06:18.596		0.60232			4
2026.02.09	00:06:18.899		0.60229			4
2026.02.09	00:06:19.208		0.60232			4
2026.02.09	00:06:19.514		0.60229			4
2026.02.09	00:06:19.816		0.60257			4
2026.02.09	00:06:20.127		0.60232			4
2026.02.09	00:06:26.578		0.60240			4
2026.02.09	00:06:36.520		0.60238			4
2026.02.09	00:06:36.831		0.60239			4
2026.02.09	00:06:46.556		0.60257			4
2026.02.09	00:06:46.859		0.60249			4
2026.02.09	00:06:50.071		0.60261			4
2026.02.09	00:06:50.688		0.60226			4
2026.02.09	00:06:50.992		0.60230			4
2026.02.09	00:06:51.303		0.60231			4
2026.02.09	00:06:51.614		0.60232			4
2026.02.09	00:06:51.915		0.60229			4
2026.02.09	00:06:52.526		0.60232			4
2026.02.09	00:06:52.830		0.60229			4
2026.02.09	00:06:53.434		0.60232			4
2026.02.09	00:06:54.085		0.60229			4
2026.02.09	00:06:54.393		0.60232			4
2026.02.09	00:06:56.646		0.60229			4
2026.02.09	00:06:57.588		0.60232			4
2026.02.09	00:07:00.160	0.60173				2
2026.02.09	00:07:00.464		0.60243			4
2026.02.09	00:07:04.427	0.60117	0.60229			6
2026.02.09	00:07:06.686	0.60127	0.60239			6
2026.02.09	00:07:06.990	0.60121	0.60233			6
2026.02.09	00:07:16.629	0.60127	0.60239			6
2026.02.09	00:07:16.936	0.60121	0.60233			6
2026.02.09	00:07:17.243	0.60105	0.60217			6
2026.02.09	00:07:27.316	0.60111	0.60223			6
2026.02.09	00:07:28.922	0.60110	0.60222			6
2026.02.09	00:07:31.180	0.60131	0.60243			6
2026.02.09	00:07:32.483	0.60110	0.60222			6
2026.02.09	00:07:33.787	0.60129	0.60241			6
2026.02.09	00:07:34.093	0.60127	0.60239			6
2026.02.09	00:07:35.396	0.60131	0.60243			6
2026.02.09	00:07:35.699	0.60121	0.60233			6
2026.02.09	00:07:43.426	0.60120	0.60232			6
2026.02.09	00:07:46.593	0.60107	0.60219			6
2026.02.09	00:07:48.596	0.60121	0.60233			6
2026.02.09	00:07:49.901	0.60111	0.60223			6
2026.02.09	00:07:50.560	0.60110	0.60222			6
2026.02.09	00:07:51.856	0.60111	0.60223			6
2026.02.09	00:07:56.677	0.60121	0.60233			6
2026.02.09	00:07:56.981	0.60129	0.60241			6
2026.02.09	00:07:57.293	0.60119	0.60231			6
2026.02.09	00:08:00.225	0.60118	0.60230			6
2026.02.09	00:08:05.049	0.60109	0.60221			6
2026.02.09	00:08:07.266	0.60118	0.60230			6
2026.02.09	00:08:16.604	0.60119	0.60231			6
2026.02.09	00:08:16.909	0.60120	0.60232			6
2026.02.09	00:08:17.213	0.60119	0.60231			6
2026.02.09	00:08:27.147	0.60118	0.60230			6
2026.02.09	00:08:33.575	0.60099	0.60205			6
2026.02.09	00:08:36.785	0.60109	0.60221			6
2026.02.09	00:08:37.739	0.60129	0.60241			6
2026.02.09	00:08:38.043	0.60119	0.60231			6
2026.02.09	00:08:38.350	0.60099	0.60201			6
2026.02.09	00:08:38.987	0.60119	0.60231			6
2026.02.09	00:08:48.079	0.60129	0.60241			6
2026.02.09	00:08:56.717	0.60119	0.60231			6
2026.02.09	00:09:00.280	0.60119				2
2026.02.09	00:09:06.704	0.60099	0.60190			6
2026.02.09	00:09:16.693	0.60105	0.60217			6
2026.02.09	00:09:17.648	0.60121	0.60233			6
2026.02.09	00:09:21.161	0.60119	0.60231			6
2026.02.09	00:09:21.467	0.60099	0.60201			6
2026.02.09	00:09:22.162	0.60101				2
2026.02.09	00:09:22.465	0.60119	0.60231			6
2026.02.09	00:09:31.451	0.60118	0.60230			6
2026.02.09	00:10:00.165	0.60119	0.60220			6
2026.02.09	00:10:01.465	0.60107	0.60197			6
2026.02.09	00:10:01.773	0.60119	0.60220			6
2026.02.09	00:10:48.194	0.60118	0.60221			6
2026.02.09	00:11:00.093	0.60118				2
2026.02.09	00:11:01.699	0.60129	0.60207			6
2026.02.09	00:11:27.139		0.60208			4
2026.02.09	00:11:27.442		0.60209			4
2026.02.09	00:11:28.401		0.60207			4
2026.02.09	00:11:30.700		0.60208			4
2026.02.09	00:11:55.193		0.60207			4
2026.02.09	00:12:00.008	0.60129				2
2026.02.09	00:12:07.331		0.60208			4
2026.02.09	00:12:13.446	0.60109	0.60206			6
2026.02.09	00:12:27.299		0.60207			4
2026.02.09	00:12:43.105		0.60203			4
2026.02.09	00:12:43.408	0.60108				2
2026.02.09	00:12:47.258	0.60119	0.60229			6
2026.02.09	00:12:48.229		0.60203			4
2026.02.09	00:12:48.551		0.60225			4
2026.02.09	00:13:00.122	0.60119				2
2026.02.09	00:13:13.024		0.60226			4
2026.02.09	00:13:30.431	0.60123	0.60235			6
2026.02.09	00:13:43.885	0.60119	0.60223			6
2026.02.09	00:13:59.940		0.60222			4
2026.02.09	00:14:00.291	0.60119				2
2026.02.09	00:14:23.678		0.60223			4
2026.02.09	00:14:26.891		0.60222			4
2026.02.09	00:14:39.740	0.60120	0.60219			6
2026.02.09	00:14:40.043	0.60123	0.60235			6
2026.02.09	00:14:56.148		0.60234			4
2026.02.09	00:15:00.012	0.60123				2
2026.02.09	00:15:01.619		0.60235			4
2026.02.09	00:15:02.886	0.60121	0.60221			6
2026.02.09	00:15:03.825	0.60123	0.60219			6
2026.02.09	00:15:04.130	0.60121	0.60221			6
2026.02.09	00:15:13.160		0.60230			4
2026.02.09	00:15:13.464	0.60124	0.60236			6
2026.02.09	00:15:20.237		0.60229			4
2026.02.09	00:15:21.542	0.60120	0.60219			6
2026.02.09	00:15:22.494	0.60125	0.60229			6
2026.02.09	00:15:23.749	0.60124				2
2026.02.09	00:15:25.008	0.60125				2
2026.02.09	00:15:25.626	0.60112	0.60201			6
2026.02.09	00:15:25.937	0.60119	0.60229			6
2026.02.09	00:15:26.563		0.60222			4
2026.02.09	00:15:27.214		0.60223			4
2026.02.09	00:15:35.644	0.60112	0.60215			6
2026.02.09	00:15:35.948	0.60125	0.60228			6
2026.02.09	00:15:36.251	0.60119				2
2026.02.09	00:15:36.554		0.60223			4
2026.02.09	00:15:38.506		0.60211			4
2026.02.09	00:15:40.113		0.60203			4
2026.02.09	00:15:42.066		0.60222			4
2026.02.09	00:15:42.368	0.60111	0.60216			6
2026.02.09	00:15:43.327	0.60119	0.60214			6
2026.02.09	00:15:45.880		0.60200			4
2026.02.09	00:15:46.183	0.60123				2
2026.02.09	00:15:49.441		0.60225			4
2026.02.09	00:15:53.308		0.60200			4
2026.02.09	00:15:56.823		0.60225			4
2026.02.09	00:16:00.034	0.60123				2
2026.02.09	00:16:00.687		0.60200			4
2026.02.09	00:16:00.991		0.60215			4
2026.02.09	00:16:01.340		0.60213			4
2026.02.09	00:16:02.260	0.60125				2
2026.02.09	00:16:04.204		0.60234			4
2026.02.09	00:16:06.813		0.60231			4
2026.02.09	00:16:07.418	0.60119	0.60228			6
2026.02.09	00:16:08.106	0.60125				2
2026.02.09	00:16:14.846		0.60226			4
2026.02.09	00:16:15.494		0.60225			4
2026.02.09	00:16:18.058	0.60123				2
2026.02.09	00:16:31.555		0.60235			4
2026.02.09	00:16:33.462		0.60231			4
2026.02.09	00:16:33.765		0.60228			4
2026.02.09	00:16:34.069		0.60226			4
2026.02.09	00:16:35.971		0.60230			4
2026.02.09	00:16:36.281	0.60119	0.60216			6
2026.02.09	00:16:36.901	0.60112				2
2026.02.09	00:16:37.226		0.60214			4
2026.02.09	00:16:43.349	0.60111				2
2026.02.09	00:16:45.911	0.60113				2
2026.02.09	00:16:46.213	0.60123				2
2026.02.09	00:16:47.474	0.60119				2
2026.02.09	00:16:47.779	0.60111				2
2026.02.09	00:16:51.978	0.60115				2
2026.02.09	00:16:57.099	0.60111				2
2026.02.09	00:16:57.403	0.60117				2
2026.02.09	00:17:00.009	0.60117				2
2026.02.09	00:17:00.966	0.60123				2
2026.02.09	00:17:06.740	0.60117				2
2026.02.09	00:17:11.562	0.60123				2
2026.02.09	00:17:16.039	0.60117				2
2026.02.09	00:17:37.413		0.60214			4
2026.02.09	00:17:46.392		0.60227			4
2026.02.09	00:18:00.292	0.60117				2
2026.02.09	00:18:07.672		0.60223			4
2026.02.09	00:18:07.977	0.60123	0.60227			6
2026.02.09	00:18:10.537	0.60117				2
2026.02.09	00:18:13.449	0.60123				2
2026.02.09	00:18:14.100	0.60124				2
2026.02.09	00:18:15.052	0.60125				2
2026.02.09	00:18:18.915	0.60124				2
2026.02.09	00:18:20.521	0.60123				2
2026.02.09	00:18:28.247		0.60228			4
2026.02.09	00:18:29.200		0.60229			4
2026.02.09	00:18:31.758	0.60117	0.60228			6
2026.02.09	00:18:33.364	0.60123	0.60229			6
2026.02.09	00:18:36.879		0.60231			4
2026.02.09	00:18:41.043	0.60117	0.60223			6
2026.02.09	00:18:42.996	0.60123	0.60231			6
2026.02.09	00:18:55.547		0.60235			4
2026.02.09	00:18:57.803	0.60124	0.60236			6
2026.02.09	00:18:58.456		0.60235			4
2026.02.09	00:18:58.758	0.60117	0.60229			6
2026.02.09	00:18:59.064	0.60125	0.60236			6
2026.02.09	00:19:00.060	0.60125				2
2026.02.09	00:19:01.015		0.60235			4
2026.02.09	00:19:16.123		0.60237			4
2026.02.09	00:19:28.969	0.60113	0.60219			6
2026.02.09	00:19:33.134		0.60225			4
2026.02.09	00:19:43.120		0.60220			4
2026.02.09	00:20:00.182	0.60113	0.60219			6
2026.02.09	00:20:03.093		0.60218			4
2026.02.09	00:20:05.699		0.60219			4
2026.02.09	00:20:43.230		0.60218			4
2026.02.09	00:20:47.443		0.60216			4
2026.02.09	00:20:48.094		0.60221			4
2026.02.09	00:20:49.353		0.60219			4
2026.02.09	00:20:52.260		0.60218			4
2026.02.09	00:20:56.427		0.60225			4
2026.02.09	00:21:00.290	0.60113				2
2026.02.09	00:21:01.246		0.60222			4
2026.02.09	00:21:01.897		0.60221			4
2026.02.09	00:21:04.152		0.60225			4
2026.02.09	00:21:50.044		0.60223			4
2026.02.09	00:21:51.983	0.60129	0.60241			6
2026.02.09	00:21:52.289	0.60137				2
2026.02.09	00:21:52.922		0.60243			4
2026.02.09	00:21:53.235		0.60245			4
2026.02.09	00:21:53.539		0.60241			4
2026.02.09	00:22:00.309	0.60137				2
2026.02.09	00:22:03.516		0.60243			4
2026.02.09	00:22:04.214		0.60241			4
2026.02.09	00:22:14.152		0.60245			4
2026.02.09	00:22:19.270	0.60150				2
2026.02.09	00:22:25.432	0.60147				2
2026.02.09	00:22:26.039	0.60127	0.60239			6
2026.02.09	00:22:54.325	0.60131	0.60234			6
2026.02.09	00:22:55.281	0.60132				2
2026.02.09	00:22:57.233	0.60134	0.60232			6
2026.02.09	00:22:57.537	0.60127	0.60239			6
2026.02.09	00:23:00.096	0.60127				2
2026.02.09	00:23:02.355	0.60136	0.60230			6
2026.02.09	00:23:04.265	0.60133	0.60233			6
2026.02.09	00:23:06.523		0.60232			4
2026.02.09	00:23:12.949	0.60129	0.60239			6
2026.02.09	00:23:13.261	0.60128	0.60238			6
2026.02.09	00:23:13.599	0.60127	0.60239			6
2026.02.09	00:23:57.407		0.60238			4
2026.02.09	00:24:00.272	0.60127				2
2026.02.09	00:24:06.743	0.60133				2
2026.02.09	00:24:16.384	0.60141				2
2026.02.09	00:24:16.691		0.60240			4
2026.02.09	00:24:17.683	0.60153	0.60238			6
2026.02.09	00:24:29.227	0.60152	0.60210			6
2026.02.09	00:24:29.529	0.60149				2
2026.02.09	00:24:30.153	0.60146				2
2026.02.09	00:24:33.896	0.60145				2
2026.02.09	00:24:36.679	0.60128	0.60201			6
2026.02.09	00:24:36.981		0.60210			4
2026.02.09	00:24:52.231	0.60145				2
2026.02.09	00:25:00.310	0.60145				2
2026.02.09	00:25:08.390		0.60201			4
2026.02.09	00:25:10.251	0.60149				2
2026.02.09	00:25:10.559	0.60133				2
2026.02.09	00:25:10.886	0.60147				2
2026.02.09	00:25:12.440	0.60163				2
2026.02.09	00:25:17.412	0.60166				2
2026.02.09	00:25:19.894	0.60151				2
2026.02.09	00:25:20.197	0.60152				2
2026.02.09	00:25:20.501	0.60126				2
2026.02.09	00:25:31.715	0.60140				2
2026.02.09	00:25:47.624	0.60142				2
2026.02.09	00:25:50.437	0.60141				2
2026.02.09	00:25:56.908		0.60203			4
2026.02.09	00:26:00.164	0.60141				2
2026.02.09	00:26:00.825	0.60142				2
2026.02.09	00:26:08.543		0.60198			4
2026.02.09	00:26:14.964	0.60125				2
2026.02.09	00:26:38.196		0.60199			4
2026.02.09	00:26:53.908	0.60145				2
2026.02.09	00:27:00.030	0.60145				2
2026.02.09	00:27:08.361	0.60146	0.60197			6
2026.02.09	00:27:33.102	0.60148				2
2026.02.09	00:27:35.661	0.60149				2
2026.02.09	00:27:46.893	0.60150				2
2026.02.09	00:27:58.427	0.60129				2
2026.02.09	00:27:59.684	0.60145				2
2026.02.09	00:28:00.034	0.60145				2
2026.02.09	00:28:01.641	0.60142				2
2026.02.09	00:28:03.947		0.60198			4
2026.02.09	00:28:04.249	0.60138				2
2026.02.09	00:28:24.569	0.60122				2
2026.02.09	00:28:36.160		0.60200			4
2026.02.09	00:28:36.811	0.60121				2
2026.02.09	00:29:00.256	0.60121				2
2026.02.09	00:29:04.163	0.60143	0.60198			6
2026.02.09	00:29:12.845	0.60144				2
2026.02.09	00:29:37.237		0.60200			4
2026.02.09	00:29:41.759	0.60145				2
2026.02.09	00:30:00.170	0.60146				2
2026.02.09	00:30:04.782	0.60152				2
2026.02.09	00:30:13.113	0.60142				2
2026.02.09	00:30:17.323	0.60143				2
2026.02.09	00:30:19.234	0.60133	0.60197			6
2026.02.09	00:30:20.838		0.60196			4
2026.02.09	00:30:22.445		0.60197			4
2026.02.09	00:30:32.078		0.60196			4
2026.02.09	00:30:42.664		0.60195			4
2026.02.09	00:30:51.647		0.60196			4
2026.02.09	00:30:58.718		0.60195			4
2026.02.09	00:31:00.022	0.60133				2
2026.02.09	00:31:04.190		0.60198			4
2026.02.09	00:31:07.750		0.60195			4
2026.02.09	00:31:32.843		0.60193			4
2026.02.09	00:31:46.946		0.60195			4
2026.02.09	00:31:48.250		0.60193			4
2026.02.09	00:31:50.809		0.60192			4
2026.02.09	00:31:54.672		0.60193			4
2026.02.09	00:31:59.793		0.60194			4
2026.02.09	00:32:00.141	0.60133				2
2026.02.09	00:32:05.414	0.60154	0.60200			6
2026.02.09	00:32:10.578	0.60155				2
2026.02.09	00:32:12.185	0.60150				2
2026.02.09	00:32:28.848	0.60145				2
2026.02.09	00:32:38.577	0.60146				2
2026.02.09	00:32:41.794	0.60145				2
2026.02.09	00:32:47.567	0.60146				2
2026.02.09	00:32:55.596	0.60145				2
2026.02.09	00:32:57.505	0.60146				2
2026.02.09	00:33:00.063	0.60146				2
2026.02.09	00:33:05.226	0.60142	0.60199			6
2026.02.09	00:33:05.530	0.60130	0.60191			6
2026.02.09	00:33:14.822	0.60142	0.60195			6
2026.02.09	00:33:20.295	0.60139	0.60196			6
2026.02.09	00:33:30.308	0.60140				2
2026.02.09	00:33:39.635	0.60139				2
2026.02.09	00:33:48.273	0.60140				2
2026.02.09	00:33:52.137		0.60197			4
2026.02.09	00:33:53.136	0.60142				2
2026.02.09	00:33:54.742	0.60143				2
2026.02.09	00:33:58.563	0.60148	0.60192			6
2026.02.09	00:33:59.221	0.60149	0.60191			6
2026.02.09	00:34:00.168	0.60149				2
2026.02.09	00:34:09.158		0.60190			4
2026.02.09	00:34:26.222	0.60132	0.60189			6
2026.02.09	00:34:27.527	0.60143				2
2026.02.09	00:34:32.693		0.60187			4
2026.02.09	00:34:33.000	0.60148	0.60188			6
2026.02.09	00:34:34.300		0.60189			4
2026.02.09	00:34:38.118	0.60146	0.60193			6
2026.02.09	00:34:46.847		0.60194			4
2026.02.09	00:35:00.038	0.60146				2
2026.02.09	00:35:15.448		0.60193			4
2026.02.09	00:35:16.094		0.60192			4
2026.02.09	00:35:18.609		0.60194			4
2026.02.09	00:35:31.154	0.60141	0.60189			6
2026.02.09	00:35:33.367	0.60138				2
2026.02.09	00:36:00.118	0.60138				2
2026.02.09	00:36:31.199		0.60188			4
2026.02.09	00:36:31.504	0.60139				2
2026.02.09	00:36:31.823	0.60136				2
2026.02.09	00:36:32.151	0.60138				2
2026.02.09	00:36:32.452	0.60137				2
2026.02.09	00:36:32.757	0.60136				2
2026.02.09	00:36:34.677	0.60137				2
2026.02.09	00:36:35.016	0.60136				2
2026.02.09	00:36:38.229	0.60137				2
2026.02.09	00:36:38.563	0.60139				2
2026.02.09	00:36:38.870	0.60136				2
2026.02.09	00:36:39.831	0.60138				2
2026.02.09	00:36:40.786	0.60136				2
2026.02.09	00:36:43.042	0.60137				2
2026.02.09	00:36:43.388	0.60136				2
2026.02.09	00:36:47.143	0.60137				2
2026.02.09	00:36:47.452	0.60136				2
2026.02.09	00:36:47.754	0.60137				2
2026.02.09	00:36:48.381	0.60136				2
2026.02.09	00:36:48.714	0.60137				2
2026.02.09	00:36:49.337	0.60136				2
2026.02.09	00:36:52.230	0.60137				2
2026.02.09	00:36:53.159	0.60136				2
2026.02.09	00:36:53.776	0.60137				2
2026.02.09	00:36:54.082	0.60136				2
2026.02.09	00:36:55.002	0.60137				2
2026.02.09	00:36:55.312	0.60136				2
2026.02.09	00:36:57.861	0.60137				2
2026.02.09	00:36:58.173	0.60136				2
2026.02.09	00:36:58.510	0.60137				2
2026.02.09	00:36:58.853	0.60136				2
2026.02.09	00:36:59.470	0.60137				2
2026.02.09	00:36:59.807	0.60136				2
2026.02.09	00:37:00.111	0.60136				2
2026.02.09	00:37:10.148	0.60137				2
2026.02.09	00:37:10.453	0.60136	0.60187			6
2026.02.09	00:37:11.753	0.60137				2
2026.02.09	00:37:12.057	0.60136				2
2026.02.09	00:37:13.344	0.60137				2
2026.02.09	00:37:13.964	0.60136				2
2026.02.09	00:37:14.304	0.60137				2
2026.02.09	00:37:14.927	0.60136	0.60188			6
2026.02.09	00:37:15.552		0.60187			4
2026.02.09	00:37:17.426	0.60137				2
2026.02.09	00:37:18.039	0.60136				2
2026.02.09	00:37:18.374	0.60137				2
2026.02.09	00:37:18.985	0.60136				2
2026.02.09	00:37:19.596	0.60137				2
2026.02.09	00:37:19.931	0.60136				2
2026.02.09	00:37:21.168	0.60137				2
2026.02.09	00:37:21.470	0.60136				2
2026.02.09	00:37:24.701	0.60137				2
2026.02.09	00:37:25.611	0.60138				2
2026.02.09	00:37:25.912	0.60136				2
2026.02.09	00:37:26.215	0.60137				2
2026.02.09	00:37:26.519	0.60136				2
2026.02.09	00:37:26.820	0.60137				2
2026.02.09	00:37:27.122	0.60136				2
2026.02.09	00:37:28.423	0.60137				2
2026.02.09	00:37:28.725	0.60136				2
2026.02.09	00:37:29.357	0.60137				2
2026.02.09	00:37:29.682	0.60136				2
2026.02.09	00:38:00.091	0.60136				2
2026.02.09	00:38:12.281	0.60134				2
2026.02.09	00:38:12.629	0.60135				2
2026.02.09	00:38:12.933	0.60136				2
2026.02.09	00:38:15.841		0.60187			4
2026.02.09	00:38:20.617	0.60138	0.60196			6
2026.02.09	00:38:21.613		0.60195			4
2026.02.09	00:38:22.263		0.60194			4
2026.02.09	00:38:31.243	0.60137				2
2026.02.09	00:38:32.501	0.60105	0.60192			6
2026.02.09	00:38:36.010	0.60108	0.60191			6
2026.02.09	00:38:37.920	0.60106	0.60173			6
2026.02.09	00:39:00.197	0.60106				2
2026.02.09	00:39:29.107	0.60111	0.60185			6
2026.02.09	00:39:33.974		0.60173			4
2026.02.09	00:39:34.275		0.60185			4
2026.02.09	00:39:37.837		0.60183			4
2026.02.09	00:39:43.610	0.60114	0.60182			6
2026.02.09	00:39:44.232	0.60115	0.60180			6
2026.02.09	00:39:44.534		0.60181			4
2026.02.09	00:39:45.493		0.60180			4
2026.02.09	00:39:50.162	0.60112	0.60183			6
2026.02.09	00:39:51.742	0.60111				2
2026.02.09	00:39:58.820	0.60115	0.60179			6
2026.02.09	00:40:00.075	0.60115				2
2026.02.09	00:40:00.425	0.60114				2
2026.02.09	00:40:19.997	0.60116				2
2026.02.09	00:40:20.651	0.60117				2
2026.02.09	00:40:23.210	0.60114				2
2026.02.09	00:40:24.164	0.60115				2
2026.02.09	00:40:24.477	0.60118	0.60178			6
2026.02.09	00:40:29.634	0.60117				2
2026.02.09	00:40:29.948	0.60104				2
2026.02.09	00:40:30.286		0.60179			4
2026.02.09	00:40:30.594		0.60178			4
2026.02.09	00:40:31.240		0.60179			4
2026.02.09	00:40:38.008		0.60178			4
2026.02.09	00:41:00.187	0.60104				2
2026.02.09	00:41:24.927		0.60177			4
2026.02.09	00:41:29.096		0.60176			4
2026.02.09	00:41:31.749		0.60177			4
2026.02.09	00:41:46.505		0.60176			4
2026.02.09	00:41:55.187		0.60177			4
2026.02.09	00:42:00.303	0.60104				2
2026.02.09	00:42:13.207		0.60178			4
2026.02.09	00:42:37.340	0.60101				2
2026.02.09	00:42:39.946	0.60098				2
2026.02.09	00:43:00.221	0.60098				2
2026.02.09	00:43:10.513	0.60125	0.60182			6
2026.02.09	00:43:10.816	0.60124				2
2026.02.09	00:43:11.744	0.60125				2
2026.02.09	00:43:12.994		0.60178			4
2026.02.09	00:43:26.380	0.60124				2
2026.02.09	00:43:27.939	0.60125				2
2026.02.09	00:43:28.884	0.60124				2
2026.02.09	00:43:29.186	0.60125				2
2026.02.09	00:43:29.495		0.60181			4
2026.02.09	00:43:30.413	0.60124				2
2026.02.09	00:43:36.984	0.60105	0.60179			6
2026.02.09	00:44:00.171	0.60105				2
2026.02.09	00:44:36.828	0.60121				2
2026.02.09	00:44:37.174		0.60179			4
2026.02.09	00:44:37.477	0.60103				2
2026.02.09	00:45:00.266	0.60103				2
2026.02.09	00:45:09.250	0.60086	0.60180			6
2026.02.09	00:45:09.598	0.60103	0.60179			6
2026.02.09	00:45:12.951	0.60086	0.60180			6
2026.02.09	00:45:36.705		0.60179			4
2026.02.09	00:45:40.527	0.60087	0.60178			6
2026.02.09	00:45:40.872	0.60086	0.60180			6
2026.02.09	00:45:46.952		0.60179			4
2026.02.09	00:45:47.608	0.60087	0.60178			6
2026.02.09	00:45:47.951		0.60179			4
2026.02.09	00:45:49.859		0.60175			4
2026.02.09	00:45:50.822		0.60176			4
2026.02.09	00:46:00.145	0.60087				2
2026.02.09	00:46:09.432	0.60088				2
2026.02.09	00:46:11.696		0.60177			4
2026.02.09	00:46:15.252	0.60086				2
2026.02.09	00:46:18.464	0.60088				2
2026.02.09	00:46:31.612		0.60178			4
2026.02.09	00:46:37.079	0.60120				2
2026.02.09	00:46:54.493		0.60179			4
2026.02.09	00:46:56.031	0.60119				2
2026.02.09	00:46:56.339	0.60087	0.60178			6
2026.02.09	00:46:57.616		0.60179			4
2026.02.09	00:47:00.217	0.60087				2
2026.02.09	00:47:03.083		0.60184			4
2026.02.09	00:47:06.616		0.60179			4
2026.02.09	00:47:15.284		0.60180			4
2026.02.09	00:47:19.795	0.60086				2
2026.02.09	00:47:24.618	0.60087				2
2026.02.09	00:47:38.842	0.60085	0.60179			6
2026.02.09	00:47:40.478		0.60180			4
2026.02.09	00:47:43.734	0.60087	0.60179			6
2026.02.09	00:47:54.625		0.60180			4
2026.02.09	00:47:56.233	0.60128	0.60181			6
2026.02.09	00:48:07.020	0.60129	0.60180			6
2026.02.09	00:49:02.207	0.60129				2
2026.02.09	00:49:07.124	0.60087	0.60180			6
2026.02.09	00:50:00.140	0.60087				2
2026.02.09	00:50:06.916	0.60118				2
2026.02.09	00:50:07.217	0.60087	0.60180			6
2026.02.09	00:50:51.991	0.60128	0.60179			6
2026.02.09	00:51:02.856	0.60129				2
2026.02.09	00:51:10.086		0.60177			4
2026.02.09	00:51:35.509	0.60142	0.60181			6
2026.02.09	00:51:44.590	0.60141				2
2026.02.09	00:51:53.593	0.60142				2
2026.02.09	00:51:55.550		0.60177			4
2026.02.09	00:51:57.512	0.60143	0.60205			6
2026.02.09	00:51:58.015		0.60177			4
2026.02.09	00:51:58.518	0.60144	0.60204			6
2026.02.09	00:51:59.012	0.60143	0.60177			6
2026.02.09	00:51:59.332	0.60144	0.60203			6
2026.02.09	00:52:00.012	0.60143	0.60176			6
2026.02.09	00:52:00.514	0.60144	0.60203			6
2026.02.09	00:52:01.014		0.60176			4
2026.02.09	00:52:01.511		0.60213			4
2026.02.09	00:52:01.839		0.60178			4
2026.02.09	00:52:02.336		0.60203			4
2026.02.09	00:52:02.894	0.60143	0.60178			6
2026.02.09	00:52:03.338	0.60144	0.60213			6
2026.02.09	00:52:03.838		0.60177			4
2026.02.09	00:52:04.338	0.60145	0.60203			6
2026.02.09	00:52:05.017	0.60143	0.60176			6
2026.02.09	00:52:05.519	0.60145	0.60203			6
2026.02.09	00:52:06.014	0.60143	0.60176			6
2026.02.09	00:52:06.399	0.60145	0.60203			6
2026.02.09	00:52:06.841	0.60144	0.60176			6
2026.02.09	00:52:07.512	0.60145	0.60212			6
2026.02.09	00:52:08.297	0.60146	0.60211			6
2026.02.09	00:52:10.576	0.60145	0.60178			6
2026.02.09	00:52:11.250	0.60144				2
2026.02.09	00:52:13.671	0.60143				2
2026.02.09	00:52:15.793	0.60144				2
2026.02.09	00:52:21.301	0.60143				2
2026.02.09	00:52:25.155	0.60144				2
2026.02.09	00:52:26.204	0.60143				2
2026.02.09	00:52:33.493	0.60144				2
2026.02.09	00:52:38.983	0.60123	0.60231			6
2026.02.09	00:52:39.290	0.60127	0.60239			6
2026.02.09	00:52:41.572	0.60125	0.60237			6
2026.02.09	00:52:42.528	0.60134	0.60245			6
2026.02.09	00:52:43.581	0.60135	0.60244			6
2026.02.09	00:52:44.893	0.60136	0.60243			6
2026.02.09	00:52:46.907	0.60140	0.60239			6
2026.02.09	00:52:48.194	0.60141	0.60238			6
2026.02.09	00:52:52.094	0.60113	0.60225			6
2026.02.09	00:52:57.579	0.60115	0.60227			6
2026.02.09	00:53:00.140	0.60115				2
2026.02.09	00:53:10.431	0.60123	0.60214			6
2026.02.09	00:53:10.734	0.60138	0.60216			6
2026.02.09	00:53:11.038	0.60145	0.60194			6
2026.02.09	00:53:11.347		0.60216			4
2026.02.09	00:53:12.495	0.60144	0.60203			6
2026.02.09	00:53:15.193	0.60145				2
2026.02.09	00:53:16.393	0.60144				2
2026.02.09	00:53:17.057	0.60145	0.60215			6
2026.02.09	00:53:18.494	0.60146				2
2026.02.09	00:53:19.073	0.60147	0.60214			6
2026.02.09	00:53:21.195	0.60146				2
2026.02.09	00:53:25.093	0.60147				2
2026.02.09	00:53:27.453	0.60150	0.60211			6
2026.02.09	00:53:30.780	0.60135	0.60215			6
2026.02.09	00:53:31.102	0.60132	0.60229			6
2026.02.09	00:53:32.297		0.60228			4
2026.02.09	00:53:33.024		0.60229			4
2026.02.09	00:53:33.333		0.60230			4
2026.02.09	00:53:33.639		0.60229			4
2026.02.09	00:53:36.796	0.60131	0.60230			6
2026.02.09	00:53:40.957	0.60127	0.60239			6
2026.02.09	00:53:45.810	0.60117	0.60229			6
2026.02.09	00:53:46.114	0.60109	0.60221			6
2026.02.09	00:53:46.460	0.60125	0.60237			6
2026.02.09	00:53:46.764	0.60132	0.60243			6
2026.02.09	00:53:47.720		0.60244			4
2026.02.09	00:53:48.676	0.60133				2
2026.02.09	00:53:51.582	0.60122	0.60233			6
2026.02.09	00:53:51.885	0.60127	0.60239			6
2026.02.09	00:53:53.537		0.60238			4
2026.02.09	00:54:00.266	0.60127	0.60239			6
2026.02.09	00:54:01.219		0.60238			4
2026.02.09	00:54:01.867		0.60237			4
2026.02.09	00:54:04.432	0.60129	0.60230			6
2026.02.09	00:54:06.804	0.60128				2
2026.02.09	00:54:07.107		0.60231			4
2026.02.09	00:54:10.080	0.60127	0.60232			6
2026.02.09	00:54:14.480	0.60126	0.60233			6
2026.02.09	00:54:14.902	0.60127	0.60234			6
2026.02.09	00:54:17.626	0.60126				2
2026.02.09	00:54:19.076		0.60235			4
2026.02.09	00:54:20.695	0.60125				2
2026.02.09	00:54:20.998	0.60126				2
2026.02.09	00:54:22.291	0.60127				2
2026.02.09	00:54:22.639		0.60236			4
2026.02.09	00:54:23.896	0.60126				2
2026.02.09	00:54:28.058	0.60099	0.60211			6
2026.02.09	00:54:29.665	0.60124	0.60232			6
2026.02.09	00:54:30.010	0.60125	0.60235			6
2026.02.09	00:54:30.661		0.60234			4
2026.02.09	00:54:31.809	0.60126	0.60233			6
2026.02.09	00:54:32.720	0.60124	0.60234			6
2026.02.09	00:54:34.676	0.60123				2
2026.02.09	00:54:34.979	0.60124	0.60232			6
2026.02.09	00:54:44.257		0.60233			4
2026.02.09	00:54:48.431	0.60123	0.60234			6
2026.02.09	00:54:48.732		0.60235			4
2026.02.09	00:54:49.993	0.60124				2
2026.02.09	00:54:51.294		0.60233			4
2026.02.09	00:54:51.628	0.60123	0.60234			6
2026.02.09	00:54:51.947		0.60232			4
2026.02.09	00:54:52.597		0.60234			4
2026.02.09	00:54:58.062		0.60232			4
2026.02.09	00:54:58.666		0.60233			4
2026.02.09	00:55:00.320	0.60127	0.60238			6
2026.02.09	00:55:02.882	0.60125	0.60237			6
2026.02.09	00:55:03.186	0.60126	0.60238			6
2026.02.09	00:55:06.398	0.60125	0.60237			6
2026.02.09	00:55:09.610	0.60126	0.60231			6
2026.02.09	00:55:09.958	0.60127	0.60239			6
2026.02.09	00:55:13.171	0.60128				2
2026.02.09	00:55:13.844	0.60130				2
2026.02.09	00:55:18.683	0.60132	0.60237			6
2026.02.09	00:55:21.193	0.60133	0.60236			6
2026.02.09	00:55:27.795	0.60134	0.60235			6
2026.02.09	00:55:29.895	0.60133	0.60236			6
2026.02.09	00:55:32.293	0.60134	0.60235			6
2026.02.09	00:55:33.452	0.60135	0.60234			6
2026.02.09	00:55:37.080	0.60119	0.60231			6
2026.02.09	00:55:43.837	0.60137	0.60232			6
2026.02.09	00:55:52.394	0.60138	0.60231			6
2026.02.09	00:55:56.364		0.60223			4
2026.02.09	00:55:57.727	0.60115				2
2026.02.09	00:56:00.000	0.60115				2
2026.02.09	00:56:07.069	0.60140				2
2026.02.09	00:56:08.594	0.60141				2
2026.02.09	00:56:11.203	0.60125	0.60224			6
2026.02.09	00:56:17.002	0.60141				2
2026.02.09	00:56:19.995	0.60142				2
2026.02.09	00:56:24.553	0.60143				2
2026.02.09	00:56:25.037	0.60145				2
2026.02.09	00:56:26.293	0.60146	0.60223			6
2026.02.09	00:56:26.635	0.60143	0.60224			6
2026.02.09	00:56:27.086	0.60115				2
2026.02.09	00:56:37.984		0.60223			4
2026.02.09	00:56:56.303	0.60114	0.60220			6
2026.02.09	00:56:59.166	0.60152	0.60217			6
2026.02.09	00:57:00.193	0.60150	0.60219			6
2026.02.09	00:57:00.558	0.60141	0.60228			6
2026.02.09	00:57:01.086	0.60133	0.60236			6
2026.02.09	00:57:02.366	0.60134	0.60235			6
2026.02.09	00:57:03.143	0.60133	0.60236			6
2026.02.09	00:57:07.993	0.60132	0.60237			6
2026.02.09	00:57:08.596	0.60133	0.60236			6
2026.02.09	00:57:10.095	0.60132	0.60237			6
2026.02.09	00:57:12.541	0.60133	0.60236			6
2026.02.09	00:57:13.395	0.60134	0.60235			6
2026.02.09	00:57:14.593	0.60133	0.60236			6
2026.02.09	00:57:25.393	0.60132	0.60237			6
2026.02.09	00:57:30.406	0.60137	0.60232			6
2026.02.09	00:57:31.538	0.60133	0.60236			6
2026.02.09	00:57:32.131	0.60132	0.60237			6
2026.02.09	00:57:32.899	0.60130	0.60239			6
2026.02.09	00:57:34.694	0.60131	0.60238			6
2026.02.09	00:57:36.193	0.60130	0.60239			6
2026.02.09	00:57:36.503	0.60131	0.60238			6
2026.02.09	00:57:37.094	0.60130	0.60239			6
2026.02.09	00:57:37.938	0.60129	0.60241			6
2026.02.09	00:57:54.134		0.60240			4
2026.02.09	00:57:55.395		0.60241			4
2026.02.09	00:57:59.255	0.60119	0.60231			6
2026.02.09	00:58:00.254	0.60119				2
2026.02.09	00:58:29.920	0.60129	0.60241			6
2026.02.09	00:58:49.290	0.60119	0.60231			6
2026.02.09	00:58:56.975	0.60129	0.60241			6
2026.02.09	00:59:00.186	0.60129				2
2026.02.09	00:59:12.077	0.60119	0.60231			6
2026.02.09	00:59:17.246	0.60122				2
2026.02.09	00:59:17.547	0.60129	0.60241			6
2026.02.09	00:59:23.322	0.60119	0.60231			6
2026.02.09	00:59:59.657	0.60129	0.60241			6
2026.02.09	01:00:00.005	0.60129				2
2026.02.09	01:00:00.311	0.60131	0.60217			6
2026.02.09	01:00:00.786	0.60116	0.60202			6
2026.02.09	01:00:01.112	0.60117	0.60203			6
2026.02.09	01:00:01.462	0.60141	0.60227			6
2026.02.09	01:00:03.722	0.60140	0.60226			6
2026.02.09	01:00:04.025	0.60139	0.60225			6
2026.02.09	01:00:04.327	0.60141	0.60227			6
2026.02.09	01:00:06.586	0.60139	0.60225			6
2026.02.09	01:00:06.889	0.60140	0.60226			6
2026.02.09	01:00:07.237	0.60141	0.60227			6
2026.02.09	01:00:07.889	0.60140	0.60226			6
2026.02.09	01:00:08.194	0.60141	0.60227			6
2026.02.09	01:00:08.497	0.60139	0.60225			6
2026.02.09	01:00:09.146	0.60141	0.60227			6
2026.02.09	01:00:09.494	0.60139	0.60225			6
2026.02.09	01:00:10.102	0.60141	0.60227			6
2026.02.09	01:00:13.314	0.60135	0.60221			6
2026.02.09	01:00:13.663	0.60139	0.60225			6
2026.02.09	01:00:14.617	0.60140	0.60226			6
2026.02.09	01:00:14.967	0.60141	0.60227			6
2026.02.09	01:00:15.316	0.60139	0.60225			6
2026.02.09	01:00:26.860	0.60137	0.60223			6
2026.02.09	01:00:27.511	0.60138	0.60224			6
2026.02.09	01:00:27.815	0.60137	0.60223			6
2026.02.09	01:00:28.769	0.60139	0.60225			6
2026.02.09	01:00:29.417	0.60137	0.60223			6
2026.02.09	01:00:29.766	0.60138	0.60224			6
2026.02.09	01:00:30.069	0.60137	0.60223			6
2026.02.09	01:00:43.762	0.60135	0.60221			6
2026.02.09	01:00:51.481	0.60133	0.60219			6
2026.02.09	01:00:52.132	0.60134	0.60220			6
2026.02.09	01:00:52.437	0.60133	0.60219			6
2026.02.09	01:00:53.739	0.60135	0.60215			6
2026.02.09	01:00:54.043	0.60131				2
2026.02.09	01:00:55.045	0.60139	0.60206			6
2026.02.09	01:00:56.400	0.60142				2
2026.02.09	01:00:57.193	0.60135	0.60212			6
2026.02.09	01:00:57.551	0.60133	0.60203			6
2026.02.09	01:00:57.858	0.60130				2
2026.02.09	01:00:58.639	0.60131	0.60198			6
2026.02.09	01:00:59.468	0.60133	0.60205			6
2026.02.09	01:00:59.906	0.60181	0.60210			6
2026.02.09	01:01:00.210	0.60184	0.60208			6
2026.02.09	01:01:00.515	0.60180	0.60222			6
2026.02.09	01:01:01.165	0.60179	0.60221			6
2026.02.09	01:01:01.467	0.60180	0.60222			6
2026.02.09	01:01:02.417	0.60181	0.60221			6
2026.02.09	01:01:03.647		0.60220			4
2026.02.09	01:01:05.808	0.60184				2
2026.02.09	01:01:06.114	0.60186	0.60219			6
2026.02.09	01:01:06.433	0.60185	0.60227			6
2026.02.09	01:01:07.386		0.60225			4
2026.02.09	01:01:07.689		0.60227			4
2026.02.09	01:01:08.009	0.60184	0.60226			6
2026.02.09	01:01:08.310	0.60185				2
2026.02.09	01:01:09.867	0.60186	0.60218			6
2026.02.09	01:01:10.498	0.60184	0.60219			6
2026.02.09	01:01:11.422		0.60220			4
2026.02.09	01:01:11.724	0.60186				2
2026.02.09	01:01:13.271		0.60221			4
2026.02.09	01:01:14.815		0.60220			4
2026.02.09	01:01:15.768	0.60189	0.60221			6
2026.02.09	01:01:16.085	0.60188				2
2026.02.09	01:01:17.325	0.60189	0.60219			6
2026.02.09	01:01:17.641	0.60191				2
2026.02.09	01:01:18.273	0.60203	0.60220			6
2026.02.09	01:01:18.895	0.60214	0.60230			6
2026.02.09	01:01:19.223		0.60228			4
2026.02.09	01:01:19.848		0.60229			4
2026.02.09	01:01:20.151	0.60215				2
2026.02.09	01:01:21.405	0.60217	0.60220			6
2026.02.09	01:01:22.038	0.60218	0.60221			6
2026.02.09	01:01:22.342	0.60217	0.60220			6
2026.02.09	01:01:22.664	0.60216	0.60219			6
2026.02.09	01:01:27.371		0.60218			4
2026.02.09	01:01:27.676	0.60217	0.60219			6
2026.02.09	01:01:29.231	0.60216	0.60218			6
2026.02.09	01:01:30.187	0.60218	0.60219			6
2026.02.09	01:01:30.506	0.60223	0.60224			6
2026.02.09	01:01:30.820	0.60222				2
2026.02.09	01:01:31.121	0.60223	0.60226			6
2026.02.09	01:01:31.441	0.60222	0.60236			6
2026.02.09	01:01:33.000	0.60236	0.60237			6
2026.02.09	01:01:33.631		0.60239			4
2026.02.09	01:01:34.251		0.60240			4
2026.02.09	01:01:38.011		0.60239			4
2026.02.09	01:01:42.072		0.60238			4
2026.02.09	01:01:42.376		0.60239			4
2026.02.09	01:01:43.004	0.60237				2
2026.02.09	01:01:43.309		0.60238			4
2026.02.09	01:01:44.561		0.60239			4
2026.02.09	01:01:44.863	0.60238				2
2026.02.09	01:01:47.372	0.60239	0.60240			6
2026.02.09	01:01:47.674	0.60240	0.60241			6
2026.02.09	01:01:47.997	0.60238	0.60240			6
2026.02.09	01:01:48.627	0.60237	0.60239			6
2026.02.09	01:01:52.666	0.60238				2
2026.02.09	01:01:53.619		0.60240			4
2026.02.09	01:01:53.944	0.60239				2
2026.02.09	01:01:54.247		0.60241			4
2026.02.09	01:01:55.504	0.60241	0.60242			6
2026.02.09	01:01:55.806	0.60246	0.60247			6
2026.02.09	01:01:56.125	0.60247	0.60248			6
2026.02.09	01:01:56.762	0.60243	0.60245			6
2026.02.09	01:01:57.684		0.60244			4
2026.02.09	01:01:58.314	0.60242	0.60245			6
2026.02.09	01:02:00.189	0.60243				2
2026.02.09	01:02:01.144	0.60244	0.60246			6
2026.02.09	01:02:03.333	0.60245	0.60247			6
2026.02.09	01:02:03.636	0.60226	0.60245			6
2026.02.09	01:02:03.939	0.60225	0.60243			6
2026.02.09	01:02:04.560	0.60228	0.60232			6
2026.02.09	01:02:05.189	0.60227	0.60231			6
2026.02.09	01:02:05.495	0.60226	0.60230			6
2026.02.09	01:02:07.675	0.60227	0.60231			6
2026.02.09	01:02:08.004	0.60228	0.60232			6
2026.02.09	01:02:09.880	0.60224	0.60243			6
2026.02.09	01:02:10.181	0.60226	0.60245			6
2026.02.09	01:02:12.975	0.60228				2
2026.02.09	01:02:13.943		0.60244			4
2026.02.09	01:02:14.878	0.60230	0.60233			6
2026.02.09	01:02:15.181	0.60228	0.60230			6
2026.02.09	01:02:16.109	0.60227				2
2026.02.09	01:02:18.291	0.60228				2
2026.02.09	01:02:24.259		0.60229			4
2026.02.09	01:02:24.868	0.60227				2
2026.02.09	01:02:29.533	0.60228	0.60230			6
2026.02.09	01:02:30.157	0.60227	0.60229			6
2026.02.09	01:02:32.948	0.60228				2
2026.02.09	01:02:33.266		0.60230			4
2026.02.09	01:02:33.570		0.60229			4
2026.02.09	01:02:34.505	0.60230	0.60232			6
2026.02.09	01:02:34.823		0.60231			4
2026.02.09	01:02:35.777		0.60232			4
2026.02.09	01:02:40.446		0.60231			4
2026.02.09	01:02:42.303		0.60232			4
2026.02.09	01:02:42.609	0.60236	0.60238			6
2026.02.09	01:02:42.935	0.60237				2
2026.02.09	01:02:43.237	0.60236	0.60239			6
2026.02.09	01:02:45.096	0.60237				2
2026.02.09	01:02:48.207	0.60236	0.60238			6
2026.02.09	01:02:48.828	0.60237	0.60239			6
2026.02.09	01:02:50.385	0.60236	0.60238			6
2026.02.09	01:02:50.690	0.60237	0.60239			6
2026.02.09	01:03:00.017	0.60237	0.60238			6
2026.02.09	01:03:02.223	0.60238	0.60239			6
2026.02.09	01:03:02.855		0.60240			4
2026.02.09	01:03:07.826	0.60239	0.60241			6
2026.02.09	01:03:08.129	0.60240	0.60242			6
2026.02.09	01:03:18.720		0.60243			4
2026.02.09	01:03:19.669	0.60241	0.60244			6
2026.02.09	01:03:20.592		0.60243			4
2026.02.09	01:03:22.145	0.60248	0.60250			6
2026.02.09	01:03:22.453	0.60246	0.60248			6
2026.02.09	01:03:23.082	0.60247	0.60249			6
2026.02.09	01:03:23.386	0.60246	0.60250			6
2026.02.09	01:03:24.310	0.60247	0.60251			6
2026.02.09	01:03:25.245		0.60250			4
2026.02.09	01:03:25.896	0.60248	0.60251			6
2026.02.09	01:03:31.217	0.60247	0.60250			6
2026.02.09	01:03:33.393		0.60249			4
2026.02.09	01:03:34.328	0.60246				2
2026.02.09	01:03:35.254	0.60247				2
2026.02.09	01:03:51.519	0.60248	0.60250			6
2026.02.09	01:03:53.404	0.60247	0.60249			6
2026.02.09	01:03:53.709	0.60248	0.60250			6
2026.02.09	01:03:59.047	0.60247	0.60249			6
2026.02.09	01:04:00.287	0.60246	0.60248			6
2026.02.09	01:04:00.606	0.60248	0.60249			6
2026.02.09	01:04:00.914	0.60254	0.60255			6
2026.02.09	01:04:01.245		0.60256			4
2026.02.09	01:04:01.561	0.60250	0.60253			6
2026.02.09	01:04:02.195		0.60254			4
2026.02.09	01:04:04.052	0.60253	0.60255			6
2026.02.09	01:04:04.356	0.60248	0.60252			6
2026.02.09	01:04:04.674		0.60251			4
2026.02.09	01:04:06.216		0.60250			4
2026.02.09	01:04:06.534	0.60249				2
2026.02.09	01:04:09.324		0.60251			4
2026.02.09	01:04:13.390	0.60250				2
2026.02.09	01:04:14.341	0.60249				2
2026.02.09	01:04:14.643		0.60252			4
2026.02.09	01:04:14.945	0.60250				2
2026.02.09	01:04:15.264		0.60253			4
2026.02.09	01:04:15.572	0.60249	0.60252			6
2026.02.09	01:04:16.200	0.60250	0.60253			6
2026.02.09	01:04:17.458	0.60249	0.60252			6
2026.02.09	01:04:17.778	0.60250	0.60253			6
2026.02.09	01:04:19.034		0.60251			4
2026.02.09	01:04:20.938		0.60252			4
2026.02.09	01:04:21.872		0.60251			4
2026.02.09	01:04:23.732	0.60251	0.60252			6
2026.02.09	01:04:24.965	0.60250	0.60251			6
2026.02.09	01:04:28.422		0.60252			4
2026.02.09	01:04:29.051		0.60251			4
2026.02.09	01:04:31.561		0.60252			4
2026.02.09	01:04:33.420	0.60251				2
2026.02.09	01:04:34.046	0.60250				2
2026.02.09	01:04:40.617	0.60249	0.60251			6
2026.02.09	01:04:40.946	0.60250	0.60252			6
2026.02.09	01:04:42.205	0.60249	0.60251			6
2026.02.09	01:04:42.522	0.60250	0.60252			6
2026.02.09	01:04:44.063	0.60251	0.60253			6
2026.02.09	01:04:44.379	0.60253	0.60255			6
2026.02.09	01:04:45.316	0.60252	0.60256			6
2026.02.09	01:04:46.265		0.60255			4
2026.02.09	01:04:46.585	0.60253	0.60256			6
2026.02.09	01:04:48.136	0.60255	0.60257			6
2026.02.09	01:04:48.442	0.60254	0.60256			6
2026.02.09	01:04:49.694		0.60257			4
2026.02.09	01:04:53.109		0.60256			4
2026.02.09	01:04:53.422		0.60255			4
2026.02.09	01:04:58.777	0.60253	0.60254			6
2026.02.09	01:05:00.033	0.60253				2
2026.02.09	01:05:00.360	0.60247	0.60248			6
2026.02.09	01:05:00.665	0.60245	0.60246			6
2026.02.09	01:05:01.314		0.60247			4
2026.02.09	01:05:02.268		0.60246			4
2026.02.09	01:05:03.191	0.60241	0.60242			6
2026.02.09	01:05:08.810	0.60240	0.60241			6
2026.02.09	01:05:09.140	0.60241	0.60242			6
2026.02.09	01:05:09.444	0.60240				2
2026.02.09	01:05:09.761	0.60241				2
2026.02.09	01:05:12.871	0.60240				2
2026.02.09	01:05:13.174	0.60241				2
2026.02.09	01:05:15.664	0.60239	0.60240			6
2026.02.09	01:05:19.107	0.60237	0.60238			6
2026.02.09	01:05:19.426	0.60238	0.60239			6
2026.02.09	01:05:21.300	0.60240	0.60241			6
2026.02.09	01:05:22.853	0.60239	0.60240			6
2026.02.09	01:05:23.156	0.60238	0.60239			6
2026.02.09	01:05:23.486	0.60237	0.60238			6
2026.02.09	01:05:27.523	0.60236	0.60237			6
2026.02.09	01:05:28.155	0.60237	0.60238			6
2026.02.09	01:05:30.014	0.60238	0.60239			6
2026.02.09	01:05:30.318	0.60241	0.60242			6
2026.02.09	01:05:30.637	0.60240	0.60241			6
2026.02.09	01:05:31.590	0.60241	0.60242			6
2026.02.09	01:05:33.145	0.60240	0.60241			6
2026.02.09	01:05:38.113	0.60241	0.60242			6
2026.02.09	01:05:41.526	0.60240	0.60241			6
2026.02.09	01:05:47.125	0.60241	0.60242			6
2026.02.09	01:05:49.919	0.60250	0.60251			6
2026.02.09	01:05:50.541	0.60247	0.60248			6
2026.02.09	01:05:50.858	0.60246	0.60247			6
2026.02.09	01:05:53.798	0.60245	0.60246			6
2026.02.09	01:05:57.307	0.60246	0.60247			6
2026.02.09	01:05:57.612	0.60247	0.60248			6
2026.02.09	01:06:00.173	0.60247				2
2026.02.09	01:06:00.492	0.60248	0.60249			6
2026.02.09	01:06:00.795	0.60249	0.60250			6
2026.02.09	01:06:01.425	0.60245	0.60246			6
2026.02.09	01:06:02.046	0.60246	0.60247			6
2026.02.09	01:06:02.980	0.60245	0.60246			6
2026.02.09	01:06:06.447	0.60241	0.60242			6
2026.02.09	01:06:06.752	0.60240	0.60241			6
2026.02.09	01:06:13.168		0.60242			4
2026.02.09	01:06:14.425	0.60241				2
2026.02.09	01:06:15.677		0.60244			4
2026.02.09	01:06:15.981	0.60244	0.60246			6
2026.02.09	01:06:16.299	0.60245				2
2026.02.09	01:06:17.232	0.60244	0.60245			6
2026.02.09	01:06:19.446	0.60243	0.60244			6
2026.02.09	01:06:19.759	0.60239	0.60240			6
2026.02.09	01:06:20.096	0.60240	0.60241			6
2026.02.09	01:06:21.052	0.60239				2
2026.02.09	01:06:29.034		0.60240			4
2026.02.09	01:06:34.951	0.60236	0.60237			6
2026.02.09	01:06:36.178	0.60235	0.60236			6
2026.02.09	01:06:36.507	0.60234				2
2026.02.09	01:06:36.810		0.60235			4
2026.02.09	01:06:37.114	0.60235	0.60236			6
2026.02.09	01:06:40.620	0.60236	0.60239			6
2026.02.09	01:06:41.244	0.60235	0.60236			6
2026.02.09	01:06:41.548	0.60236	0.60239			6
2026.02.09	01:06:42.198	0.60235	0.60236			6
2026.02.09	01:06:43.133	0.60236	0.60239			6
2026.02.09	01:06:43.436		0.60238			4
2026.02.09	01:06:44.057	0.60235	0.60236			6
2026.02.09	01:06:45.615	0.60236	0.60238			6
2026.02.09	01:06:46.246	0.60235	0.60236			6
2026.02.09	01:06:48.726	0.60234	0.60235			6
2026.02.09	01:06:49.029	0.60235	0.60236			6
2026.02.09	01:06:59.006	0.60236	0.60237			6
2026.02.09	01:07:00.250	0.60236				2
2026.02.09	01:07:01.176	0.60235	0.60236			6
2026.02.09	01:07:10.199	0.60243	0.60244			6
2026.02.09	01:07:11.447	0.60248	0.60250			6
2026.02.09	01:07:11.772	0.60249				2
2026.02.09	01:07:18.824		0.60251			4
2026.02.09	01:07:19.139		0.60250			4
2026.02.09	01:07:20.127		0.60253			4
2026.02.09	01:07:21.084		0.60250			4
2026.02.09	01:07:23.992	0.60250	0.60251			6
2026.02.09	01:07:31.444	0.60251	0.60252			6
2026.02.09	01:07:33.934	0.60250	0.60251			6
2026.02.09	01:07:51.168	0.60249	0.60250			6
2026.02.09	01:08:00.192	0.60249				2
2026.02.09	01:08:01.751	0.60250	0.60251			6
2026.02.09	01:08:02.056	0.60251	0.60252			6
2026.02.09	01:08:03.917	0.60250	0.60251			6
2026.02.09	01:08:05.165	0.60249	0.60250			6
2026.02.09	01:08:19.551	0.60250	0.60251			6
2026.02.09	01:08:27.651	0.60245	0.60246			6
2026.02.09	01:08:27.954	0.60240	0.60241			6
2026.02.09	01:08:28.270	0.60239	0.60240			6
2026.02.09	01:08:29.236	0.60237	0.60238			6
2026.02.09	01:08:29.542	0.60235	0.60236			6
2026.02.09	01:08:30.190	0.60234	0.60235			6
2026.02.09	01:08:39.875		0.60238			4
2026.02.09	01:08:40.224	0.60235				2
2026.02.09	01:08:40.525	0.60234	0.60235			6
2026.02.09	01:08:40.829	0.60236	0.60237			6
2026.02.09	01:08:41.133	0.60235	0.60236			6
2026.02.09	01:08:41.439	0.60234	0.60235			6
2026.02.09	01:08:46.297	0.60235	0.60236			6
2026.02.09	01:08:46.646	0.60234	0.60235			6
2026.02.09	01:08:46.950	0.60237	0.60238			6
2026.02.09	01:08:47.254	0.60239	0.60240			6
2026.02.09	01:08:49.209	0.60241	0.60244			6
2026.02.09	01:08:49.511	0.60242	0.60245			6
2026.02.09	01:08:49.858	0.60243				2
2026.02.09	01:08:51.432		0.60246			4
2026.02.09	01:08:52.420	0.60244	0.60247			6
2026.02.09	01:08:52.724	0.60245				2
2026.02.09	01:08:56.337	0.60246				2
2026.02.09	01:09:00.124	0.60247	0.60248			6
2026.02.09	01:09:00.452	0.60246	0.60247			6
2026.02.09	01:09:01.074	0.60249	0.60250			6
2026.02.09	01:09:03.866	0.60248	0.60249			6
2026.02.09	01:09:04.788		0.60250			4
2026.02.09	01:09:05.098	0.60249	0.60251			6
2026.02.09	01:09:05.737		0.60250			4
2026.02.09	01:09:15.078	0.60248	0.60249			6
2026.02.09	01:09:21.299	0.60250	0.60251			6
2026.02.09	01:09:21.602	0.60249	0.60250			6
2026.02.09	01:09:24.714	0.60248	0.60249			6
2026.02.09	01:09:25.019	0.60247	0.60248			6
2026.02.09	01:09:26.269	0.60245	0.60246			6
2026.02.09	01:09:26.571	0.60241	0.60242			6
2026.02.09	01:09:26.889	0.60239	0.60240			6
2026.02.09	01:09:27.500	0.60238	0.60239			6
2026.02.09	01:09:27.804	0.60239	0.60240			6
2026.02.09	01:09:29.712	0.60240	0.60242			6
2026.02.09	01:09:30.709	0.60239	0.60240			6
2026.02.09	01:09:41.199	0.60240	0.60241			6
2026.02.09	01:09:41.503	0.60241	0.60242			6
2026.02.09	01:09:44.284	0.60242	0.60243			6
2026.02.09	01:09:44.915	0.60241	0.60242			6
2026.02.09	01:09:47.396	0.60242	0.60243			6
2026.02.09	01:09:47.724	0.60243	0.60244			6
2026.02.09	01:09:49.633	0.60242	0.60243			6
2026.02.09	01:09:49.937	0.60241	0.60242			6
2026.02.09	01:09:51.891		0.60243			4
2026.02.09	01:09:52.847		0.60242			4
2026.02.09	01:09:54.151	0.60242	0.60243			6
2026.02.09	01:09:54.773	0.60240	0.60241			6
2026.02.09	01:09:55.705	0.60236	0.60237			6
2026.02.09	01:09:56.008	0.60235	0.60236			6
2026.02.09	01:09:56.326	0.60234	0.60235			6
2026.02.09	01:09:57.307	0.60236	0.60237			6
2026.02.09	01:09:59.571		0.60238			4
2026.02.09	01:09:59.874	0.60237				2
2026.02.09	01:10:00.176	0.60237				2
2026.02.09	01:10:00.525	0.60235	0.60236			6
2026.02.09	01:10:00.826	0.60234	0.60235			6
2026.02.09	01:10:02.736	0.60233	0.60234			6
2026.02.09	01:10:04.042	0.60234	0.60235			6
2026.02.09	01:10:05.948	0.60235	0.60239			6
2026.02.09	01:10:06.599	0.60234	0.60235			6
2026.02.09	01:10:08.554	0.60233	0.60234			6
2026.02.09	01:10:08.858	0.60234	0.60235			6
2026.02.09	01:10:11.385	0.60235	0.60236			6
2026.02.09	01:10:15.130	0.60233	0.60234			6
2026.02.09	01:10:15.743	0.60236	0.60237			6
2026.02.09	01:10:16.654	0.60235	0.60236			6
2026.02.09	01:10:16.977	0.60237	0.60238			6
2026.02.09	01:10:20.999	0.60234	0.60235			6
2026.02.09	01:10:21.943	0.60233	0.60234			6
2026.02.09	01:10:22.856	0.60232	0.60233			6
2026.02.09	01:10:24.126	0.60230	0.60231			6
2026.02.09	01:10:26.617	0.60228	0.60229			6
2026.02.09	01:10:26.936	0.60229	0.60230			6
2026.02.09	01:10:27.238	0.60228	0.60229			6
2026.02.09	01:10:27.574	0.60227	0.60228			6
2026.02.09	01:10:27.921	0.60225	0.60226			6
2026.02.09	01:10:38.516	0.60226	0.60227			6
2026.02.09	01:10:46.600	0.60225	0.60226			6
2026.02.09	01:10:47.522	0.60224	0.60225			6
2026.02.09	01:10:48.155	0.60223	0.60224			6
2026.02.09	01:10:56.858	0.60222	0.60223			6
2026.02.09	01:11:00.101	0.60222				2
2026.02.09	01:11:01.707	0.60224	0.60225			6
2026.02.09	01:11:02.010	0.60222	0.60223			6
2026.02.09	01:11:06.878	0.60221	0.60222			6
2026.02.09	01:11:11.696	0.60222	0.60223			6
2026.02.09	01:11:12.044	0.60221	0.60222			6
2026.02.09	01:11:13.301	0.60222	0.60223			6
2026.02.09	01:11:19.120	0.60221	0.60222			6
2026.02.09	01:11:20.377	0.60226	0.60227			6
2026.02.09	01:11:20.680	0.60227	0.60228			6
2026.02.09	01:11:21.331	0.60226	0.60227			6
2026.02.09	01:11:21.680	0.60227	0.60228			6
2026.02.09	01:11:22.331	0.60226				2
2026.02.09	01:11:23.587	0.60227				2
2026.02.09	01:11:26.150	0.60226				2
2026.02.09	01:11:27.453	0.60227	0.60230			6
2026.02.09	01:11:30.012		0.60229			4
2026.02.09	01:11:30.664		0.60231			4
2026.02.09	01:11:30.969	0.60229				2
2026.02.09	01:11:31.967	0.60228	0.60229			6
2026.02.09	01:11:33.225	0.60229	0.60231			6
2026.02.09	01:11:37.690	0.60231	0.60232			6
2026.02.09	01:11:37.992	0.60232	0.60233			6
2026.02.09	01:11:39.852	0.60230	0.60232			6
2026.02.09	01:11:40.199	0.60229				2
2026.02.09	01:11:41.459	0.60228	0.60230			6
2026.02.09	01:11:42.109	0.60224	0.60225			6
2026.02.09	01:11:46.278		0.60227			4
2026.02.09	01:11:46.624	0.60225				2
2026.02.09	01:11:47.245	0.60228	0.60230			6
2026.02.09	01:11:48.231		0.60231			4
2026.02.09	01:11:48.534	0.60229				2
2026.02.09	01:11:51.747	0.60226	0.60230			6
2026.02.09	01:11:56.264		0.60229			4
2026.02.09	01:11:58.173	0.60227				2
2026.02.09	01:11:58.490	0.60226	0.60228			6
2026.02.09	01:12:00.046	0.60226				2
2026.02.09	01:12:00.652	0.60227	0.60229			6
2026.02.09	01:12:01.584	0.60228	0.60230			6
2026.02.09	01:12:01.902		0.60229			4
2026.02.09	01:12:03.140	0.60227	0.60228			6
2026.02.09	01:12:08.425		0.60229			4
2026.02.09	01:12:09.057	0.60229	0.60230			6
2026.02.09	01:12:09.360	0.60227	0.60229			6
2026.02.09	01:12:11.220	0.60226	0.60230			6
2026.02.09	01:12:13.172	0.60227				2
2026.02.09	01:12:14.428		0.60229			4
2026.02.09	01:12:17.256		0.60228			4
2026.02.09	01:12:17.560	0.60228	0.60230			6
2026.02.09	01:12:18.208		0.60229			4
2026.02.09	01:12:18.539	0.60227				2
2026.02.09	01:12:19.161	0.60228				2
2026.02.09	01:12:19.793		0.60230			4
2026.02.09	01:12:21.047	0.60227	0.60229			6
2026.02.09	01:12:22.305		0.60228			4
2026.02.09	01:12:24.179	0.60225	0.60227			6
2026.02.09	01:12:25.128	0.60224				2
2026.02.09	01:12:25.465	0.60225	0.60228			6
2026.02.09	01:12:26.116		0.60227			4
2026.02.09	01:12:29.536	0.60224	0.60226			6
2026.02.09	01:12:30.486	0.60225	0.60227			6
2026.02.09	01:12:32.017		0.60226			4
2026.02.09	01:12:34.202		0.60227			4
2026.02.09	01:12:34.824		0.60226			4
2026.02.09	01:12:35.456	0.60223	0.60225			6
2026.02.09	01:12:35.759	0.60219	0.60221			6
2026.02.09	01:12:36.063	0.60216	0.60218			6
2026.02.09	01:12:36.379	0.60218	0.60220			6
2026.02.09	01:12:37.313	0.60217	0.60221			6
2026.02.09	01:12:43.085	0.60215	0.60219			6
2026.02.09	01:12:45.644	0.60213	0.60217			6
2026.02.09	01:12:46.295	0.60214	0.60218			6
2026.02.09	01:12:46.599	0.60215	0.60219			6
2026.02.09	01:12:49.203		0.60218			4
2026.02.09	01:12:50.156	0.60216	0.60219			6
2026.02.09	01:12:51.411		0.60218			4
2026.02.09	01:12:53.284	0.60215	0.60217			6
2026.02.09	01:12:54.238	0.60214				2
2026.02.09	01:12:55.174		0.60216			4
2026.02.09	01:13:00.189	0.60214				2
2026.02.09	01:13:02.973	0.60213	0.60215			6
2026.02.09	01:13:03.585	0.60211	0.60213			6
2026.02.09	01:13:04.227	0.60210	0.60214			6
2026.02.09	01:13:10.331	0.60209	0.60213			6
2026.02.09	01:13:10.633	0.60208	0.60212			6
2026.02.09	01:13:12.283		0.60211			4
2026.02.09	01:13:14.193	0.60209				2
2026.02.09	01:13:16.671		0.60210			4
2026.02.09	01:13:26.940		0.60211			4
2026.02.09	01:13:27.243	0.60210	0.60212			6
2026.02.09	01:13:31.306	0.60209	0.60211			6
2026.02.09	01:13:33.818	0.60211	0.60212			6
2026.02.09	01:13:35.373	0.60210				2
2026.02.09	01:13:37.328	0.60211				2
2026.02.09	01:13:42.944	0.60212	0.60213			6
2026.02.09	01:13:44.812	0.60211	0.60212			6
2026.02.09	01:14:00.068	0.60211				2
2026.02.09	01:14:04.238	0.60210				2
2026.02.09	01:14:05.894		0.60211			4
2026.02.09	01:14:08.177	0.60209				2
2026.02.09	01:14:08.799	0.60208	0.60210			6
2026.02.09	01:14:14.892	0.60209	0.60211			6
2026.02.09	01:14:15.228	0.60211	0.60213			6
2026.02.09	01:14:16.231	0.60210				2
2026.02.09	01:14:16.882		0.60214			4
2026.02.09	01:14:19.094		0.60213			4
2026.02.09	01:14:19.442		0.60214			4
2026.02.09	01:14:20.398	0.60211				2
2026.02.09	01:14:24.259		0.60213			4
2026.02.09	01:14:25.182	0.60212	0.60214			6
2026.02.09	01:14:31.408	0.60210	0.60212			6
2026.02.09	01:14:34.899	0.60209				2
2026.02.09	01:14:35.549	0.60208	0.60211			6
2026.02.09	01:14:35.881	0.60209				2
2026.02.09	01:14:36.201	0.60208				2
2026.02.09	01:14:36.852		0.60212			4
2026.02.09	01:14:37.203	0.60209				2
2026.02.09	01:14:39.158		0.60211			4
2026.02.09	01:14:41.065	0.60208	0.60210			6
2026.02.09	01:14:42.672		0.60209			4
2026.02.09	01:14:44.277	0.60206	0.60208			6
2026.02.09	01:14:44.625	0.60205				2
2026.02.09	01:14:44.927		0.60207			4
2026.02.09	01:14:48.107		0.60208			4
2026.02.09	01:14:49.400		0.60209			4
2026.02.09	01:14:50.397		0.60208			4
2026.02.09	01:14:56.172	0.60206	0.60209			6
2026.02.09	01:14:56.474	0.60210	0.60213			6
2026.02.09	01:14:56.820	0.60212	0.60215			6
2026.02.09	01:14:57.124		0.60216			4
2026.02.09	01:14:57.473	0.60213	0.60217			6
2026.02.09	01:15:00.032	0.60213				2
2026.02.09	01:15:00.639	0.60211	0.60215			6
2026.02.09	01:15:00.961	0.60210	0.60214			6
2026.02.09	01:15:02.295	0.60209	0.60213			6
2026.02.09	01:15:05.857	0.60210	0.60214			6
2026.02.09	01:15:06.158	0.60211	0.60215			6
2026.02.09	01:15:09.369	0.60210	0.60214			6
2026.02.09	01:15:10.324	0.60211				2
2026.02.09	01:15:11.325	0.60210	0.60213			6
2026.02.09	01:15:15.184		0.60212			4
2026.02.09	01:15:15.790	0.60211	0.60213			6
2026.02.09	01:15:21.380	0.60210	0.60212			6
2026.02.09	01:15:22.311	0.60211				2
2026.02.09	01:15:24.815	0.60210	0.60211			6
2026.02.09	01:15:25.119	0.60211	0.60212			6
2026.02.09	01:15:25.421		0.60213			4
2026.02.09	01:15:26.043	0.60210	0.60212			6
2026.02.09	01:15:29.485	0.60211	0.60213			6
2026.02.09	01:15:30.433		0.60212			4
2026.02.09	01:15:32.614	0.60210				2
2026.02.09	01:15:32.944	0.60211				2
2026.02.09	01:15:33.564		0.60213			4
2026.02.09	01:15:34.499	0.60210	0.60212			6
2026.02.09	01:15:36.052	0.60211	0.60213			6
2026.02.09	01:15:36.658	0.60209	0.60211			6
2026.02.09	01:15:36.976	0.60208	0.60210			6
2026.02.09	01:15:37.279	0.60207	0.60211			6
2026.02.09	01:15:39.263		0.60210			4
2026.02.09	01:15:39.565	0.60208	0.60211			6
2026.02.09	01:15:40.218	0.60207	0.60210			6
2026.02.09	01:15:41.822	0.60208	0.60211			6
2026.02.09	01:15:43.077	0.60209	0.60212			6
2026.02.09	01:15:44.380		0.60211			4
2026.02.09	01:15:45.632	0.60210	0.60212			6
2026.02.09	01:15:45.936	0.60211	0.60213			6
2026.02.09	01:15:46.238	0.60214	0.60218			6
2026.02.09	01:15:47.491	0.60213	0.60217			6
2026.02.09	01:15:49.749	0.60214	0.60218			6
2026.02.09	01:15:51.961	0.60213	0.60217			6
2026.02.09	01:15:52.309	0.60212	0.60216			6
2026.02.09	01:15:52.611	0.60213	0.60217			6
2026.02.09	01:15:53.915	0.60212	0.60216			6
2026.02.09	01:15:54.869	0.60211	0.60215			6
2026.02.09	01:15:55.824	0.60212	0.60216			6
2026.02.09	01:15:56.172	0.60213				2
2026.02.09	01:15:59.381	0.60214				2
2026.02.09	01:16:00.306	0.60214				2
2026.02.09	01:16:05.606	0.60215				2
2026.02.09	01:16:05.925		0.60217			4
2026.02.09	01:16:09.338		0.60216			4
2026.02.09	01:16:13.381	0.60218	0.60219			6
2026.02.09	01:16:13.698	0.60217				2
2026.02.09	01:16:14.004	0.60218	0.60220			6
2026.02.09	01:16:14.306	0.60217	0.60221			6
2026.02.09	01:16:15.585	0.60216	0.60220			6
2026.02.09	01:16:16.541	0.60217	0.60221			6
2026.02.09	01:16:17.192	0.60218	0.60222			6
2026.02.09	01:16:17.799	0.60217	0.60221			6
2026.02.09	01:16:20.403	0.60218				2
2026.02.09	01:16:21.357	0.60219	0.60222			6
2026.02.09	01:16:21.663	0.60220	0.60223			6
2026.02.09	01:16:22.009	0.60219	0.60222			6
2026.02.09	01:16:22.311	0.60220	0.60223			6
2026.02.09	01:16:23.267	0.60221				2
2026.02.09	01:16:28.551	0.60222				2
2026.02.09	01:16:29.803		0.60224			4
2026.02.09	01:16:30.739		0.60223			4
2026.02.09	01:16:31.664		0.60224			4
2026.02.09	01:16:35.758	0.60223				2
2026.02.09	01:16:36.059	0.60222				2
2026.02.09	01:16:39.170	0.60221	0.60223			6
2026.02.09	01:16:40.421	0.60220				2
2026.02.09	01:16:41.424	0.60221				2
2026.02.09	01:16:42.983	0.60218	0.60220			6
2026.02.09	01:16:43.284	0.60215	0.60219			6
2026.02.09	01:16:44.890	0.60214	0.60218			6
2026.02.09	01:16:49.054	0.60213	0.60217			6
2026.02.09	01:16:50.362		0.60216			4
2026.02.09	01:16:50.669	0.60212	0.60215			6
2026.02.09	01:16:51.312	0.60211				2
2026.02.09	01:16:53.265		0.60214			4
2026.02.09	01:16:57.430	0.60212				2
2026.02.09	01:17:00.210	0.60212				2
2026.02.09	01:17:03.321	0.60214	0.60216			6
2026.02.09	01:17:03.958	0.60213	0.60215			6
2026.02.09	01:17:04.275	0.60212	0.60214			6
2026.02.09	01:17:04.604	0.60213	0.60215			6
2026.02.09	01:17:08.384	0.60212				2
2026.02.09	01:17:09.369	0.60213				2
2026.02.09	01:17:09.990	0.60210	0.60212			6
2026.02.09	01:17:11.228	0.60209	0.60213			6
2026.02.09	01:17:11.575	0.60211				2
2026.02.09	01:17:11.877		0.60214			4
2026.02.09	01:17:12.529	0.60210				2
2026.02.09	01:17:18.747	0.60209	0.60213			6
2026.02.09	01:17:19.353	0.60210				2
2026.02.09	01:17:20.002	0.60211	0.60214			6
2026.02.09	01:17:21.306		0.60213			4
2026.02.09	01:17:29.705		0.60212			4
2026.02.09	01:17:30.641		0.60213			4
2026.02.09	01:17:33.120		0.60212			4
2026.02.09	01:17:33.449		0.60213			4
2026.02.09	01:17:39.690	0.60209	0.60211			6
2026.02.09	01:17:41.249	0.60208				2
2026.02.09	01:17:42.189	0.60207				2
2026.02.09	01:17:46.141		0.60210			4
2026.02.09	01:17:47.793	0.60209	0.60212			6
2026.02.09	01:17:48.096	0.60212	0.60214			6
2026.02.09	01:17:48.418	0.60211	0.60213			6
2026.02.09	01:17:49.368	0.60210	0.60214			6
2026.02.09	01:17:52.261		0.60213			4
2026.02.09	01:17:53.566	0.60207	0.60211			6
2026.02.09	01:17:55.169		0.60210			4
2026.02.09	01:17:55.474	0.60209	0.60213			6
2026.02.09	01:17:55.822	0.60210	0.60214			6
2026.02.09	01:18:00.288	0.60210				2
2026.02.09	01:18:02.243	0.60211	0.60215			6
2026.02.09	01:18:02.548	0.60212	0.60216			6
2026.02.09	01:18:03.502	0.60214	0.60218			6
2026.02.09	01:18:08.320	0.60215				2
2026.02.09	01:18:10.275	0.60216				2
2026.02.09	01:18:10.578	0.60218	0.60220			6
2026.02.09	01:18:11.199	0.60217	0.60221			6
2026.02.09	01:18:11.881	0.60219				2
2026.02.09	01:18:12.184		0.60223			4
2026.02.09	01:18:18.358		0.60222			4
2026.02.09	01:18:20.270	0.60218	0.60221			6
2026.02.09	01:18:20.618	0.60217	0.60220			6
2026.02.09	01:18:21.224		0.60221			4
2026.02.09	01:18:24.137		0.60220			4
2026.02.09	01:18:25.442	0.60218	0.60221			6
2026.02.09	01:18:26.397		0.60220			4
2026.02.09	01:18:28.278		0.60219			4
2026.02.09	01:18:29.836	0.60219	0.60221			6
2026.02.09	01:18:30.769	0.60218	0.60220			6
2026.02.09	01:18:31.740		0.60219			4
2026.02.09	01:18:32.674		0.60220			4
2026.02.09	01:18:32.978	0.60217	0.60218			6
2026.02.09	01:18:33.281	0.60216	0.60217			6
2026.02.09	01:18:33.600	0.60215				2
2026.02.09	01:18:33.906	0.60216				2
2026.02.09	01:18:34.232	0.60214	0.60218			6
2026.02.09	01:18:34.581	0.60215	0.60219			6
2026.02.09	01:18:38.500	0.60216	0.60220			6
2026.02.09	01:18:39.151	0.60217				2
2026.02.09	01:18:40.411		0.60221			4
2026.02.09	01:18:40.761	0.60216	0.60220			6
2026.02.09	01:18:41.062	0.60215	0.60219			6
2026.02.09	01:18:47.238		0.60218			4
2026.02.09	01:18:47.541	0.60216	0.60219			6
2026.02.09	01:18:48.194		0.60218			4
2026.02.09	01:18:50.376	0.60215	0.60217			6
2026.02.09	01:18:56.001		0.60216			4
2026.02.09	01:19:00.052	0.60215				2
2026.02.09	01:19:00.356	0.60214				2
2026.02.09	01:19:00.674	0.60215				2
2026.02.09	01:19:01.279	0.60214	0.60217			6
2026.02.09	01:19:01.608	0.60213	0.60216			6
2026.02.09	01:19:03.217	0.60214				2
2026.02.09	01:19:05.380		0.60215			4
2026.02.09	01:19:07.560		0.60216			4
2026.02.09	01:19:07.862	0.60213	0.60214			6
2026.02.09	01:19:09.422	0.60212				2
2026.02.09	01:19:12.882	0.60213				2
2026.02.09	01:19:16.290	0.60212				2
2026.02.09	01:19:17.548	0.60211	0.60213			6
2026.02.09	01:19:18.177		0.60214			4
2026.02.09	01:19:18.829	0.60210	0.60213			6
2026.02.09	01:19:20.431		0.60212			4
2026.02.09	01:19:21.658	0.60211	0.60213			6
2026.02.09	01:19:26.015		0.60212			4
2026.02.09	01:19:27.571		0.60213			4
2026.02.09	01:19:29.128	0.60210	0.60212			6
2026.02.09	01:19:31.332	0.60211	0.60213			6
2026.02.09	01:19:32.285		0.60212			4
2026.02.09	01:19:33.217	0.60210				2
2026.02.09	01:19:34.772	0.60211	0.60213			6
2026.02.09	01:19:36.326	0.60212	0.60214			6
2026.02.09	01:19:37.885		0.60213			4
2026.02.09	01:19:45.992		0.60214			4
2026.02.09	01:19:47.931	0.60213	0.60215			6
2026.02.09	01:19:54.056	0.60212	0.60214			6
2026.02.09	01:19:57.623	0.60213	0.60215			6
2026.02.09	01:19:57.971	0.60212	0.60214			6
2026.02.09	01:19:58.925	0.60213				2
2026.02.09	01:20:00.179	0.60213	0.60215			6
2026.02.09	01:20:00.484	0.60212	0.60214			6
2026.02.09	01:20:05.400		0.60213			4
2026.02.09	01:20:06.023	0.60213	0.60215			6
2026.02.09	01:20:06.358	0.60214	0.60216			6
2026.02.09	01:20:07.312	0.60213	0.60217			6
2026.02.09	01:20:09.574	0.60212	0.60216			6
2026.02.09	01:20:11.181	0.60213				2
2026.02.09	01:20:14.396	0.60212	0.60215			6
2026.02.09	01:20:15.350	0.60211				2
2026.02.09	01:20:17.306		0.60214			4
2026.02.09	01:20:17.610	0.60210				2
2026.02.09	01:20:20.171		0.60213			4
2026.02.09	01:20:25.341		0.60212			4
2026.02.09	01:20:28.127		0.60213			4
2026.02.09	01:20:31.015	0.60211	0.60214			6
2026.02.09	01:20:32.318		0.60215			4
2026.02.09	01:20:33.271		0.60214			4
2026.02.09	01:20:38.394	0.60212				2
2026.02.09	01:20:39.019	0.60214	0.60216			6
2026.02.09	01:20:39.322	0.60215	0.60217			6
2026.02.09	01:20:40.271	0.60214	0.60218			6
2026.02.09	01:20:43.816	0.60213	0.60217			6
2026.02.09	01:20:44.119	0.60214	0.60218			6
2026.02.09	01:20:44.820	0.60213	0.60215			6
2026.02.09	01:20:45.126	0.60212				2
2026.02.09	01:20:46.427	0.60211				2
2026.02.09	01:20:52.204	0.60212				2
2026.02.09	01:20:52.554	0.60211	0.60214			6
2026.02.09	01:20:59.286	0.60212				2
2026.02.09	01:21:00.212	0.60212				2
2026.02.09	01:21:01.145	0.60211	0.60213			6
2026.02.09	01:21:01.769	0.60212	0.60214			6
2026.02.09	01:21:04.263	0.60211	0.60213			6
2026.02.09	01:21:05.189	0.60210				2
2026.02.09	01:21:06.170	0.60211				2
2026.02.09	01:21:09.908	0.60210	0.60212			6
2026.02.09	01:21:10.544	0.60206	0.60208			6
2026.02.09	01:21:11.188	0.60204				2
2026.02.09	01:21:11.491	0.60203	0.60207			6
2026.02.09	01:21:12.843	0.60204	0.60208			6
2026.02.09	01:21:14.449	0.60203	0.60207			6
2026.02.09	01:21:17.059	0.60202	0.60205			6
2026.02.09	01:21:18.365	0.60200	0.60203			6
2026.02.09	01:21:18.667		0.60202			4
2026.02.09	01:21:22.534	0.60201	0.60204			6
2026.02.09	01:21:23.886	0.60197	0.60200			6
2026.02.09	01:21:24.192	0.60196	0.60199			6
2026.02.09	01:21:24.530		0.60198			4
2026.02.09	01:21:25.794	0.60195	0.60199			6
2026.02.09	01:21:26.460	0.60196	0.60200			6
2026.02.09	01:21:31.010	0.60200	0.60203			6
2026.02.09	01:21:31.947	0.60201				2
2026.02.09	01:21:32.569	0.60200				2
2026.02.09	01:21:34.829	0.60201				2
2026.02.09	01:21:35.138		0.60205			4
2026.02.09	01:21:35.830	0.60202				2
2026.02.09	01:21:36.134	0.60201	0.60204			6
2026.02.09	01:21:36.438		0.60203			4
2026.02.09	01:21:38.044		0.60204			4
2026.02.09	01:21:38.359	0.60202	0.60205			6
2026.02.09	01:21:40.618	0.60210	0.60213			6
2026.02.09	01:21:40.956		0.60214			4
2026.02.09	01:21:52.300		0.60213			4
2026.02.09	01:21:56.216		0.60212			4
2026.02.09	01:22:00.285	0.60210				2
2026.02.09	01:22:06.230	0.60212	0.60214			6
2026.02.09	01:22:07.183	0.60210	0.60212			6
2026.02.09	01:22:07.821	0.60209				2
2026.02.09	01:22:08.169		0.60213			4
2026.02.09	01:22:12.392		0.60212			4
2026.02.09	01:22:17.293		0.60211			4
2026.02.09	01:22:18.523	0.60211	0.60213			6
2026.02.09	01:22:19.165	0.60210				2
2026.02.09	01:22:20.082	0.60211	0.60214			6
2026.02.09	01:22:24.291		0.60213			4
2026.02.09	01:22:28.374		0.60214			4
2026.02.09	01:22:30.581		0.60213			4
2026.02.09	01:22:37.142		0.60212			4
2026.02.09	01:22:37.446	0.60210				2
2026.02.09	01:22:37.765		0.60211			4
2026.02.09	01:22:39.702	0.60209				2
2026.02.09	01:22:44.094	0.60210	0.60212			6
2026.02.09	01:22:44.593	0.60209	0.60211			6
2026.02.09	01:22:46.450	0.60207	0.60209			6
2026.02.09	01:22:46.781	0.60206	0.60208			6
2026.02.09	01:22:47.401		0.60209			4
2026.02.09	01:22:52.259	0.60207				2
2026.02.09	01:22:53.836	0.60208	0.60210			6
2026.02.09	01:22:54.142	0.60209	0.60211			6
2026.02.09	01:22:54.789	0.60207	0.60209			6
2026.02.09	01:22:56.344	0.60205	0.60207			6
2026.02.09	01:22:57.296	0.60204	0.60208			6
2026.02.09	01:23:00.243	0.60205				2
2026.02.09	01:23:06.327	0.60207	0.60209			6
2026.02.09	01:23:06.643	0.60208	0.60210			6
2026.02.09	01:23:07.251	0.60207	0.60211			6
2026.02.09	01:23:07.883	0.60206	0.60210			6
2026.02.09	01:23:09.541		0.60209			4
2026.02.09	01:23:10.893		0.60208			4
2026.02.09	01:23:12.500		0.60209			4
2026.02.09	01:23:13.454		0.60208			4
2026.02.09	01:23:28.871		0.60207			4
2026.02.09	01:23:29.190	0.60205				2
2026.02.09	01:23:31.354	0.60206	0.60208			6
2026.02.09	01:23:42.023		0.60207			4
2026.02.09	01:23:43.883		0.60208			4
2026.02.09	01:23:45.138		0.60207			4
2026.02.09	01:23:48.223	0.60207	0.60209			6
2026.02.09	01:23:48.548	0.60206	0.60208			6
2026.02.09	01:23:50.409	0.60207				2
2026.02.09	01:23:51.664	0.60206				2
2026.02.09	01:24:00.053	0.60206				2
2026.02.09	01:24:00.372		0.60207			4
2026.02.09	01:24:02.231	0.60205	0.60208			6
2026.02.09	01:24:04.524	0.60204	0.60207			6
2026.02.09	01:24:05.529	0.60202	0.60205			6
2026.02.09	01:24:05.876	0.60201	0.60204			6
2026.02.09	01:24:06.227	0.60200				2
2026.02.09	01:24:08.551	0.60199	0.60203			6
2026.02.09	01:24:11.248		0.60202			4
2026.02.09	01:24:12.549		0.60203			4
2026.02.09	01:24:14.369		0.60202			4
2026.02.09	01:24:15.059	0.60195	0.60197			6
2026.02.09	01:24:15.364	0.60193				2
2026.02.09	01:24:24.392		0.60196			4
2026.02.09	01:24:25.042	0.60194	0.60197			6
2026.02.09	01:24:29.160		0.60196			4
2026.02.09	01:24:34.780	0.60193	0.60195			6
2026.02.09	01:24:35.402		0.60196			4
2026.02.09	01:24:35.731	0.60190	0.60193			6
2026.02.09	01:24:36.384		0.60194			4
2026.02.09	01:24:40.435	0.60192	0.60196			6
2026.02.09	01:24:40.874	0.60193				2
2026.02.09	01:24:41.811		0.60197			4
2026.02.09	01:24:43.760	0.60195	0.60199			6
2026.02.09	01:24:50.188	0.60196				2
2026.02.09	01:24:51.747	0.60197	0.60200			6
2026.02.09	01:24:52.051	0.60196	0.60199			6
2026.02.09	01:24:53.355	0.60197	0.60200			6
2026.02.09	01:24:54.659	0.60196	0.60199			6
2026.02.09	01:24:54.961	0.60197	0.60200			6
2026.02.09	01:24:55.278		0.60199			4
2026.02.09	01:25:00.248	0.60198	0.60200			6
2026.02.09	01:25:01.806	0.60197	0.60199			6
2026.02.09	01:25:02.109	0.60198	0.60200			6
2026.02.09	01:25:04.297		0.60199			4
2026.02.09	01:25:04.601	0.60199	0.60200			6
2026.02.09	01:25:05.222	0.60198				2
2026.02.09	01:25:05.549		0.60199			4
2026.02.09	01:25:07.730	0.60197	0.60198			6
2026.02.09	01:25:08.060	0.60198	0.60200			6
2026.02.09	01:25:09.013	0.60197	0.60199			6
2026.02.09	01:25:09.634	0.60198	0.60200			6
2026.02.09	01:25:14.001	0.60199	0.60201			6
2026.02.09	01:25:14.329	0.60198	0.60200			6
2026.02.09	01:25:15.562	0.60199	0.60201			6
2026.02.09	01:25:15.888	0.60198	0.60200			6
2026.02.09	01:25:16.492	0.60199	0.60201			6
2026.02.09	01:25:16.811	0.60198	0.60200			6
2026.02.09	01:25:17.745	0.60199	0.60201			6
2026.02.09	01:25:19.906	0.60198	0.60200			6
2026.02.09	01:25:21.780	0.60199	0.60201			6
2026.02.09	01:25:22.083	0.60198	0.60200			6
2026.02.09	01:25:24.268	0.60199	0.60201			6
2026.02.09	01:25:24.889	0.60198	0.60200			6
2026.02.09	01:25:27.050	0.60199	0.60201			6
2026.02.09	01:25:27.378	0.60198	0.60200			6
2026.02.09	01:25:31.715	0.60199	0.60201			6
2026.02.09	01:25:33.273	0.60198				2
2026.02.09	01:25:34.208	0.60199	0.60202			6
2026.02.09	01:25:34.556	0.60198	0.60201			6
2026.02.09	01:25:34.858	0.60199	0.60202			6
2026.02.09	01:25:35.207		0.60201			4
2026.02.09	01:25:36.132		0.60202			4
2026.02.09	01:25:37.418		0.60201			4
2026.02.09	01:25:38.994	0.60202	0.60204			6
2026.02.09	01:25:40.244	0.60201				2
2026.02.09	01:25:44.171	0.60204	0.60208			6
2026.02.09	01:25:44.491	0.60203	0.60207			6
2026.02.09	01:25:45.143	0.60201	0.60205			6
2026.02.09	01:25:45.446	0.60200	0.60204			6
2026.02.09	01:25:49.058	0.60201	0.60205			6
2026.02.09	01:25:50.012	0.60200	0.60204			6
2026.02.09	01:25:50.625	0.60199	0.60203			6
2026.02.09	01:25:50.966	0.60198	0.60202			6
2026.02.09	01:25:51.616	0.60199	0.60203			6
2026.02.09	01:25:54.827	0.60198	0.60202			6
2026.02.09	01:25:56.131		0.60199			4
2026.02.09	01:25:56.435	0.60194	0.60198			6
2026.02.09	01:25:59.343	0.60196	0.60200			6
2026.02.09	01:26:00.346	0.60196				2
2026.02.09	01:26:00.997	0.60197	0.60201			6
2026.02.09	01:26:02.254	0.60196	0.60200			6
2026.02.09	01:26:02.906	0.60195	0.60199			6
2026.02.09	01:26:03.864	0.60193	0.60197			6
2026.02.09	01:26:08.075		0.60195			4
2026.02.09	01:26:08.378	0.60190	0.60194			6
2026.02.09	01:26:08.682	0.60189	0.60193			6
2026.02.09	01:26:09.680	0.60188	0.60192			6
2026.02.09	01:26:09.982	0.60189	0.60193			6
2026.02.09	01:26:11.938	0.60188	0.60192			6
2026.02.09	01:26:13.195	0.60191	0.60195			6
2026.02.09	01:26:16.455	0.60195	0.60199			6
2026.02.09	01:26:16.759	0.60197	0.60201			6
2026.02.09	01:26:17.411	0.60199	0.60203			6
2026.02.09	01:26:17.720	0.60200	0.60204			6
2026.02.09	01:26:19.015	0.60197	0.60201			6
2026.02.09	01:26:19.340	0.60195	0.60199			6
2026.02.09	01:26:19.969	0.60196	0.60200			6
2026.02.09	01:26:20.318	0.60195	0.60199			6
2026.02.09	01:26:20.970	0.60196	0.60200			6
2026.02.09	01:26:23.833	0.60197				2
2026.02.09	01:26:24.183	0.60200	0.60203			6
2026.02.09	01:26:24.488		0.60204			4
2026.02.09	01:26:24.792	0.60201	0.60205			6
2026.02.09	01:26:25.441	0.60199	0.60203			6
2026.02.09	01:26:26.396	0.60198	0.60202			6
2026.02.09	01:26:29.303	0.60197	0.60201			6
2026.02.09	01:26:32.516	0.60195	0.60199			6
2026.02.09	01:26:34.171	0.60196				2
2026.02.09	01:26:37.128	0.60194	0.60197			6
2026.02.09	01:26:42.248		0.60196			4
2026.02.09	01:26:45.409	0.60192	0.60194			6
2026.02.09	01:26:46.331	0.60191	0.60195			6
2026.02.09	01:26:48.269		0.60194			4
2026.02.09	01:26:48.874	0.60193	0.60196			6
2026.02.09	01:26:49.223	0.60192	0.60195			6
2026.02.09	01:26:49.526	0.60191	0.60194			6
2026.02.09	01:26:52.432	0.60192				2
2026.02.09	01:26:54.614	0.60191	0.60193			6
2026.02.09	01:26:55.564	0.60192	0.60194			6
2026.02.09	01:26:55.867	0.60191	0.60193			6
2026.02.09	01:27:00.280	0.60191				2
2026.02.09	01:27:00.586	0.60196	0.60198			6
2026.02.09	01:27:00.892	0.60198	0.60200			6
2026.02.09	01:27:01.519	0.60197	0.60199			6
2026.02.09	01:27:02.141	0.60196	0.60200			6
2026.02.09	01:27:03.778	0.60197	0.60201			6
2026.02.09	01:27:04.428	0.60196	0.60200			6
2026.02.09	01:27:04.731	0.60195	0.60199			6
2026.02.09	01:27:08.245	0.60196				2
2026.02.09	01:27:11.805	0.60195	0.60198			6
2026.02.09	01:27:12.421	0.60191	0.60194			6
2026.02.09	01:27:12.762	0.60190	0.60193			6
2026.02.09	01:27:13.109	0.60189	0.60192			6
2026.02.09	01:27:13.412	0.60188				2
2026.02.09	01:27:14.715	0.60189	0.60193			6
2026.02.09	01:27:15.018	0.60190	0.60194			6
2026.02.09	01:27:20.189	0.60191				2
2026.02.09	01:27:24.403		0.60193			4
2026.02.09	01:27:25.006	0.60189	0.60191			6
2026.02.09	01:27:26.262	0.60188				2
2026.02.09	01:27:29.172	0.60189				2
2026.02.09	01:27:34.195	0.60190				2
2026.02.09	01:27:34.815	0.60189	0.60190			6
2026.02.09	01:27:36.674	0.60188				2
2026.02.09	01:27:40.089	0.60189	0.60191			6
2026.02.09	01:27:40.718		0.60190			4
2026.02.09	01:27:41.020		0.60191			4
2026.02.09	01:27:41.338	0.60190				2
2026.02.09	01:27:41.642	0.60192	0.60194			6
2026.02.09	01:27:42.294	0.60191	0.60195			6
2026.02.09	01:27:43.225		0.60194			4
2026.02.09	01:27:43.574	0.60192	0.60195			6
2026.02.09	01:27:45.138	0.60191	0.60194			6
2026.02.09	01:27:46.139	0.60192				2
2026.02.09	01:27:48.649	0.60189	0.60191			6
2026.02.09	01:27:48.952	0.60190	0.60192			6
2026.02.09	01:27:49.271	0.60189				2
2026.02.09	01:27:51.260	0.60190				2
2026.02.09	01:27:55.293		0.60191			4
2026.02.09	01:27:57.181		0.60192			4
2026.02.09	01:28:00.295	0.60190				2
2026.02.09	01:28:02.498	0.60191				2
2026.02.09	01:28:02.817		0.60193			4
2026.02.09	01:28:04.103		0.60192			4
2026.02.09	01:28:04.705		0.60193			4
2026.02.09	01:28:08.133		0.60192			4
2026.02.09	01:28:11.576	0.60192	0.60194			6
2026.02.09	01:28:11.892		0.60193			4
2026.02.09	01:28:12.198	0.60191	0.60194			6
2026.02.09	01:28:13.132	0.60192				2
2026.02.09	01:28:14.085	0.60191				2
2026.02.09	01:28:14.435	0.60192				2
2026.02.09	01:28:15.085	0.60191				2
2026.02.09	01:28:15.435	0.60192				2
2026.02.09	01:28:18.243	0.60191	0.60193			6
2026.02.09	01:28:18.848	0.60192	0.60194			6
2026.02.09	01:28:22.306		0.60193			4
2026.02.09	01:28:24.816		0.60194			4
2026.02.09	01:28:29.482		0.60193			4
2026.02.09	01:28:30.408		0.60194			4
2026.02.09	01:28:31.041	0.60193	0.60195			6
2026.02.09	01:28:31.344	0.60194	0.60196			6
2026.02.09	01:28:32.269	0.60193				2
2026.02.09	01:28:34.203	0.60194				2
2026.02.09	01:28:42.952		0.60197			4
2026.02.09	01:28:45.165		0.60196			4
2026.02.09	01:28:51.113	0.60195				2
2026.02.09	01:28:52.064	0.60194				2
2026.02.09	01:28:54.270	0.60200	0.60202			6
2026.02.09	01:28:55.194	0.60203	0.60207			6
2026.02.09	01:28:58.405	0.60204	0.60208			6
2026.02.09	01:29:00.043	0.60204				2
2026.02.09	01:29:00.347	0.60203	0.60207			6
2026.02.09	01:29:00.999	0.60202	0.60206			6
2026.02.09	01:29:08.424		0.60205			4
2026.02.09	01:29:08.727	0.60203	0.60206			6
2026.02.09	01:29:10.984	0.60202	0.60205			6
2026.02.09	01:29:11.330	0.60203				2
2026.02.09	01:29:12.257	0.60202	0.60204			6
2026.02.09	01:29:13.813	0.60203	0.60205			6
2026.02.09	01:29:15.670	0.60204	0.60206			6
2026.02.09	01:29:26.257	0.60203	0.60205			6
2026.02.09	01:29:26.583	0.60204				2
2026.02.09	01:29:27.207	0.60203				2
2026.02.09	01:29:32.251	0.60204				2
2026.02.09	01:29:33.205	0.60203	0.60204			6
2026.02.09	01:29:33.510	0.60202				2
2026.02.09	01:29:34.456	0.60203				2
2026.02.09	01:29:35.379		0.60205			4
2026.02.09	01:29:35.683		0.60204			4
2026.02.09	01:29:35.986	0.60202				2
2026.02.09	01:29:37.870	0.60203	0.60205			6
2026.02.09	01:29:39.726		0.60204			4
2026.02.09	01:29:41.583	0.60202				2
2026.02.09	01:29:43.759	0.60203	0.60205			6
2026.02.09	01:29:50.340	0.60202	0.60204			6
2026.02.09	01:29:50.664	0.60203	0.60205			6
2026.02.09	01:29:51.286		0.60204			4
2026.02.09	01:29:52.220	0.60202				2
2026.02.09	01:29:52.521		0.60203			4
2026.02.09	01:29:53.144	0.60201	0.60204			6
2026.02.09	01:29:56.388		0.60203			4
2026.02.09	01:29:57.342	0.60202	0.60204			6
2026.02.09	01:30:00.251	0.60202				2
2026.02.09	01:30:00.555		0.60205			4
2026.02.09	01:30:02.211	0.60201	0.60204			6
2026.02.09	01:30:02.558		0.60203			4
2026.02.09	01:30:02.862	0.60202	0.60204			6
2026.02.09	01:30:03.166	0.60201	0.60203			6
2026.02.09	01:30:09.083	0.60202	0.60204			6
2026.02.09	01:30:12.346	0.60200	0.60202			6
2026.02.09	01:30:13.298	0.60199				2
2026.02.09	01:30:15.211	0.60201	0.60204			6
2026.02.09	01:30:15.558	0.60202	0.60205			6
2026.02.09	01:30:16.212	0.60201	0.60204			6
2026.02.09	01:30:16.514	0.60198	0.60202			6
2026.02.09	01:30:24.243	0.60199				2
2026.02.09	01:30:24.545	0.60198	0.60201			6
2026.02.09	01:30:25.502	0.60199	0.60202			6
2026.02.09	01:30:26.806	0.60198	0.60201			6
2026.02.09	01:30:27.109	0.60199	0.60202			6
2026.02.09	01:30:29.364		0.60201			4
2026.02.09	01:30:30.289	0.60200	0.60202			6
2026.02.09	01:30:30.599	0.60201	0.60203			6
2026.02.09	01:30:30.920	0.60203	0.60205			6
2026.02.09	01:30:31.222	0.60202	0.60206			6
2026.02.09	01:30:32.176	0.60203	0.60207			6
2026.02.09	01:30:33.782	0.60202	0.60206			6
2026.02.09	01:30:34.432	0.60203	0.60207			6
2026.02.09	01:30:40.255		0.60206			4
2026.02.09	01:30:40.861	0.60204	0.60207			6
2026.02.09	01:30:42.166	0.60205	0.60208			6
2026.02.09	01:30:42.793	0.60208	0.60211			6
2026.02.09	01:30:43.418		0.60212			4
2026.02.09	01:30:44.025	0.60212	0.60216			6
2026.02.09	01:30:44.348	0.60213	0.60217			6
2026.02.09	01:30:46.282	0.60214	0.60218			6
2026.02.09	01:30:47.236	0.60213	0.60217			6
2026.02.09	01:30:48.193	0.60214				2
2026.02.09	01:30:49.800		0.60218			4
2026.02.09	01:30:51.102	0.60218	0.60222			6
2026.02.09	01:30:53.404	0.60223	0.60225			6
2026.02.09	01:30:53.714		0.60227			4
2026.02.09	01:30:56.624	0.60228	0.60229			6
2026.02.09	01:30:56.928		0.60231			4
2026.02.09	01:30:57.579		0.60232			4
2026.02.09	01:30:57.927	0.60232	0.60233			6
2026.02.09	01:30:58.231		0.60236			4
2026.02.09	01:30:58.542	0.60233	0.60237			6
2026.02.09	01:30:58.868	0.60234				2
2026.02.09	01:30:59.485	0.60233				2
2026.02.09	01:31:00.138	0.60233				2
2026.02.09	01:31:00.484	0.60234				2
2026.02.09	01:31:01.488	0.60232	0.60236			6
2026.02.09	01:31:01.792	0.60231	0.60235			6
2026.02.09	01:31:02.140	0.60230	0.60234			6
2026.02.09	01:31:05.005	0.60231	0.60235			6
2026.02.09	01:31:06.308		0.60234			4
2026.02.09	01:31:07.263	0.60230	0.60233			6
2026.02.09	01:31:08.216	0.60229	0.60231			6
2026.02.09	01:31:09.871	0.60233	0.60235			6
2026.02.09	01:31:10.217	0.60234	0.60237			6
2026.02.09	01:31:12.128	0.60233	0.60236			6
2026.02.09	01:31:12.439		0.60235			4
2026.02.09	01:31:13.423		0.60237			4
2026.02.09	01:31:14.043		0.60236			4
2026.02.09	01:31:14.688		0.60235			4
2026.02.09	01:31:15.990		0.60236			4
2026.02.09	01:31:16.644	0.60236	0.60239			6
2026.02.09	01:31:16.947		0.60240			4
2026.02.09	01:31:18.249	0.60237				2
2026.02.09	01:31:19.508	0.60238				2
2026.02.09	01:31:20.158	0.60243	0.60246			6
2026.02.09	01:31:20.463		0.60247			4
2026.02.09	01:31:21.715	0.60244				2
2026.02.09	01:31:22.346	0.60243	0.60246			6
2026.02.09	01:31:23.669	0.60242	0.60245			6
2026.02.09	01:31:24.273	0.60247	0.60250			6
2026.02.09	01:31:25.274	0.60246	0.60249			6
2026.02.09	01:31:26.186	0.60248	0.60251			6
2026.02.09	01:31:26.506	0.60249	0.60252			6
2026.02.09	01:31:26.933	0.60247	0.60251			6
2026.02.09	01:31:27.237		0.60250			4
2026.02.09	01:31:27.890	0.60248	0.60251			6
2026.02.09	01:31:28.194		0.60252			4
2026.02.09	01:31:29.464	0.60247	0.60250			6
2026.02.09	01:31:33.010		0.60249			4
2026.02.09	01:31:33.663		0.60251			4
2026.02.09	01:31:34.415		0.60250			4
2026.02.09	01:31:35.718	0.60246	0.60249			6
2026.02.09	01:31:38.277	0.60248	0.60250			6
2026.02.09	01:31:38.579	0.60247				2
2026.02.09	01:31:41.140	0.60248				2
2026.02.09	01:31:41.457	0.60247	0.60249			6
2026.02.09	01:31:41.761	0.60248	0.60250			6
2026.02.09	01:31:43.043	0.60250	0.60252			6
2026.02.09	01:31:43.966	0.60249	0.60251			6
2026.02.09	01:31:46.446	0.60250	0.60252			6
2026.02.09	01:31:46.756	0.60249	0.60251			6
2026.02.09	01:31:47.365	0.60250	0.60252			6
2026.02.09	01:31:47.676	0.60248	0.60250			6
2026.02.09	01:31:48.906	0.60250	0.60252			6
2026.02.09	01:31:49.533	0.60249	0.60251			6
2026.02.09	01:31:50.156	0.60253	0.60254			6
2026.02.09	01:31:50.467		0.60255			4
2026.02.09	01:31:51.087	0.60254				2
2026.02.09	01:31:51.392	0.60249	0.60253			6
2026.02.09	01:31:52.026	0.60250				2
2026.02.09	01:31:52.640		0.60254			4
2026.02.09	01:31:53.018	0.60252	0.60256			6
2026.02.09	01:31:53.408	0.60250	0.60253			6
2026.02.09	01:31:53.719	0.60249				2
2026.02.09	01:31:54.684	0.60252	0.60256			6
2026.02.09	01:31:55.053	0.60253				2
2026.02.09	01:31:56.038		0.60257			4
2026.02.09	01:31:56.363	0.60254				2
2026.02.09	01:31:56.692		0.60258			4
2026.02.09	01:31:57.110		0.60257			4
2026.02.09	01:31:57.442		0.60258			4
2026.02.09	01:31:59.889	0.60257	0.60260			6
2026.02.09	01:32:00.209	0.60257				2
2026.02.09	01:32:00.557	0.60258	0.60261			6
2026.02.09	01:32:00.866	0.60257	0.60260			6
2026.02.09	01:32:01.508	0.60255	0.60259			6
2026.02.09	01:32:01.811	0.60254	0.60258			6
2026.02.09	01:32:02.112		0.60257			4
2026.02.09	01:32:02.426	0.60255	0.60258			6
2026.02.09	01:32:03.079	0.60254	0.60257			6
2026.02.09	01:32:04.073		0.60258			4
2026.02.09	01:32:05.076	0.60257	0.60260			6
2026.02.09	01:32:06.977	0.60259	0.60262			6
2026.02.09	01:32:07.281	0.60257	0.60261			6
2026.02.09	01:32:07.609	0.60264	0.60267			6
2026.02.09	01:32:08.887	0.60263				2
2026.02.09	01:32:09.213	0.60262	0.60266			6
2026.02.09	01:32:09.516	0.60260	0.60261			6
2026.02.09	01:32:09.819	0.60252	0.60256			6
2026.02.09	01:32:10.745	0.60253	0.60257			6
2026.02.09	01:32:11.093	0.60250	0.60253			6
2026.02.09	01:32:11.397	0.60248	0.60252			6
2026.02.09	01:32:12.021	0.60249	0.60253			6
2026.02.09	01:32:14.063	0.60251	0.60255			6
2026.02.09	01:32:14.372	0.60253	0.60256			6
2026.02.09	01:32:14.678	0.60251	0.60255			6
2026.02.09	01:32:14.981	0.60253	0.60257			6
2026.02.09	01:32:15.610	0.60254				2
2026.02.09	01:32:17.172	0.60253	0.60256			6
2026.02.09	01:32:17.520		0.60257			4
2026.02.09	01:32:17.822	0.60250	0.60254			6
2026.02.09	01:32:18.125		0.60253			4
2026.02.09	01:32:19.988	0.60243	0.60247			6
2026.02.09	01:32:20.316	0.60244	0.60248			6
2026.02.09	01:32:20.631	0.60247	0.60249			6
2026.02.09	01:32:20.934	0.60249	0.60250			6
2026.02.09	01:32:21.237	0.60250	0.60253			6
2026.02.09	01:32:21.540		0.60252			4
2026.02.09	01:32:21.857	0.60249				2
2026.02.09	01:32:23.162	0.60250	0.60254			6
2026.02.09	01:32:23.491		0.60253			4
2026.02.09	01:32:23.796	0.60249				2
2026.02.09	01:32:24.127		0.60252			4
2026.02.09	01:32:24.796	0.60253	0.60257			6
2026.02.09	01:32:25.100	0.60254	0.60258			6
2026.02.09	01:32:25.403	0.60253	0.60257			6
2026.02.09	01:32:27.345	0.60254	0.60258			6
2026.02.09	01:32:28.008	0.60253	0.60257			6
2026.02.09	01:32:28.312	0.60252	0.60256			6
2026.02.09	01:32:28.963		0.60255			4
2026.02.09	01:32:29.265		0.60256			4
2026.02.09	01:32:31.269	0.60253				2
2026.02.09	01:32:31.573	0.60254	0.60257			6
2026.02.09	01:32:33.447	0.60255	0.60258			6
2026.02.09	01:32:34.396	0.60256	0.60259			6
2026.02.09	01:32:34.699	0.60255	0.60258			6
2026.02.09	01:32:35.001	0.60254	0.60257			6
2026.02.09	01:32:35.304	0.60250	0.60253			6
2026.02.09	01:32:35.609	0.60248	0.60251			6
2026.02.09	01:32:35.928	0.60249				2
2026.02.09	01:32:36.236	0.60250	0.60253			6
2026.02.09	01:32:36.540		0.60254			4
2026.02.09	01:32:36.882	0.60252	0.60256			6
2026.02.09	01:32:37.190	0.60253	0.60257			6
2026.02.09	01:32:39.100	0.60251	0.60254			6
2026.02.09	01:32:39.416		0.60255			4
2026.02.09	01:32:40.098	0.60252				2
2026.02.09	01:32:40.400	0.60253	0.60257			6
2026.02.09	01:32:41.053	0.60254	0.60256			6
2026.02.09	01:32:41.355	0.60255	0.60259			6
2026.02.09	01:32:41.678	0.60256				2
2026.02.09	01:32:42.007	0.60257	0.60261			6
2026.02.09	01:32:42.325	0.60259	0.60262			6
2026.02.09	01:32:42.639	0.60257	0.60260			6
2026.02.09	01:32:43.311	0.60255	0.60259			6
2026.02.09	01:32:43.613	0.60254	0.60258			6
2026.02.09	01:32:43.961		0.60257			4
2026.02.09	01:32:44.567	0.60253				2
2026.02.09	01:32:47.159		0.60256			4
2026.02.09	01:32:47.476	0.60254	0.60257			6
2026.02.09	01:32:47.778	0.60253	0.60256			6
2026.02.09	01:32:49.953	0.60254	0.60257			6
2026.02.09	01:32:50.256	0.60253	0.60256			6
2026.02.09	01:32:50.558	0.60254	0.60257			6
2026.02.09	01:32:50.890	0.60253	0.60256			6
2026.02.09	01:32:51.208	0.60254				2
2026.02.09	01:32:54.349	0.60257	0.60259			6
2026.02.09	01:32:54.954	0.60258	0.60260			6
2026.02.09	01:32:55.272	0.60257	0.60259			6
2026.02.09	01:32:56.819	0.60255	0.60257			6
2026.02.09	01:32:57.129	0.60256	0.60258			6
2026.02.09	01:32:57.759	0.60255	0.60257			6
2026.02.09	01:33:00.274	0.60252	0.60254			6
2026.02.09	01:33:00.576	0.60250	0.60252			6
2026.02.09	01:33:01.200	0.60249				2
2026.02.09	01:33:01.528	0.60250	0.60253			6
2026.02.09	01:33:02.181	0.60252	0.60255			6
2026.02.09	01:33:02.520	0.60251	0.60254			6
2026.02.09	01:33:03.179	0.60252	0.60255			6
2026.02.09	01:33:03.480	0.60251	0.60254			6
2026.02.09	01:33:04.739	0.60250	0.60253			6
2026.02.09	01:33:05.393	0.60249	0.60252			6
2026.02.09	01:33:05.704	0.60250	0.60253			6
2026.02.09	01:33:06.007	0.60251	0.60254			6
2026.02.09	01:33:06.342	0.60250	0.60253			6
2026.02.09	01:33:06.646	0.60248	0.60251			6
2026.02.09	01:33:07.295	0.60249				2
2026.02.09	01:33:07.902	0.60248	0.60250			6
2026.02.09	01:33:08.219	0.60246	0.60248			6
2026.02.09	01:33:08.523	0.60244	0.60246			6
2026.02.09	01:33:09.153	0.60243	0.60247			6
2026.02.09	01:33:09.457	0.60240	0.60244			6
2026.02.09	01:33:10.080		0.60243			4
2026.02.09	01:33:10.383	0.60239	0.60242			6
2026.02.09	01:33:11.179	0.60240	0.60243			6
2026.02.09	01:33:12.464		0.60242			4
2026.02.09	01:33:12.768	0.60241	0.60244			6
2026.02.09	01:33:13.118	0.60240	0.60243			6
2026.02.09	01:33:13.469		0.60242			4
2026.02.09	01:33:14.122		0.60243			4
2026.02.09	01:33:14.471		0.60242			4
2026.02.09	01:33:15.077	0.60239				2
2026.02.09	01:33:15.425	0.60240	0.60243			6
2026.02.09	01:33:15.730	0.60239	0.60242			6
2026.02.09	01:33:16.079	0.60240	0.60243			6
2026.02.09	01:33:16.383		0.60242			4
2026.02.09	01:33:17.031	0.60241	0.60243			6
2026.02.09	01:33:18.584	0.60240	0.60242			6
2026.02.09	01:33:19.810	0.60239	0.60241			6
2026.02.09	01:33:20.132	0.60236	0.60238			6
2026.02.09	01:33:20.442	0.60237	0.60239			6
2026.02.09	01:33:20.744	0.60241	0.60242			6
2026.02.09	01:33:21.059	0.60244	0.60246			6
2026.02.09	01:33:21.364	0.60245	0.60247			6
2026.02.09	01:33:21.678	0.60248	0.60250			6
2026.02.09	01:33:22.315		0.60251			4
2026.02.09	01:33:23.613	0.60247	0.60250			6
2026.02.09	01:33:23.957		0.60251			4
2026.02.09	01:33:24.846	0.60246	0.60250			6
2026.02.09	01:33:25.590	0.60247	0.60251			6
2026.02.09	01:33:27.953	0.60246	0.60250			6
2026.02.09	01:33:28.268	0.60247	0.60251			6
2026.02.09	01:33:28.882	0.60242	0.60246			6
2026.02.09	01:33:29.196	0.60243	0.60247			6
2026.02.09	01:33:31.332	0.60245	0.60249			6
2026.02.09	01:33:31.666	0.60246				2
2026.02.09	01:33:31.977		0.60250			4
2026.02.09	01:33:32.286	0.60247	0.60251			6
2026.02.09	01:33:32.937	0.60248				2
2026.02.09	01:33:33.543	0.60247				2
2026.02.09	01:33:33.999		0.60250			4
2026.02.09	01:33:34.303	0.60246	0.60249			6
2026.02.09	01:33:34.923	0.60247	0.60250			6
2026.02.09	01:33:35.239	0.60246	0.60249			6
2026.02.09	01:33:35.541	0.60248	0.60251			6
2026.02.09	01:33:35.851	0.60246	0.60249			6
2026.02.09	01:33:37.151	0.60245				2
2026.02.09	01:33:37.455	0.60246	0.60250			6
2026.02.09	01:33:37.760	0.60245	0.60249			6
2026.02.09	01:33:38.107		0.60248			4
2026.02.09	01:33:38.458	0.60244	0.60247			6
2026.02.09	01:33:40.365	0.60245				2
2026.02.09	01:33:40.668	0.60246	0.60248			6
2026.02.09	01:33:41.623	0.60244	0.60246			6
2026.02.09	01:33:43.226	0.60243	0.60245			6
2026.02.09	01:33:43.547	0.60244	0.60246			6
2026.02.09	01:33:43.878	0.60243	0.60245			6
2026.02.09	01:33:44.199	0.60244	0.60246			6
2026.02.09	01:33:45.148		0.60245			4
2026.02.09	01:33:45.755	0.60249	0.60251			6
2026.02.09	01:33:46.079	0.60253	0.60254			6
2026.02.09	01:33:46.386	0.60258	0.60260			6
2026.02.09	01:33:47.363	0.60257	0.60261			6
2026.02.09	01:33:51.073		0.60260			4
2026.02.09	01:33:53.974		0.60261			4
2026.02.09	01:33:55.344		0.60260			4
2026.02.09	01:33:56.920		0.60259			4
2026.02.09	01:33:59.444	0.60256	0.60258			6
2026.02.09	01:34:00.051	0.60256				2
2026.02.09	01:34:00.998	0.60255	0.60257			6
2026.02.09	01:34:01.634	0.60254	0.60256			6
2026.02.09	01:34:01.955	0.60255				2
2026.02.09	01:34:02.257	0.60254				2
2026.02.09	01:34:02.585	0.60252	0.60254			6
2026.02.09	01:34:03.508	0.60251	0.60253			6
2026.02.09	01:34:03.811	0.60250	0.60252			6
2026.02.09	01:34:06.017	0.60251				2
2026.02.09	01:34:06.650	0.60252	0.60254			6
2026.02.09	01:34:09.481	0.60251	0.60253			6
2026.02.09	01:34:09.784	0.60252	0.60254			6
2026.02.09	01:34:10.109	0.60253	0.60255			6
2026.02.09	01:34:10.413	0.60254				2
2026.02.09	01:34:11.335	0.60255	0.60257			6
2026.02.09	01:34:11.664	0.60257	0.60259			6
2026.02.09	01:34:11.967	0.60258	0.60260			6
2026.02.09	01:34:12.288	0.60257				2
2026.02.09	01:34:13.270	0.60256	0.60259			6
2026.02.09	01:34:13.623	0.60257	0.60260			6
2026.02.09	01:34:13.934	0.60256	0.60259			6
2026.02.09	01:34:14.273	0.60257				2
2026.02.09	01:34:17.436	0.60258				2
2026.02.09	01:34:17.738	0.60259	0.60261			6
2026.02.09	01:34:18.666	0.60256	0.60258			6
2026.02.09	01:34:18.990	0.60257	0.60259			6
2026.02.09	01:34:19.293	0.60254	0.60257			6
2026.02.09	01:34:19.600	0.60252	0.60255			6
2026.02.09	01:34:20.250	0.60251				2
2026.02.09	01:34:21.316	0.60257	0.60260			6
2026.02.09	01:34:21.620	0.60261	0.60264			6
2026.02.09	01:34:22.304	0.60259	0.60263			6
2026.02.09	01:34:27.470	0.60258	0.60262			6
2026.02.09	01:34:29.392	0.60259				2
2026.02.09	01:34:31.386	0.60260				2
2026.02.09	01:34:32.009	0.60259	0.60261			6
2026.02.09	01:34:32.341	0.60260	0.60262			6
2026.02.09	01:34:33.593		0.60261			4
2026.02.09	01:34:34.215	0.60259				2
2026.02.09	01:34:35.150	0.60260				2
2026.02.09	01:34:36.105	0.60259				2
2026.02.09	01:34:36.423	0.60260	0.60262			6
2026.02.09	01:34:36.726		0.60261			4
2026.02.09	01:34:37.030	0.60252	0.60254			6
2026.02.09	01:34:37.332	0.60251	0.60253			6
2026.02.09	01:34:37.979	0.60250	0.60252			6
2026.02.09	01:34:38.309	0.60249	0.60253			6
2026.02.09	01:34:39.646	0.60251	0.60255			6
2026.02.09	01:34:41.267	0.60249	0.60253			6
2026.02.09	01:34:45.076	0.60250	0.60254			6
2026.02.09	01:34:45.683	0.60248	0.60252			6
2026.02.09	01:34:46.030	0.60249	0.60253			6
2026.02.09	01:34:46.334		0.60252			4
2026.02.09	01:34:47.289	0.60250				2
2026.02.09	01:34:49.190		0.60251			4
2026.02.09	01:34:49.494		0.60252			4
2026.02.09	01:34:49.798	0.60252	0.60253			6
2026.02.09	01:34:50.114	0.60250	0.60252			6
2026.02.09	01:34:50.738	0.60251	0.60253			6
2026.02.09	01:34:51.973	0.60252				2
2026.02.09	01:34:53.862	0.60250	0.60252			6
2026.02.09	01:34:54.179	0.60251				2
2026.02.09	01:34:54.809	0.60250				2
2026.02.09	01:34:55.765	0.60251				2
2026.02.09	01:34:56.070	0.60250	0.60251			6
2026.02.09	01:34:56.391	0.60251	0.60252			6
2026.02.09	01:34:56.720	0.60250				2
2026.02.09	01:34:57.022	0.60249	0.60251			6
2026.02.09	01:34:57.339	0.60250				2
2026.02.09	01:34:57.646		0.60252			4
2026.02.09	01:34:58.279	0.60246	0.60248			6
2026.02.09	01:34:58.596	0.60245	0.60247			6
2026.02.09	01:34:59.250	0.60244				2
2026.02.09	01:35:00.199	0.60245				2
2026.02.09	01:35:02.405	0.60244	0.60246			6
2026.02.09	01:35:03.060	0.60243	0.60245			6
2026.02.09	01:35:03.702	0.60250	0.60251			6
2026.02.09	01:35:04.012	0.60249				2
2026.02.09	01:35:04.342		0.60253			4
2026.02.09	01:35:05.298	0.60248	0.60252			6
2026.02.09	01:35:05.644	0.60256	0.60258			6
2026.02.09	01:35:05.948	0.60260	0.60264			6
2026.02.09	01:35:06.252	0.60261	0.60265			6
2026.02.09	01:35:06.565	0.60260	0.60264			6
2026.02.09	01:35:06.896	0.60259	0.60263			6
2026.02.09	01:35:07.217	0.60258	0.60262			6
2026.02.09	01:35:07.525	0.60260	0.60264			6
2026.02.09	01:35:07.847	0.60259	0.60262			6
2026.02.09	01:35:08.152	0.60258				2
2026.02.09	01:35:09.085	0.60255	0.60256			6
2026.02.09	01:35:09.388	0.60248	0.60252			6
2026.02.09	01:35:09.703	0.60247	0.60251			6
2026.02.09	01:35:10.659	0.60245	0.60249			6
2026.02.09	01:35:10.997	0.60244	0.60248			6
2026.02.09	01:35:11.309	0.60243	0.60247			6
2026.02.09	01:35:11.613	0.60244	0.60248			6
2026.02.09	01:35:12.562	0.60245	0.60249			6
2026.02.09	01:35:12.865	0.60244	0.60248			6
2026.02.09	01:35:13.169	0.60245	0.60249			6
2026.02.09	01:35:13.516	0.60244	0.60248			6
2026.02.09	01:35:14.146	0.60243	0.60247			6
2026.02.09	01:35:14.470	0.60248	0.60252			6
2026.02.09	01:35:14.784	0.60249	0.60253			6
2026.02.09	01:35:15.727	0.60248	0.60252			6
2026.02.09	01:35:16.401	0.60249	0.60253			6
2026.02.09	01:35:16.725	0.60248	0.60252			6
2026.02.09	01:35:20.331		0.60251			4
2026.02.09	01:35:21.291	0.60249	0.60252			6
2026.02.09	01:35:21.641	0.60248	0.60251			6
2026.02.09	01:35:22.289	0.60249				2
2026.02.09	01:35:22.912	0.60248	0.60250			6
2026.02.09	01:35:23.847	0.60249	0.60251			6
2026.02.09	01:35:24.151	0.60251	0.60252			6
2026.02.09	01:35:24.469	0.60249	0.60251			6
2026.02.09	01:35:24.771	0.60250				2
2026.02.09	01:35:26.060	0.60249				2
2026.02.09	01:35:27.010	0.60250				2
2026.02.09	01:35:27.314	0.60249				2
2026.02.09	01:35:27.938	0.60250				2
2026.02.09	01:35:28.240	0.60249				2
2026.02.09	01:35:30.444	0.60250				2
2026.02.09	01:35:30.747	0.60249				2
2026.02.09	01:35:31.075		0.60250			4
2026.02.09	01:35:31.381	0.60248				2
2026.02.09	01:35:32.001	0.60243	0.60244			6
2026.02.09	01:35:32.304		0.60245			4
2026.02.09	01:35:33.281	0.60242	0.60244			6
2026.02.09	01:35:33.584	0.60243	0.60245			6
2026.02.09	01:35:33.887	0.60244				2
2026.02.09	01:35:34.205	0.60243				2
2026.02.09	01:35:34.508	0.60247	0.60248			6
2026.02.09	01:35:34.812	0.60253	0.60254			6
2026.02.09	01:35:35.139	0.60251	0.60255			6
2026.02.09	01:35:36.445	0.60248	0.60252			6
2026.02.09	01:35:37.051	0.60251	0.60253			6
2026.02.09	01:35:37.360	0.60250	0.60254			6
2026.02.09	01:35:38.319	0.60251	0.60255			6
2026.02.09	01:35:38.654	0.60250	0.60254			6
2026.02.09	01:35:39.307	0.60249	0.60253			6
2026.02.09	01:35:39.956	0.60250	0.60254			6
2026.02.09	01:35:40.258	0.60248	0.60252			6
2026.02.09	01:35:40.602	0.60251	0.60253			6
2026.02.09	01:35:40.914		0.60255			4
2026.02.09	01:35:41.261	0.60250	0.60254			6
2026.02.09	01:35:41.564	0.60251	0.60255			6
2026.02.09	01:35:41.868	0.60250	0.60254			6
2026.02.09	01:35:42.214	0.60251	0.60255			6
2026.02.09	01:35:42.863	0.60250	0.60254			6
2026.02.09	01:35:43.171	0.60251				2
2026.02.09	01:35:43.524	0.60249	0.60252			6
2026.02.09	01:35:44.177	0.60250	0.60253			6
2026.02.09	01:35:45.180	0.60251	0.60254			6
2026.02.09	01:35:45.530	0.60249	0.60252			6
2026.02.09	01:35:46.153	0.60250	0.60253			6
2026.02.09	01:35:46.784	0.60251	0.60254			6
2026.02.09	01:35:47.136	0.60250	0.60253			6
2026.02.09	01:35:47.786	0.60249	0.60252			6
2026.02.09	01:35:48.740	0.60251	0.60253			6
2026.02.09	01:35:49.045	0.60252	0.60255			6
2026.02.09	01:35:49.391		0.60256			4
2026.02.09	01:35:49.694	0.60251	0.60255			6
2026.02.09	01:35:50.321		0.60254			4
2026.02.09	01:35:50.650	0.60252	0.60255			6
2026.02.09	01:35:51.301	0.60251	0.60254			6
2026.02.09	01:35:52.256	0.60252				2
2026.02.09	01:35:53.512	0.60253	0.60255			6
2026.02.09	01:35:53.815	0.60252	0.60254			6
2026.02.09	01:35:54.133	0.60253	0.60255			6
2026.02.09	01:35:54.443	0.60258	0.60259			6
2026.02.09	01:35:55.084	0.60257				2
2026.02.09	01:35:55.390	0.60256				2
2026.02.09	01:35:56.048	0.60257	0.60260			6
2026.02.09	01:35:56.374		0.60259			4
2026.02.09	01:35:56.691	0.60256	0.60258			6
2026.02.09	01:35:56.994	0.60257	0.60259			6
2026.02.09	01:35:57.325	0.60262	0.60264			6
2026.02.09	01:35:58.250	0.60260				2
2026.02.09	01:35:58.568	0.60259	0.60263			6
2026.02.09	01:35:58.881	0.60258	0.60262			6
2026.02.09	01:36:00.187	0.60258				2
2026.02.09	01:36:02.099	0.60257	0.60260			6
2026.02.09	01:36:03.024	0.60254	0.60257			6
2026.02.09	01:36:03.333	0.60256	0.60260			6
2026.02.09	01:36:03.640	0.60255	0.60259			6
2026.02.09	01:36:03.951	0.60254	0.60258			6
2026.02.09	01:36:04.259	0.60253	0.60257			6
2026.02.09	01:36:04.609		0.60256			4
2026.02.09	01:36:06.257	0.60254				2
2026.02.09	01:36:06.562	0.60256	0.60258			6
2026.02.09	01:36:06.864	0.60254	0.60256			6
2026.02.09	01:36:08.438	0.60255	0.60257			6
2026.02.09	01:36:08.767	0.60254	0.60256			6
2026.02.09	01:36:09.072	0.60256	0.60257			6
2026.02.09	01:36:09.374	0.60255				2
2026.02.09	01:36:09.692	0.60254	0.60256			6
2026.02.09	01:36:09.993		0.60255			4
2026.02.09	01:36:10.324	0.60253				2
2026.02.09	01:36:10.627	0.60254	0.60256			6
2026.02.09	01:36:12.180		0.60255			4
2026.02.09	01:36:12.484		0.60256			4
2026.02.09	01:36:13.755	0.60255				2
2026.02.09	01:36:14.694	0.60254				2
2026.02.09	01:36:14.999	0.60256	0.60258			6
2026.02.09	01:36:15.616		0.60257			4
2026.02.09	01:36:15.919	0.60255				2
2026.02.09	01:36:16.869	0.60253	0.60255			6
2026.02.09	01:36:17.499	0.60257	0.60258			6
2026.02.09	01:36:17.802	0.60258	0.60260			6
2026.02.09	01:36:18.104	0.60257	0.60259			6
2026.02.09	01:36:18.407	0.60256	0.60260			6
2026.02.09	01:36:20.259	0.60258	0.60261			6
2026.02.09	01:36:20.568	0.60257	0.60259			6
2026.02.09	01:36:20.881		0.60260			4
2026.02.09	01:36:21.523	0.60256	0.60259			6
2026.02.09	01:36:22.162	0.60258	0.60260			6
2026.02.09	01:36:22.776	0.60256	0.60258			6
2026.02.09	01:36:23.081	0.60255	0.60257			6
2026.02.09	01:36:23.395	0.60254	0.60258			6
2026.02.09	01:36:23.699	0.60255	0.60259			6
2026.02.09	01:36:24.008	0.60254	0.60258			6
2026.02.09	01:36:24.353	0.60257	0.60260			6
2026.02.09	01:36:25.286		0.60261			4
2026.02.09	01:36:26.438		0.60260			4
2026.02.09	01:36:27.394	0.60259	0.60261			6
2026.02.09	01:36:29.252		0.60260			4
2026.02.09	01:36:29.872	0.60258	0.60259			6
2026.02.09	01:36:30.179		0.60260			4
2026.02.09	01:36:32.381		0.60259			4
2026.02.09	01:36:32.708		0.60260			4
2026.02.09	01:36:33.634	0.60252	0.60254			6
2026.02.09	01:36:34.243	0.60251	0.60255			6
2026.02.09	01:36:35.180	0.60252	0.60256			6
2026.02.09	01:36:35.619	0.60251	0.60255			6
2026.02.09	01:36:35.922		0.60254			4
2026.02.09	01:36:36.226	0.60249	0.60252			6
2026.02.09	01:36:36.577	0.60258	0.60262			6
2026.02.09	01:36:36.883	0.60260	0.60264			6
2026.02.09	01:36:37.200	0.60258	0.60262			6
2026.02.09	01:36:38.661	0.60257	0.60261			6
2026.02.09	01:36:38.983	0.60258				2
2026.02.09	01:36:39.286	0.60259	0.60262			6
2026.02.09	01:36:39.597	0.60257	0.60261			6
2026.02.09	01:36:40.204	0.60258	0.60262			6
2026.02.09	01:36:40.543	0.60260				2
2026.02.09	01:36:40.858	0.60261	0.60265			6
2026.02.09	01:36:41.194	0.60258	0.60262			6
2026.02.09	01:36:41.525	0.60257	0.60261			6
2026.02.09	01:36:44.252	0.60256	0.60258			6
2026.02.09	01:36:44.555	0.60258	0.60262			6
2026.02.09	01:36:45.208		0.60261			4
2026.02.09	01:36:46.162		0.60260			4
2026.02.09	01:36:47.416		0.60259			4
2026.02.09	01:36:48.338	0.60257				2
2026.02.09	01:36:48.642	0.60258				2
2026.02.09	01:36:50.851	0.60257				2
2026.02.09	01:36:51.159	0.60259	0.60261			6
2026.02.09	01:36:51.780	0.60258	0.60260			6
2026.02.09	01:36:52.100	0.60257	0.60259			6
2026.02.09	01:36:52.730	0.60258				2
2026.02.09	01:36:53.033		0.60260			4
2026.02.09	01:36:53.337	0.60263	0.60265			6
2026.02.09	01:36:57.704	0.60264				2
2026.02.09	01:36:58.009		0.60266			4
2026.02.09	01:36:58.628		0.60265			4
2026.02.09	01:36:58.932	0.60263				2
2026.02.09	01:36:59.256	0.60264	0.60266			6
2026.02.09	01:36:59.564	0.60263	0.60265			6
2026.02.09	01:37:00.187	0.60263				2
2026.02.09	01:37:00.819	0.60264	0.60266			6
2026.02.09	01:37:01.122		0.60265			4
2026.02.09	01:37:01.425	0.60262	0.60264			6
2026.02.09	01:37:01.740	0.60264	0.60266			6
2026.02.09	01:37:02.041	0.60261	0.60262			6
2026.02.09	01:37:02.347	0.60260				2
2026.02.09	01:37:02.657	0.60259	0.60261			6
2026.02.09	01:37:03.303	0.60260				2
2026.02.09	01:37:03.606	0.60259				2
2026.02.09	01:37:07.048	0.60260	0.60262			6
2026.02.09	01:37:07.366	0.60259	0.60261			6
2026.02.09	01:37:08.297	0.60260				2
2026.02.09	01:37:08.618	0.60259				2
2026.02.09	01:37:12.366	0.60260				2
2026.02.09	01:37:12.670	0.60259				2
2026.02.09	01:37:12.985	0.60260				2
2026.02.09	01:37:13.591	0.60259				2
2026.02.09	01:37:13.918	0.60260				2
2026.02.09	01:37:14.223	0.60259				2
2026.02.09	01:37:16.402	0.60260				2
2026.02.09	01:37:16.734	0.60256	0.60258			6
2026.02.09	01:37:17.036	0.60253	0.60255			6
2026.02.09	01:37:17.339	0.60255	0.60256			6
2026.02.09	01:37:17.657	0.60254	0.60255			6
2026.02.09	01:37:18.264	0.60246	0.60250			6
2026.02.09	01:37:18.594	0.60245	0.60249			6
2026.02.09	01:37:18.903	0.60244	0.60248			6
2026.02.09	01:37:19.510	0.60241	0.60245			6
2026.02.09	01:37:19.851	0.60243	0.60247			6
2026.02.09	01:37:20.161	0.60242	0.60246			6
