<DATE>	<TIME>	<BID>	<ASK>	<LAST>	<VOLUME>	<FLAGS>
2026.03.05	00:03:30.697	0.59381	0.59408			6
2026.03.05	00:04:00.201	0.59381				2
2026.03.05	00:04:30.884		0.59408			4
2026.03.05	00:05:00.101	0.59381				2
2026.03.05	00:05:01.906	0.59379	0.59406			6
2026.03.05	00:05:19.367	0.59388				2
2026.03.05	00:05:19.669	0.59379				2
2026.03.05	00:05:19.968	0.59388				2
2026.03.05	00:05:20.268	0.59379				2
2026.03.05	00:05:20.569	0.59388				2
2026.03.05	00:05:20.870	0.59379				2
2026.03.05	00:05:21.175	0.59388				2
2026.03.05	00:05:22.081	0.59379				2
2026.03.05	00:05:22.383	0.59388				2
2026.03.05	00:05:22.988	0.59379				2
2026.03.05	00:05:30.213	0.59378	0.59405			6
2026.03.05	00:05:58.828	0.59377	0.59404			6
2026.03.05	00:06:00.032	0.59377				2
2026.03.05	00:06:00.927	0.59378	0.59405			6
2026.03.05	00:07:00.233	0.59378				2
2026.03.05	00:07:00.832	0.59372	0.59373			6
2026.03.05	00:07:01.732	0.59371	0.59372			6
2026.03.05	00:07:12.864	0.59375	0.59376			6
2026.03.05	00:07:15.265	0.59371	0.59372			6
2026.03.05	00:07:20.681	0.59374	0.59375			6
2026.03.05	00:07:21.297	0.59371	0.59372			6
2026.03.05	00:07:28.517	0.59374	0.59375			6
2026.03.05	00:07:30.925	0.59371	0.59372			6
2026.03.05	00:07:48.072	0.59374	0.59375			6
2026.03.05	00:07:48.691	0.59372	0.59373			6
2026.03.05	00:08:00.132	0.59372				2
2026.03.05	00:08:48.906		0.59373			4
2026.03.05	00:09:00.042	0.59372				2
2026.03.05	00:09:06.652	0.59373	0.59374			6
2026.03.05	00:09:46.404	0.59372	0.59373			6
2026.03.05	00:10:00.258	0.59372				2
2026.03.05	00:10:01.761	0.59374	0.59375			6
2026.03.05	00:10:03.863	0.59373	0.59374			6
2026.03.05	00:10:06.867	0.59372	0.59373			6
2026.03.05	00:10:08.065	0.59374	0.59375			6
2026.03.05	00:10:10.471	0.59372	0.59373			6
2026.03.05	00:10:11.673	0.59373	0.59374			6
2026.03.05	00:10:12.876	0.59367	0.59371			6
2026.03.05	00:10:14.679		0.59372			4
2026.03.05	00:10:14.982		0.59373			4
2026.03.05	00:10:15.282		0.59376			4
2026.03.05	00:10:15.883		0.59372			4
2026.03.05	00:10:17.084		0.59376			4
2026.03.05	00:10:17.687		0.59379			4
2026.03.05	00:10:18.892		0.59372			4
2026.03.05	00:10:28.517		0.59379			4
2026.03.05	00:10:30.324		0.59372			4
2026.03.05	00:10:48.074	0.59366				2
2026.03.05	00:10:57.120		0.59376			4
2026.03.05	00:10:57.726		0.59372			4
2026.03.05	00:11:00.134	0.59366				2
2026.03.05	00:11:01.635		0.59376			4
2026.03.05	00:11:01.936		0.59378			4
2026.03.05	00:11:03.742		0.59372			4
2026.03.05	00:11:04.942		0.59375			4
2026.03.05	00:11:06.144		0.59376			4
2026.03.05	00:11:06.745		0.59372			4
2026.03.05	00:11:07.950	0.59372	0.59373			6
2026.03.05	00:11:09.154		0.59376			4
2026.03.05	00:11:09.760		0.59373			4
2026.03.05	00:11:10.665		0.59376			4
2026.03.05	00:11:12.776		0.59373			4
2026.03.05	00:12:00.007	0.59372				2
2026.03.05	00:12:09.338		0.59377			4
2026.03.05	00:12:12.346		0.59373			4
2026.03.05	00:12:48.452	0.59373	0.59405			6
2026.03.05	00:12:56.571	0.59372				2
2026.03.05	00:13:00.192	0.59372				2
2026.03.05	00:13:48.621		0.59405			4
2026.03.05	00:14:00.050	0.59372				2
2026.03.05	00:14:47.912	0.59374				2
2026.03.05	00:14:48.813		0.59405			4
2026.03.05	00:15:00.243	0.59374				2
2026.03.05	00:15:30.642	0.59373				2
2026.03.05	00:15:33.047	0.59372	0.59373			6
2026.03.05	00:16:00.141	0.59372				2
2026.03.05	00:16:01.351	0.59373	0.59374			6
2026.03.05	00:16:03.163	0.59372	0.59373			6
2026.03.05	00:16:07.080	0.59367	0.59372			6
2026.03.05	00:16:07.383	0.59366	0.59371			6
2026.03.05	00:16:07.983	0.59372	0.59373			6
2026.03.05	00:16:48.906	0.59373	0.59376			6
2026.03.05	00:16:51.308	0.59372	0.59373			6
2026.03.05	00:16:54.009	0.59373	0.59380			6
2026.03.05	00:16:54.309		0.59375			4
2026.03.05	00:16:57.318	0.59372	0.59373			6
2026.03.05	00:16:57.920	0.59373	0.59376			6
2026.03.05	00:17:00.026	0.59373				2
2026.03.05	00:17:00.327	0.59372	0.59373			6
2026.03.05	00:17:01.532	0.59373	0.59376			6
2026.03.05	00:17:01.832		0.59380			4
2026.03.05	00:17:03.335		0.59375			4
2026.03.05	00:17:06.341	0.59372	0.59373			6
2026.03.05	00:17:09.952	0.59373	0.59376			6
2026.03.05	00:17:12.362	0.59372	0.59373			6
2026.03.05	00:18:00.199	0.59372				2
2026.03.05	00:18:12.539		0.59373			4
2026.03.05	00:18:18.252	0.59373	0.59374			6
2026.03.05	00:18:27.877	0.59374	0.59376			6
2026.03.05	00:18:30.885	0.59373	0.59374			6
2026.03.05	00:18:51.051	0.59374	0.59380			6
2026.03.05	00:18:54.062		0.59375			4
2026.03.05	00:18:57.062	0.59373	0.59374			6
2026.03.05	00:19:00.073	0.59373				2
2026.03.05	00:19:44.925	0.59370	0.59372			6
2026.03.05	00:19:45.224	0.59369	0.59398			6
2026.03.05	00:20:00.270	0.59369	0.59403			6
2026.03.05	00:20:03.570		0.59402			4
2026.03.05	00:20:05.679		0.59403			4
2026.03.05	00:20:10.197		0.59402			4
2026.03.05	00:20:13.512	0.59378				2
2026.03.05	00:20:13.812	0.59369	0.59403			6
2026.03.05	00:20:14.116	0.59378				2
2026.03.05	00:20:14.416	0.59369				2
2026.03.05	00:20:14.717	0.59378				2
2026.03.05	00:20:15.018	0.59369				2
2026.03.05	00:20:15.317	0.59378				2
2026.03.05	00:20:15.619	0.59369				2
2026.03.05	00:20:15.918	0.59378				2
2026.03.05	00:20:16.219	0.59369	0.59402			6
2026.03.05	00:20:16.521	0.59378				2
2026.03.05	00:20:16.819	0.59369				2
2026.03.05	00:20:39.710		0.59403			4
2026.03.05	00:20:51.159		0.59402			4
2026.03.05	00:21:00.194	0.59369				2
2026.03.05	00:21:01.398	0.59367				2
2026.03.05	00:21:02.899	0.59368				2
2026.03.05	00:21:06.810		0.59401			4
2026.03.05	00:21:07.111	0.59367				2
2026.03.05	00:21:09.519	0.59368				2
2026.03.05	00:21:10.722	0.59367				2
2026.03.05	00:21:11.025	0.59368	0.59402			6
2026.03.05	00:21:15.836	0.59367	0.59401			6
2026.03.05	00:21:21.543		0.59400			4
2026.03.05	00:22:00.069	0.59367				2
2026.03.05	00:22:21.718		0.59400			4
2026.03.05	00:22:38.568		0.59399			4
2026.03.05	00:23:00.251	0.59367				2
2026.03.05	00:23:38.786		0.59399			4
2026.03.05	00:24:00.153	0.59367				2
2026.03.05	00:24:30.861	0.59372	0.59403			6
2026.03.05	00:24:32.965		0.59401			4
2026.03.05	00:24:41.988		0.59402			4
2026.03.05	00:24:44.996		0.59401			4
2026.03.05	00:24:48.005		0.59402			4
2026.03.05	00:24:49.806		0.59401			4
2026.03.05	00:25:00.045	0.59372				2
2026.03.05	00:25:26.520	0.59371				2
2026.03.05	00:25:27.120		0.59402			4
2026.03.05	00:25:31.028		0.59403			4
2026.03.05	00:25:40.656	0.59372	0.59402			6
2026.03.05	00:26:00.218	0.59372				2
2026.03.05	00:26:17.970	0.59371	0.59403			6
2026.03.05	00:26:34.834		0.59404			4
2026.03.05	00:26:37.843		0.59405			4
2026.03.05	00:26:43.262		0.59404			4
2026.03.05	00:26:43.562		0.59405			4
2026.03.05	00:26:43.861		0.59404			4
2026.03.05	00:26:55.603		0.59405			4
2026.03.05	00:27:00.118	0.59371				2
2026.03.05	00:27:07.644		0.59403			4
2026.03.05	00:27:15.772		0.59404			4
2026.03.05	00:27:31.427		0.59405			4
2026.03.05	00:27:34.742		0.59404			4
2026.03.05	00:28:00.034	0.59371				2
2026.03.05	00:28:26.521		0.59405			4
2026.03.05	00:28:31.033		0.59404			4
2026.03.05	00:28:32.233		0.59405			4
2026.03.05	00:28:34.040		0.59404			4
2026.03.05	00:28:46.071		0.59408			4
2026.03.05	00:28:51.791		0.59407			4
2026.03.05	00:28:56.001		0.59408			4
2026.03.05	00:28:59.918		0.59407			4
2026.03.05	00:29:00.220	0.59371	0.59408			6
2026.03.05	00:29:02.023		0.59409			4
2026.03.05	00:29:09.861		0.59408			4
2026.03.05	00:29:16.482		0.59409			4
2026.03.05	00:29:17.990		0.59410			4
2026.03.05	00:29:31.538		0.59411			4
2026.03.05	00:29:34.245		0.59410			4
2026.03.05	00:29:42.682		0.59411			4
2026.03.05	00:29:51.115	0.59379	0.59412			6
2026.03.05	00:30:00.147	0.59379				2
2026.03.05	00:30:01.347	0.59384	0.59414			6
2026.03.05	00:30:02.250	0.59385	0.59412			6
2026.03.05	00:30:05.569	0.59383	0.59414			6
2026.03.05	00:30:09.477		0.59409			4
2026.03.05	00:30:14.293		0.59408			4
2026.03.05	00:30:17.306	0.59382	0.59409			6
2026.03.05	00:30:20.319	0.59383	0.59408			6
2026.03.05	00:30:23.633	0.59382	0.59409			6
2026.03.05	00:30:23.934		0.59415			4
2026.03.05	00:30:24.839		0.59410			4
2026.03.05	00:30:29.657	0.59381				2
2026.03.05	00:30:30.861	0.59391				2
2026.03.05	00:30:35.066	0.59390	0.59411			6
2026.03.05	00:30:35.367		0.59417			4
2026.03.05	00:30:37.469	0.59388				2
2026.03.05	00:30:41.377	0.59387				2
2026.03.05	00:30:41.681	0.59385	0.59413			6
2026.03.05	00:30:42.886	0.59386	0.59412			6
2026.03.05	00:30:43.182	0.59388	0.59409			6
2026.03.05	00:30:48.001	0.59387				2
2026.03.05	00:30:53.113		0.59410			4
2026.03.05	00:31:00.041	0.59387				2
2026.03.05	00:31:09.065	0.59386				2
2026.03.05	00:31:19.298	0.59383				2
2026.03.05	00:31:23.207		0.59411			4
2026.03.05	00:31:24.106	0.59384				2
2026.03.05	00:31:28.016		0.59410			4
2026.03.05	00:31:38.245		0.59411			4
2026.03.05	00:31:43.060		0.59409			4
2026.03.05	00:31:48.786	0.59385	0.59410			6
2026.03.05	00:31:58.722		0.59411			4
2026.03.05	00:32:00.225	0.59385				2
2026.03.05	00:32:09.544		0.59410			4
2026.03.05	00:32:45.663	0.59384	0.59409			6
2026.03.05	00:32:47.163		0.59405			4
2026.03.05	00:32:47.764		0.59409			4
2026.03.05	00:32:50.173	0.59383				2
2026.03.05	00:32:55.900		0.59408			4
2026.03.05	00:32:57.406	0.59384	0.59409			6
2026.03.05	00:32:59.208		0.59410			4
2026.03.05	00:33:00.111	0.59384				2
2026.03.05	00:33:00.410		0.59409			4
2026.03.05	00:33:04.326	0.59385				2
2026.03.05	00:33:06.132	0.59384				2
2026.03.05	00:33:06.433		0.59407			4
2026.03.05	00:33:10.946		0.59408			4
2026.03.05	00:33:15.465	0.59385				2
2026.03.05	00:33:15.764		0.59407			4
2026.03.05	00:33:18.164	0.59384				2
2026.03.05	00:33:18.466		0.59409			4
2026.03.05	00:33:19.970	0.59385	0.59408			6
2026.03.05	00:33:20.567		0.59409			4
2026.03.05	00:33:20.867		0.59407			4
2026.03.05	00:33:22.679	0.59384				2
2026.03.05	00:33:27.493	0.59383				2
2026.03.05	00:33:28.091		0.59408			4
2026.03.05	00:33:28.391	0.59384	0.59409			6
2026.03.05	00:33:28.690		0.59408			4
2026.03.05	00:33:28.992	0.59383				2
2026.03.05	00:33:29.292		0.59407			4
2026.03.05	00:33:36.515	0.59384				2
2026.03.05	00:33:37.415		0.59408			4
2026.03.05	00:33:39.522	0.59385				2
2026.03.05	00:33:41.629	0.59384	0.59407			6
2026.03.05	00:33:41.930		0.59408			4
2026.03.05	00:33:42.534	0.59385				2
2026.03.05	00:33:44.938	0.59386				2
2026.03.05	00:33:47.944		0.59409			4
2026.03.05	00:33:48.245		0.59410			4
2026.03.05	00:33:48.546	0.59385	0.59408			6
2026.03.05	00:33:49.147	0.59387				2
2026.03.05	00:33:50.047		0.59407			4
2026.03.05	00:33:52.751	0.59386				2
2026.03.05	00:33:55.763	0.59387	0.59408			6
2026.03.05	00:33:56.061		0.59407			4
2026.03.05	00:33:57.266	0.59388	0.59408			6
2026.03.05	00:34:00.267	0.59388				2
2026.03.05	00:34:00.867		0.59409			4
2026.03.05	00:34:02.673	0.59387				2
2026.03.05	00:34:05.077	0.59386	0.59406			6
2026.03.05	00:34:05.380	0.59387	0.59409			6
2026.03.05	00:34:13.220		0.59408			4
2026.03.05	00:34:15.325	0.59388				2
2026.03.05	00:34:19.838	0.59389				2
2026.03.05	00:34:20.137		0.59410			4
2026.03.05	00:34:21.941	0.59388	0.59408			6
2026.03.05	00:34:22.244	0.59387	0.59409			6
2026.03.05	00:34:23.142		0.59408			4
2026.03.05	00:34:25.853	0.59388				2
2026.03.05	00:34:29.758		0.59409			4
2026.03.05	00:34:30.061		0.59408			4
2026.03.05	00:34:31.264	0.59390	0.59409			6
2026.03.05	00:34:35.773		0.59410			4
2026.03.05	00:34:49.013	0.59379				2
2026.03.05	00:34:49.917		0.59409			4
2026.03.05	00:34:52.923	0.59380	0.59408			6
2026.03.05	00:34:53.527	0.59379	0.59406			6
2026.03.05	00:35:00.142	0.59379				2
2026.03.05	00:35:04.352	0.59380				2
2026.03.05	00:35:05.255		0.59407			4
2026.03.05	00:35:17.583		0.59406			4
2026.03.05	00:35:25.403		0.59407			4
2026.03.05	00:35:28.103		0.59408			4
2026.03.05	00:35:29.007	0.59379	0.59407			6
2026.03.05	00:35:29.304		0.59406			4
2026.03.05	00:35:32.921	0.59378				2
2026.03.05	00:35:34.121	0.59380				2
2026.03.05	00:35:37.727		0.59407			4
2026.03.05	00:35:40.442		0.59406			4
2026.03.05	00:35:41.043		0.59405			4
2026.03.05	00:35:45.860	0.59379	0.59404			6
2026.03.05	00:35:58.204		0.59403			4
2026.03.05	00:35:58.505		0.59404			4
2026.03.05	00:35:59.711		0.59403			4
2026.03.05	00:36:00.010	0.59379	0.59404			6
2026.03.05	00:36:00.312		0.59406			4
2026.03.05	00:36:38.796		0.59407			4
2026.03.05	00:36:45.411	0.59378	0.59405			6
2026.03.05	00:36:45.714	0.59379				2
2026.03.05	00:36:52.334		0.59404			4
2026.03.05	00:36:53.241		0.59405			4
2026.03.05	00:36:54.743		0.59404			4
2026.03.05	00:36:55.344		0.59405			4
2026.03.05	00:36:55.946		0.59407			4
2026.03.05	00:36:58.351		0.59406			4
2026.03.05	00:37:00.153	0.59379				2
2026.03.05	00:37:02.560		0.59405			4
2026.03.05	00:37:06.166		0.59406			4
2026.03.05	00:37:06.464		0.59405			4
2026.03.05	00:37:12.800	0.59378				2
2026.03.05	00:37:13.400		0.59404			4
2026.03.05	00:37:19.721		0.59405			4
2026.03.05	00:37:23.632		0.59404			4
2026.03.05	00:37:25.137	0.59392				2
2026.03.05	00:37:25.438	0.59378				2
2026.03.05	00:37:25.741	0.59392				2
2026.03.05	00:37:26.041	0.59378				2
2026.03.05	00:37:26.341	0.59392				2
2026.03.05	00:37:26.641	0.59378				2
2026.03.05	00:37:27.241	0.59392				2
2026.03.05	00:37:27.545	0.59379	0.59405			6
2026.03.05	00:37:27.846	0.59392				2
2026.03.05	00:37:28.147	0.59381				2
2026.03.05	00:37:28.446	0.59392				2
2026.03.05	00:37:28.747	0.59381				2
2026.03.05	00:37:29.348		0.59406			4
2026.03.05	00:37:30.251	0.59380				2
2026.03.05	00:37:30.552	0.59381				2
2026.03.05	00:37:35.064		0.59407			4
2026.03.05	00:37:39.567		0.59406			4
2026.03.05	00:37:39.867		0.59405			4
2026.03.05	00:37:40.167		0.59406			4
2026.03.05	00:37:44.975		0.59405			4
2026.03.05	00:37:46.177	0.59380				2
2026.03.05	00:37:49.790		0.59404			4
2026.03.05	00:37:50.392		0.59405			4
2026.03.05	00:37:54.610		0.59404			4
2026.03.05	00:38:00.029	0.59380				2
2026.03.05	00:38:09.940	0.59379				2
2026.03.05	00:38:10.541	0.59380				2
2026.03.05	00:38:16.261		0.59403			4
2026.03.05	00:38:23.492		0.59404			4
2026.03.05	00:38:28.308	0.59379	0.59403			6
2026.03.05	00:38:29.510		0.59404			4
2026.03.05	00:38:39.744	0.59380				2
2026.03.05	00:38:50.874		0.59406			4
2026.03.05	00:38:51.777		0.59404			4
2026.03.05	00:38:52.385		0.59406			4
2026.03.05	00:38:52.687		0.59404			4
2026.03.05	00:38:53.290		0.59400			4
2026.03.05	00:38:53.891		0.59404			4
2026.03.05	00:38:56.000		0.59403			4
2026.03.05	00:38:56.901		0.59404			4
2026.03.05	00:38:57.502		0.59403			4
2026.03.05	00:38:57.802	0.59378				2
2026.03.05	00:38:58.103	0.59379				2
2026.03.05	00:38:58.402		0.59402			4
2026.03.05	00:38:58.705	0.59380				2
2026.03.05	00:39:00.208	0.59380				2
2026.03.05	00:39:06.528		0.59404			4
2026.03.05	00:39:09.839	0.59379	0.59402			6
2026.03.05	00:39:10.739	0.59380				2
2026.03.05	00:39:14.349		0.59404			4
2026.03.05	00:39:21.866		0.59402			4
2026.03.05	00:39:23.972	0.59378				2
2026.03.05	00:39:25.775	0.59380				2
2026.03.05	00:39:39.905	0.59381				2
2026.03.05	00:39:47.428		0.59404			4
2026.03.05	00:39:47.727	0.59380				2
2026.03.05	00:39:50.433	0.59381				2
2026.03.05	00:39:57.933	0.59380				2
2026.03.05	00:39:58.229	0.59381				2
2026.03.05	00:39:59.435		0.59399			4
2026.03.05	00:39:59.732		0.59403			4
2026.03.05	00:40:00.038	0.59381				2
2026.03.05	00:40:00.635		0.59404			4
2026.03.05	00:40:06.355		0.59403			4
2026.03.05	00:40:06.956		0.59402			4
2026.03.05	00:40:07.255	0.59378	0.59401			6
2026.03.05	00:40:07.556	0.59381				2
2026.03.05	00:40:12.058		0.59402			4
2026.03.05	00:40:14.462		0.59404			4
2026.03.05	00:40:15.963		0.59403			4
2026.03.05	00:40:24.666	0.59378				2
2026.03.05	00:40:27.066		0.59402			4
2026.03.05	00:40:31.587		0.59400			4
2026.03.05	00:40:33.992		0.59401			4
2026.03.05	00:40:40.919		0.59402			4
2026.03.05	00:40:42.725		0.59403			4
2026.03.05	00:40:48.754	0.59381				2
2026.03.05	00:40:54.468	0.59378				2
2026.03.05	00:40:59.576	0.59381				2
2026.03.05	00:41:00.177	0.59381				2
2026.03.05	00:41:02.884		0.59404			4
2026.03.05	00:41:06.795		0.59403			4
2026.03.05	00:41:09.806	0.59378				2
2026.03.05	00:41:10.106	0.59381				2
2026.03.05	00:41:10.407	0.59378				2
2026.03.05	00:41:16.421		0.59402			4
2026.03.05	00:41:19.727		0.59403			4
2026.03.05	00:41:25.441		0.59404			4
2026.03.05	00:41:29.652	0.59381	0.59403			6
2026.03.05	00:41:33.566		0.59404			4
2026.03.05	00:41:43.787	0.59378	0.59405			6
2026.03.05	00:41:44.089		0.59403			4
2026.03.05	00:41:47.100		0.59404			4
2026.03.05	00:41:54.033		0.59403			4
2026.03.05	00:41:55.536		0.59401			4
2026.03.05	00:41:55.839		0.59403			4
2026.03.05	00:42:00.047	0.59378				2
2026.03.05	00:42:13.269	0.59380				2
2026.03.05	00:42:16.272	0.59379	0.59402			6
2026.03.05	00:42:17.183	0.59380				2
2026.03.05	00:42:26.215		0.59404			4
2026.03.05	00:42:34.634		0.59403			4
2026.03.05	00:42:34.934	0.59378				2
2026.03.05	00:42:37.039	0.59380				2
2026.03.05	00:42:37.340	0.59378				2
2026.03.05	00:42:38.241		0.59402			4
2026.03.05	00:42:46.366	0.59380	0.59403			6
2026.03.05	00:42:47.270	0.59379				2
2026.03.05	00:42:47.568	0.59380				2
2026.03.05	00:42:47.870	0.59379				2
2026.03.05	00:42:48.171	0.59380				2
2026.03.05	00:42:49.072	0.59388	0.59405			6
2026.03.05	00:42:49.673		0.59406			4
2026.03.05	00:42:49.970	0.59387				2
2026.03.05	00:42:52.380		0.59405			4
2026.03.05	00:42:59.901		0.59406			4
2026.03.05	00:43:00.202	0.59386	0.59407			6
2026.03.05	00:43:00.502		0.59404			4
2026.03.05	00:43:00.803	0.59385	0.59403			6
2026.03.05	00:43:02.001	0.59384	0.59404			6
2026.03.05	00:43:02.301		0.59403			4
2026.03.05	00:43:02.605	0.59387	0.59404			6
2026.03.05	00:43:12.817	0.59385	0.59403			6
2026.03.05	00:43:13.127	0.59383	0.59404			6
2026.03.05	00:43:14.929	0.59389				2
2026.03.05	00:43:15.526		0.59405			4
2026.03.05	00:43:23.936		0.59403			4
2026.03.05	00:43:27.541	0.59388				2
2026.03.05	00:43:32.047	0.59384				2
2026.03.05	00:43:32.345	0.59388	0.59402			6
2026.03.05	00:43:32.644		0.59405			4
2026.03.05	00:43:32.948		0.59403			4
2026.03.05	00:43:33.249		0.59404			4
2026.03.05	00:43:33.550	0.59384				2
2026.03.05	00:43:33.850	0.59388	0.59403			6
2026.03.05	00:43:43.781	0.59384				2
2026.03.05	00:43:44.395	0.59388	0.59404			6
2026.03.05	00:43:48.907		0.59403			4
2026.03.05	00:43:50.113	0.59389	0.59405			6
2026.03.05	00:43:50.414	0.59388	0.59403			6
2026.03.05	00:44:00.045	0.59388				2
2026.03.05	00:44:00.344		0.59405			4
2026.03.05	00:44:00.643	0.59389				2
2026.03.05	00:44:00.941		0.59406			4
2026.03.05	00:44:02.145		0.59405			4
2026.03.05	00:44:04.551		0.59404			4
2026.03.05	00:44:05.150	0.59383				2
2026.03.05	00:44:05.448	0.59388				2
2026.03.05	00:44:05.751		0.59402			4
2026.03.05	00:44:15.377	0.59384				2
2026.03.05	00:44:15.676	0.59388	0.59404			6
2026.03.05	00:44:16.275		0.59403			4
2026.03.05	00:44:20.192	0.59383				2
2026.03.05	00:44:20.488		0.59404			4
2026.03.05	00:44:28.307	0.59384				2
2026.03.05	00:44:29.211	0.59387	0.59405			6
2026.03.05	00:44:33.424	0.59388	0.59404			6
2026.03.05	00:44:33.723	0.59385	0.59403			6
2026.03.05	00:44:34.324	0.59388	0.59404			6
2026.03.05	00:44:34.624	0.59385	0.59403			6
2026.03.05	00:44:39.445		0.59402			4
2026.03.05	00:44:43.353	0.59387	0.59405			6
2026.03.05	00:44:43.953		0.59404			4
2026.03.05	00:44:45.759	0.59388				2
2026.03.05	00:44:50.865		0.59405			4
2026.03.05	00:44:52.369	0.59387				2
2026.03.05	00:44:57.172	0.59386	0.59402			6
2026.03.05	00:44:57.470	0.59387	0.59405			6
2026.03.05	00:44:58.677		0.59404			4
2026.03.05	00:45:00.178	0.59387				2
2026.03.05	00:45:02.285		0.59405			4
2026.03.05	00:45:03.187	0.59383				2
2026.03.05	00:45:03.787		0.59404			4
2026.03.05	00:45:04.391	0.59382				2
2026.03.05	00:45:06.794	0.59387				2
2026.03.05	00:45:09.507		0.59413			4
2026.03.05	00:45:09.800		0.59404			4
2026.03.05	00:45:13.602		0.59413			4
2026.03.05	00:45:15.158	0.59384	0.59403			6
2026.03.05	00:45:15.870	0.59388				2
2026.03.05	00:45:16.170	0.59384				2
2026.03.05	00:45:16.474	0.59385	0.59402			6
2026.03.05	00:45:25.781	0.59387	0.59412			6
2026.03.05	00:45:32.552		0.59414			4
2026.03.05	00:45:32.853	0.59386	0.59402			6
2026.03.05	00:45:33.154	0.59387	0.59415			6
2026.03.05	00:45:33.455		0.59410			4
2026.03.05	00:45:37.669		0.59411			4
2026.03.05	00:45:46.546	0.59388				2
2026.03.05	00:45:51.046	0.59387				2
2026.03.05	00:45:52.471		0.59417			4
2026.03.05	00:45:55.889	0.59385	0.59418			6
2026.03.05	00:45:56.188	0.59386	0.59411			6
2026.03.05	00:45:56.491	0.59387				2
2026.03.05	00:46:03.046	0.59387				2
2026.03.05	00:46:05.979		0.59412			4
2026.03.05	00:46:06.280	0.59388	0.59416			6
2026.03.05	00:46:06.580	0.59387				2
2026.03.05	00:46:08.961		0.59415			4
2026.03.05	00:46:09.261	0.59386	0.59413			6
2026.03.05	00:46:15.821		0.59402			4
2026.03.05	00:46:16.425	0.59387	0.59412			6
2026.03.05	00:46:18.047	0.59386				2
2026.03.05	00:46:18.995		0.59415			4
2026.03.05	00:46:19.295		0.59418			4
2026.03.05	00:46:19.596		0.59401			4
2026.03.05	00:46:21.347	0.59385				2
2026.03.05	00:46:21.646		0.59403			4
2026.03.05	00:46:22.247	0.59386	0.59402			6
2026.03.05	00:46:22.548	0.59387	0.59417			6
2026.03.05	00:46:36.581	0.59385	0.59403			6
2026.03.05	00:46:37.891	0.59388				2
2026.03.05	00:46:38.191		0.59414			4
2026.03.05	00:46:41.450	0.59387				2
2026.03.05	00:46:41.778	0.59388				2
2026.03.05	00:46:42.491	0.59384	0.59403			6
2026.03.05	00:46:43.770	0.59388	0.59414			6
2026.03.05	00:46:46.620		0.59416			4
2026.03.05	00:46:47.566	0.59385				2
2026.03.05	00:46:47.866	0.59384	0.59403			6
2026.03.05	00:47:02.235	0.59384				2
2026.03.05	00:47:02.535	0.59385	0.59402			6
2026.03.05	00:47:03.135	0.59380	0.59409			6
2026.03.05	00:47:05.840	0.59385	0.59402			6
2026.03.05	00:47:06.855	0.59384	0.59403			6
2026.03.05	00:47:12.235	0.59389	0.59413			6
2026.03.05	00:47:18.772		0.59414			4
2026.03.05	00:47:19.538		0.59413			4
2026.03.05	00:47:19.840	0.59390				2
2026.03.05	00:47:22.555		0.59414			4
2026.03.05	00:47:26.937		0.59409			4
2026.03.05	00:47:27.237		0.59414			4
2026.03.05	00:47:27.992	0.59367	0.59399			6
2026.03.05	00:47:28.806	0.59366	0.59398			6
2026.03.05	00:47:30.279	0.59367	0.59397			6
2026.03.05	00:47:55.385	0.59369	0.59395			6
2026.03.05	00:47:55.686	0.59367	0.59398			6
2026.03.05	00:47:56.656		0.59397			4
2026.03.05	00:48:03.936	0.59367				2
2026.03.05	00:48:04.239	0.59370	0.59394			6
2026.03.05	00:48:09.263	0.59367	0.59397			6
2026.03.05	00:48:10.784		0.59398			4
2026.03.05	00:48:11.659		0.59397			4
2026.03.05	00:48:12.661		0.59398			4
2026.03.05	00:48:13.658		0.59397			4
2026.03.05	00:48:14.657		0.59398			4
2026.03.05	00:48:18.355		0.59399			4
2026.03.05	00:48:18.656		0.59397			4
2026.03.05	00:48:18.956	0.59366	0.59398			6
2026.03.05	00:48:20.656	0.59367	0.59397			6
2026.03.05	00:48:21.656		0.59398			4
2026.03.05	00:48:26.441	0.59366				2
2026.03.05	00:48:27.596		0.59399			4
2026.03.05	00:48:27.897		0.59398			4
2026.03.05	00:48:29.658		0.59399			4
2026.03.05	00:48:29.958		0.59398			4
2026.03.05	00:48:30.560	0.59367	0.59397			6
2026.03.05	00:48:31.817	0.59368	0.59396			6
2026.03.05	00:48:57.343		0.59395			4
2026.03.05	00:49:00.227	0.59368				2
2026.03.05	00:49:07.545	0.59367				2
2026.03.05	00:49:11.552		0.59396			4
2026.03.05	00:49:26.765		0.59397			4
2026.03.05	00:49:28.141	0.59366	0.59395			6
2026.03.05	00:49:28.826	0.59364	0.59396			6
2026.03.05	00:49:29.126		0.59395			4
2026.03.05	00:49:29.428		0.59396			4
2026.03.05	00:49:29.729		0.59395			4
2026.03.05	00:49:30.029	0.59363	0.59394			6
2026.03.05	00:49:40.260		0.59395			4
2026.03.05	00:49:40.861		0.59394			4
2026.03.05	00:49:42.366		0.59395			4
2026.03.05	00:49:56.542	0.59364				2
2026.03.05	00:49:57.445		0.59396			4
2026.03.05	00:50:01.546	0.59364				2
2026.03.05	00:50:06.300	0.59363	0.59397			6
2026.03.05	00:50:07.360		0.59396			4
2026.03.05	00:50:09.660		0.59395			4
2026.03.05	00:50:10.373		0.59396			4
2026.03.05	00:50:19.479		0.59395			4
2026.03.05	00:50:21.665		0.59396			4
2026.03.05	00:50:21.965		0.59395			4
2026.03.05	00:50:30.421		0.59396			4
2026.03.05	00:50:30.721		0.59394			4
2026.03.05	00:50:31.021		0.59395			4
2026.03.05	00:50:40.787		0.59394			4
2026.03.05	00:50:41.096	0.59364	0.59395			6
2026.03.05	00:50:47.415		0.59398			4
2026.03.05	00:50:48.016		0.59395			4
2026.03.05	00:50:48.316		0.59391			4
2026.03.05	00:50:48.918		0.59395			4
2026.03.05	00:50:49.519		0.59391			4
2026.03.05	00:50:49.823		0.59398			4
2026.03.05	00:50:50.425		0.59391			4
2026.03.05	00:50:51.328		0.59395			4
2026.03.05	00:50:51.628	0.59363				2
2026.03.05	00:51:00.294	0.59363	0.59396			6
2026.03.05	00:51:00.597		0.59395			4
2026.03.05	00:51:00.897		0.59394			4
2026.03.05	00:51:03.002		0.59395			4
2026.03.05	00:51:09.446		0.59396			4
2026.03.05	00:51:09.745	0.59364				2
2026.03.05	00:51:10.648		0.59395			4
2026.03.05	00:51:11.251	0.59363				2
2026.03.05	00:51:52.159		0.59396			4
2026.03.05	00:51:53.060		0.59395			4
2026.03.05	00:51:56.366		0.59394			4
2026.03.05	00:52:00.276	0.59363				2
2026.03.05	00:52:06.604		0.59395			4
2026.03.05	00:52:06.905	0.59362				2
2026.03.05	00:52:07.668	0.59363	0.59396			6
2026.03.05	00:52:08.269	0.59364				2
2026.03.05	00:52:32.121	0.59377	0.59397			6
2026.03.05	00:52:32.421	0.59379	0.59401			6
2026.03.05	00:52:36.767		0.59400			4
2026.03.05	00:52:37.067		0.59397			4
2026.03.05	00:52:40.951	0.59389	0.59417			6
2026.03.05	00:52:41.253	0.59390	0.59418			6
2026.03.05	00:52:41.555	0.59393	0.59408			6
2026.03.05	00:52:42.017	0.59391				2
2026.03.05	00:52:42.317	0.59389	0.59415			6
2026.03.05	00:52:42.860	0.59390				2
2026.03.05	00:52:45.001	0.59387	0.59409			6
2026.03.05	00:52:52.450	0.59386	0.59408			6
2026.03.05	00:52:55.546	0.59387				2
2026.03.05	00:53:02.558	0.59387				2
2026.03.05	00:53:07.809		0.59409			4
2026.03.05	00:53:15.673		0.59408			4
2026.03.05	00:53:36.047	0.59388				2
2026.03.05	00:53:43.430	0.59382				2
2026.03.05	00:53:48.177		0.59409			4
2026.03.05	00:53:48.480		0.59408			4
2026.03.05	00:53:53.700	0.59383				2
2026.03.05	00:54:09.019	0.59383				2
2026.03.05	00:54:09.321	0.59382				2
2026.03.05	00:54:18.686	0.59383				2
2026.03.05	00:54:24.585	0.59392				2
2026.03.05	00:54:25.189	0.59383				2
2026.03.05	00:54:25.490	0.59392				2
2026.03.05	00:54:25.795	0.59383				2
2026.03.05	00:54:26.096	0.59392				2
2026.03.05	00:54:26.397	0.59383				2
2026.03.05	00:54:26.697	0.59392				2
2026.03.05	00:54:27.022	0.59383				2
2026.03.05	00:54:27.366	0.59392				2
2026.03.05	00:54:27.756	0.59383				2
2026.03.05	00:54:28.065	0.59392				2
2026.03.05	00:54:28.418	0.59383				2
2026.03.05	00:54:45.440	0.59382				2
2026.03.05	00:54:55.460		0.59408			4
2026.03.05	00:55:00.086	0.59382				2
2026.03.05	00:55:00.385	0.59377	0.59406			6
2026.03.05	00:55:03.380		0.59400			4
2026.03.05	00:55:03.680	0.59372	0.59397			6
2026.03.05	00:55:06.328		0.59391			4
2026.03.05	00:55:07.155		0.59390			4
2026.03.05	00:55:08.461		0.59389			4
2026.03.05	00:55:08.762		0.59390			4
2026.03.05	00:55:09.380	0.59373	0.59387			6
2026.03.05	00:55:09.685		0.59388			4
2026.03.05	00:55:11.273		0.59386			4
2026.03.05	00:55:12.185		0.59383			4
2026.03.05	00:55:12.484		0.59384			4
2026.03.05	00:55:13.192		0.59383			4
2026.03.05	00:55:13.492		0.59384			4
2026.03.05	00:55:14.777		0.59382			4
2026.03.05	00:55:16.546		0.59383			4
2026.03.05	00:55:17.147		0.59384			4
2026.03.05	00:55:21.280	0.59382	0.59406			6
2026.03.05	00:55:21.580	0.59381	0.59407			6
2026.03.05	00:55:23.329		0.59406			4
2026.03.05	00:55:27.382	0.59375	0.59402			6
2026.03.05	00:55:30.081	0.59377				2
2026.03.05	00:55:30.381	0.59378	0.59399			6
2026.03.05	00:55:33.190	0.59377	0.59400			6
2026.03.05	00:55:33.490	0.59373				2
2026.03.05	00:55:35.128		0.59399			4
2026.03.05	00:55:35.429		0.59401			4
2026.03.05	00:55:35.731		0.59400			4
2026.03.05	00:55:36.390	0.59374	0.59393			6
2026.03.05	00:55:39.194		0.59388			4
2026.03.05	00:55:41.841		0.59400			4
2026.03.05	00:55:42.140		0.59399			4
2026.03.05	00:55:44.679	0.59375	0.59398			6
2026.03.05	00:55:45.759	0.59374	0.59399			6
2026.03.05	00:55:54.381		0.59393			4
2026.03.05	00:55:57.348	0.59379	0.59398			6
2026.03.05	00:55:57.648	0.59378	0.59399			6
2026.03.05	00:55:57.948	0.59379	0.59398			6
2026.03.05	00:56:10.847	0.59379				2
2026.03.05	00:56:21.380	0.59374	0.59392			6
2026.03.05	00:56:24.081	0.59378				2
2026.03.05	00:56:24.382	0.59379	0.59398			6
2026.03.05	00:56:24.683		0.59399			4
2026.03.05	00:56:30.390		0.59398			4
2026.03.05	00:56:32.269	0.59378	0.59399			6
2026.03.05	00:56:32.569	0.59379				2
2026.03.05	00:56:32.871	0.59378				2
2026.03.05	00:56:45.382	0.59374	0.59392			6
2026.03.05	00:56:48.355	0.59378	0.59387			6
2026.03.05	00:56:48.956	0.59379	0.59398			6
2026.03.05	00:56:52.675	0.59378	0.59399			6
2026.03.05	00:56:54.276	0.59379	0.59398			6
2026.03.05	00:56:54.577	0.59378	0.59399			6
2026.03.05	00:56:57.590	0.59379	0.59398			6
2026.03.05	00:57:00.277	0.59378	0.59399			6
2026.03.05	00:57:01.547	0.59379	0.59398			6
2026.03.05	00:57:12.381	0.59374	0.59392			6
2026.03.05	00:57:15.109	0.59377	0.59386			6
2026.03.05	00:57:15.413	0.59374	0.59398			6
2026.03.05	00:57:15.713	0.59376	0.59396			6
2026.03.05	00:57:16.014	0.59374	0.59398			6
2026.03.05	00:57:18.240		0.59391			4
2026.03.05	00:57:21.080	0.59376				2
2026.03.05	00:57:21.385	0.59378	0.59386			6
2026.03.05	00:57:23.448	0.59380	0.59398			6
2026.03.05	00:57:23.749	0.59379	0.59399			6
2026.03.05	00:57:25.255		0.59398			4
2026.03.05	00:57:27.664		0.59399			4
2026.03.05	00:57:27.961		0.59398			4
2026.03.05	00:57:32.542		0.59399			4
2026.03.05	00:57:37.546		0.59398			4
2026.03.05	00:57:39.381	0.59374	0.59391			6
2026.03.05	00:57:42.081	0.59380				2
2026.03.05	00:57:42.381	0.59374	0.59398			6
2026.03.05	00:57:45.080	0.59379				2
2026.03.05	00:57:45.380	0.59374	0.59391			6
2026.03.05	00:57:48.080	0.59380				2
2026.03.05	00:57:48.383	0.59378	0.59386			6
2026.03.05	00:57:50.446	0.59380	0.59398			6
2026.03.05	00:57:50.746	0.59379				2
2026.03.05	00:57:53.078	0.59380				2
2026.03.05	00:57:54.345	0.59379				2
2026.03.05	00:58:00.121	0.59375	0.59391			6
2026.03.05	00:58:00.421	0.59374				2
2026.03.05	00:58:02.267	0.59379	0.59393			6
2026.03.05	00:58:03.340	0.59374	0.59388			6
2026.03.05	00:58:06.346		0.59385			4
2026.03.05	00:58:08.899		0.59383			4
2026.03.05	00:58:09.922	0.59369	0.59382			6
2026.03.05	00:58:10.982		0.59394			4
2026.03.05	00:58:14.775	0.59379	0.59399			6
2026.03.05	00:58:33.795		0.59400			4
2026.03.05	00:58:42.366		0.59392			4
2026.03.05	00:58:45.305		0.59390			4
2026.03.05	00:58:57.609		0.59389			4
2026.03.05	00:59:01.246	0.59379				2
2026.03.05	00:59:02.490		0.59388			4
2026.03.05	00:59:02.990		0.59389			4
2026.03.05	00:59:03.490		0.59388			4
2026.03.05	00:59:03.990		0.59389			4
2026.03.05	00:59:05.593		0.59390			4
2026.03.05	00:59:08.800	0.59380	0.59400			6
2026.03.05	00:59:13.251	0.59381				2
2026.03.05	00:59:18.577	0.59382	0.59399			6
2026.03.05	00:59:18.878	0.59381	0.59400			6
2026.03.05	00:59:21.620		0.59399			4
2026.03.05	00:59:21.921		0.59400			4
2026.03.05	00:59:24.356	0.59379	0.59392			6
2026.03.05	00:59:27.081	0.59380				2
2026.03.05	00:59:27.381	0.59379	0.59389			6
2026.03.05	00:59:33.752	0.59382	0.59399			6
2026.03.05	00:59:34.976		0.59398			4
2026.03.05	00:59:35.276		0.59399			4
2026.03.05	00:59:36.095	0.59381	0.59400			6
2026.03.05	00:59:42.277		0.59399			4
2026.03.05	00:59:42.580		0.59398			4
2026.03.05	00:59:43.999		0.59400			4
2026.03.05	00:59:45.803		0.59399			4
2026.03.05	00:59:48.048		0.59395			4
2026.03.05	00:59:48.359		0.59400			4
2026.03.05	00:59:48.859		0.59399			4
2026.03.05	00:59:49.362		0.59400			4
2026.03.05	00:59:49.859		0.59399			4
2026.03.05	00:59:50.159		0.59398			4
2026.03.05	00:59:50.460		0.59399			4
2026.03.05	00:59:51.672	0.59389				2
2026.03.05	00:59:51.972	0.59400	0.59414			6
2026.03.05	00:59:52.273		0.59415			4
2026.03.05	00:59:52.572	0.59401				2
2026.03.05	00:59:54.561	0.59400				2
2026.03.05	00:59:55.676	0.59398				2
2026.03.05	00:59:55.977	0.59399	0.59412			6
2026.03.05	00:59:56.880		0.59413			4
2026.03.05	00:59:58.276		0.59411			4
2026.03.05	00:59:58.577		0.59413			4
2026.03.05	00:59:58.878		0.59412			4
2026.03.05	00:59:59.508		0.59413			4
2026.03.05	01:00:00.109	0.59399				2
2026.03.05	01:00:00.409		0.59415			4
2026.03.05	01:00:00.708	0.59404	0.59412			6
2026.03.05	01:00:01.308	0.59405	0.59413			6
2026.03.05	01:00:01.609	0.59404	0.59412			6
2026.03.05	01:00:01.911	0.59405	0.59413			6
2026.03.05	01:00:02.211	0.59404	0.59412			6
2026.03.05	01:00:03.413	0.59402				2
2026.03.05	01:00:04.014	0.59400	0.59410			6
2026.03.05	01:00:04.614	0.59401	0.59412			6
2026.03.05	01:00:05.214	0.59400	0.59411			6
2026.03.05	01:00:05.514	0.59403				2
2026.03.05	01:00:05.814	0.59402	0.59412			6
2026.03.05	01:00:07.616	0.59404				2
2026.03.05	01:00:07.917	0.59403				2
2026.03.05	01:00:08.218	0.59404	0.59413			6
2026.03.05	01:00:09.424	0.59405				2
2026.03.05	01:00:09.724	0.59408	0.59415			6
2026.03.05	01:00:10.324	0.59407	0.59416			6
2026.03.05	01:00:10.625	0.59413	0.59442			6
2026.03.05	01:00:11.225		0.59444			4
2026.03.05	01:00:11.527	0.59414				2
2026.03.05	01:00:11.827	0.59415	0.59443			6
2026.03.05	01:00:12.785		0.59442			4
2026.03.05	01:00:14.274		0.59441			4
2026.03.05	01:00:16.935		0.59442			4
2026.03.05	01:00:18.144	0.59396	0.59431			6
2026.03.05	01:00:18.444	0.59395	0.59432			6
2026.03.05	01:00:26.366	0.59394				2
2026.03.05	01:00:26.665		0.59434			4
2026.03.05	01:00:26.966		0.59435			4
2026.03.05	01:00:30.377	0.59395	0.59434			6
2026.03.05	01:00:30.677	0.59394				2
2026.03.05	01:00:30.977	0.59397	0.59433			6
2026.03.05	01:00:31.277	0.59398				2
2026.03.05	01:00:32.026		0.59430			4
2026.03.05	01:00:32.930	0.59399				2
2026.03.05	01:00:35.610	0.59398				2
2026.03.05	01:00:38.313	0.59404	0.59424			6
2026.03.05	01:00:38.613	0.59402	0.59425			6
2026.03.05	01:00:41.545		0.59427			4
2026.03.05	01:00:48.909	0.59403				2
2026.03.05	01:00:52.768	0.59402	0.59425			6
2026.03.05	01:00:54.897		0.59424			4
2026.03.05	01:00:55.197	0.59401	0.59426			6
2026.03.05	01:00:57.472		0.59424			4
2026.03.05	01:01:00.004	0.59401				2
2026.03.05	01:01:00.305	0.59410	0.59414			6
2026.03.05	01:01:04.511	0.59409				2
2026.03.05	01:01:04.811	0.59410				2
2026.03.05	01:01:07.816	0.59409				2
2026.03.05	01:01:08.717	0.59408				2
2026.03.05	01:01:09.617	0.59410				2
2026.03.05	01:01:12.320	0.59409				2
2026.03.05	01:01:13.223	0.59410	0.59415			6
2026.03.05	01:01:14.125	0.59408	0.59414			6
2026.03.05	01:01:15.327	0.59409	0.59415			6
2026.03.05	01:01:15.927	0.59408	0.59414			6
2026.03.05	01:01:16.528	0.59410				2
2026.03.05	01:01:18.028	0.59409				2
2026.03.05	01:01:18.329	0.59410				2
2026.03.05	01:01:19.834	0.59408	0.59412			6
2026.03.05	01:01:25.240	0.59407				2
2026.03.05	01:01:25.541	0.59406				2
2026.03.05	01:01:27.344	0.59408				2
2026.03.05	01:01:28.544	0.59406				2
2026.03.05	01:01:29.145	0.59408				2
2026.03.05	01:01:32.152	0.59407				2
2026.03.05	01:01:34.256	0.59408				2
2026.03.05	01:01:36.358	0.59409	0.59413			6
2026.03.05	01:01:37.260	0.59407				2
2026.03.05	01:01:37.861	0.59408	0.59414			6
2026.03.05	01:01:38.160	0.59410				2
2026.03.05	01:01:38.761	0.59412	0.59416			6
2026.03.05	01:01:39.962	0.59413	0.59417			6
2026.03.05	01:01:40.262	0.59412	0.59416			6
2026.03.05	01:01:41.465	0.59410				2
2026.03.05	01:01:43.266	0.59412				2
2026.03.05	01:01:44.470	0.59411				2
2026.03.05	01:01:45.370	0.59412				2
2026.03.05	01:01:45.671	0.59411				2
2026.03.05	01:01:46.273	0.59412	0.59417			6
2026.03.05	01:01:47.475	0.59413				2
2026.03.05	01:01:47.776	0.59414	0.59419			6
2026.03.05	01:01:48.377	0.59413	0.59418			6
2026.03.05	01:01:49.278	0.59414				2
2026.03.05	01:02:00.084	0.59414				2
2026.03.05	01:02:00.685	0.59415	0.59419			6
2026.03.05	01:02:01.586	0.59416	0.59420			6
2026.03.05	01:02:02.787	0.59415	0.59419			6
2026.03.05	01:02:03.387	0.59414				2
2026.03.05	01:02:05.492	0.59415				2
2026.03.05	01:02:05.792		0.59420			4
2026.03.05	01:02:09.395	0.59416				2
2026.03.05	01:02:13.902	0.59420	0.59421			6
2026.03.05	01:02:14.201	0.59418	0.59432			6
2026.03.05	01:02:15.224	0.59421	0.59425			6
2026.03.05	01:02:17.927	0.59422	0.59426			6
2026.03.05	01:02:18.229		0.59436			4
2026.03.05	01:02:21.832	0.59423	0.59427			6
2026.03.05	01:02:22.133		0.59426			4
2026.03.05	01:02:23.333		0.59436			4
2026.03.05	01:02:23.634	0.59424	0.59428			6
2026.03.05	01:02:23.934		0.59429			4
2026.03.05	01:02:24.235	0.59423	0.59428			6
2026.03.05	01:02:24.534	0.59422	0.59427			6
2026.03.05	01:02:24.834		0.59428			4
2026.03.05	01:02:25.136	0.59424				2
2026.03.05	01:02:27.237	0.59423	0.59427			6
2026.03.05	01:02:34.153	0.59427	0.59431			6
2026.03.05	01:02:35.655	0.59425				2
2026.03.05	01:02:37.455	0.59427				2
2026.03.05	01:02:38.057	0.59426	0.59430			6
2026.03.05	01:02:38.958	0.59425	0.59429			6
2026.03.05	01:02:40.760	0.59426	0.59430			6
2026.03.05	01:02:55.778	0.59425	0.59429			6
2026.03.05	01:02:56.678	0.59426	0.59430			6
2026.03.05	01:03:00.287	0.59427	0.59431			6
2026.03.05	01:03:00.587	0.59425				2
2026.03.05	01:03:02.389	0.59427				2
2026.03.05	01:03:02.992	0.59426	0.59430			6
2026.03.05	01:03:04.793	0.59427	0.59431			6
2026.03.05	01:03:06.595	0.59425				2
2026.03.05	01:03:08.699	0.59427				2
2026.03.05	01:03:09.302	0.59426	0.59430			6
2026.03.05	01:03:10.202	0.59425	0.59431			6
2026.03.05	01:03:10.503	0.59427				2
2026.03.05	01:03:12.308	0.59425				2
2026.03.05	01:03:12.611	0.59427				2
2026.03.05	01:03:15.620	0.59425				2
2026.03.05	01:03:17.422	0.59427				2
2026.03.05	01:03:18.023	0.59425	0.59430			6
2026.03.05	01:03:19.525	0.59427				2
2026.03.05	01:03:19.828	0.59425				2
2026.03.05	01:03:21.629	0.59427				2
2026.03.05	01:03:30.046	0.59425				2
2026.03.05	01:03:32.148	0.59427				2
2026.03.05	01:03:33.051	0.59428	0.59431			6
2026.03.05	01:03:33.952	0.59430	0.59432			6
2026.03.05	01:03:34.251	0.59431	0.59434			6
2026.03.05	01:03:36.055	0.59432	0.59435			6
2026.03.05	01:03:37.856	0.59431	0.59434			6
2026.03.05	01:03:38.756	0.59432	0.59435			6
2026.03.05	01:03:39.957	0.59429	0.59432			6
2026.03.05	01:03:42.359	0.59430	0.59433			6
2026.03.05	01:03:42.959	0.59429	0.59432			6
2026.03.05	01:03:47.767	0.59430	0.59433			6
2026.03.05	01:03:48.367	0.59429	0.59432			6
2026.03.05	01:04:00.086	0.59429				2
2026.03.05	01:04:07.599	0.59431	0.59433			6
2026.03.05	01:04:18.726		0.59432			4
2026.03.05	01:04:22.029		0.59433			4
2026.03.05	01:04:24.733		0.59434			4
2026.03.05	01:04:28.936	0.59432	0.59435			6
2026.03.05	01:04:43.655	0.59431	0.59434			6
2026.03.05	01:04:49.062	0.59432	0.59435			6
2026.03.05	01:04:57.173	0.59433				2
2026.03.05	01:05:00.177	0.59433				2
2026.03.05	01:05:02.883	0.59432	0.59434			6
2026.03.05	01:05:03.184	0.59434	0.59436			6
2026.03.05	01:05:05.886	0.59433				2
2026.03.05	01:05:07.086	0.59431				2
2026.03.05	01:05:07.687	0.59434				2
2026.03.05	01:05:08.888	0.59433	0.59435			6
2026.03.05	01:05:13.095	0.59434	0.59436			6
2026.03.05	01:05:14.597	0.59433	0.59435			6
2026.03.05	01:05:16.702	0.59434	0.59436			6
2026.03.05	01:05:17.002	0.59433	0.59435			6
2026.03.05	01:05:20.007	0.59434	0.59436			6
2026.03.05	01:05:38.044	0.59432				2
2026.03.05	01:05:38.344	0.59433				2
2026.03.05	01:05:38.946	0.59432				2
2026.03.05	01:05:39.848	0.59430				2
2026.03.05	01:05:40.148	0.59434				2
2026.03.05	01:05:53.373	0.59433	0.59435			6
2026.03.05	01:06:00.288	0.59433				2
2026.03.05	01:06:07.797	0.59434	0.59436			6
2026.03.05	01:06:11.703	0.59433	0.59435			6
2026.03.05	01:06:12.003	0.59432	0.59434			6
2026.03.05	01:06:14.106	0.59431	0.59433			6
2026.03.05	01:06:14.406	0.59432	0.59434			6
2026.03.05	01:06:14.706	0.59431	0.59433			6
2026.03.05	01:06:17.111	0.59432	0.59434			6
2026.03.05	01:06:17.410	0.59431	0.59433			6
2026.03.05	01:06:17.710	0.59427	0.59429			6
2026.03.05	01:06:18.011	0.59426	0.59428			6
2026.03.05	01:06:29.131	0.59428	0.59430			6
2026.03.05	01:06:29.430	0.59427	0.59429			6
2026.03.05	01:07:00.061	0.59427				2
2026.03.05	01:07:00.661	0.59428	0.59430			6
2026.03.05	01:07:01.862	0.59429	0.59431			6
2026.03.05	01:07:03.366	0.59428	0.59430			6
2026.03.05	01:07:04.266	0.59431	0.59433			6
2026.03.05	01:07:04.566	0.59432	0.59434			6
2026.03.05	01:07:05.167	0.59433	0.59435			6
2026.03.05	01:07:06.373	0.59431				2
2026.03.05	01:07:08.475	0.59433				2
2026.03.05	01:07:10.877	0.59432				2
2026.03.05	01:07:11.178	0.59431				2
2026.03.05	01:07:12.979	0.59433				2
2026.03.05	01:07:17.793	0.59434	0.59436			6
2026.03.05	01:07:19.597	0.59433	0.59435			6
2026.03.05	01:07:20.197	0.59434	0.59436			6
2026.03.05	01:07:24.104	0.59433	0.59435			6
2026.03.05	01:07:28.314	0.59434	0.59436			6
2026.03.05	01:07:37.928	0.59433	0.59435			6
2026.03.05	01:07:56.556	0.59432	0.59434			6
2026.03.05	01:08:00.163	0.59432				2
2026.03.05	01:08:00.464	0.59424	0.59425			6
2026.03.05	01:08:00.764		0.59426			4
2026.03.05	01:08:01.064	0.59426	0.59428			6
2026.03.05	01:08:01.365	0.59425				2
2026.03.05	01:08:04.669	0.59426	0.59429			6
2026.03.05	01:08:04.970	0.59425	0.59428			6
2026.03.05	01:08:06.773	0.59424	0.59427			6
2026.03.05	01:08:07.074	0.59425	0.59428			6
2026.03.05	01:08:11.284		0.59426			4
2026.03.05	01:08:13.988	0.59424	0.59425			6
2026.03.05	01:08:21.202	0.59425	0.59426			6
2026.03.05	01:08:29.314		0.59427			4
2026.03.05	01:08:50.640	0.59423	0.59425			6
2026.03.05	01:08:55.147	0.59425	0.59427			6
2026.03.05	01:08:55.447	0.59426	0.59428			6
2026.03.05	01:08:58.151	0.59425	0.59427			6
2026.03.05	01:09:00.254	0.59425				2
2026.03.05	01:09:01.155	0.59426	0.59428			6
2026.03.05	01:09:04.158	0.59423	0.59425			6
2026.03.05	01:09:05.061	0.59424	0.59426			6
2026.03.05	01:09:20.982	0.59425	0.59427			6
2026.03.05	01:09:26.395	0.59427	0.59429			6
2026.03.05	01:09:27.598	0.59428	0.59430			6
2026.03.05	01:09:31.816	0.59429	0.59431			6
2026.03.05	01:09:32.417	0.59427	0.59429			6
2026.03.05	01:09:54.060	0.59425	0.59427			6
2026.03.05	01:10:00.064	0.59425				2
2026.03.05	01:10:03.965	0.59426	0.59428			6
2026.03.05	01:10:13.280	0.59425	0.59427			6
2026.03.05	01:10:26.810	0.59424	0.59426			6
2026.03.05	01:10:27.110	0.59421	0.59423			6
2026.03.05	01:10:29.217	0.59420	0.59422			6
2026.03.05	01:10:29.518	0.59421	0.59423			6
2026.03.05	01:10:31.924	0.59423	0.59425			6
2026.03.05	01:10:34.029	0.59422	0.59424			6
2026.03.05	01:11:00.168	0.59422				2
2026.03.05	01:11:07.984	0.59419	0.59430			6
2026.03.05	01:11:10.315		0.59431			4
2026.03.05	01:11:13.167	0.59418				2
2026.03.05	01:11:13.467	0.59417				2
2026.03.05	01:11:27.768	0.59418	0.59430			6
2026.03.05	01:11:36.550	0.59422				2
2026.03.05	01:11:36.923	0.59418				2
2026.03.05	01:11:37.223	0.59422				2
2026.03.05	01:11:37.533	0.59418				2
2026.03.05	01:11:38.135	0.59422				2
2026.03.05	01:11:38.436	0.59418				2
2026.03.05	01:11:38.737	0.59422	0.59424			6
2026.03.05	01:11:45.046	0.59419	0.59432			6
2026.03.05	01:11:48.648	0.59422	0.59424			6
2026.03.05	01:11:53.461	0.59419	0.59432			6
2026.03.05	01:12:00.376	0.59419	0.59431			6
2026.03.05	01:12:07.015	0.59420	0.59422			6
2026.03.05	01:12:08.516	0.59418	0.59420			6
2026.03.05	01:12:09.117		0.59419			4
2026.03.05	01:12:10.317		0.59420			4
2026.03.05	01:12:14.223		0.59419			4
2026.03.05	01:12:14.523		0.59420			4
2026.03.05	01:12:15.424	0.59420	0.59422			6
2026.03.05	01:12:20.528		0.59421			4
2026.03.05	01:12:24.137		0.59422			4
2026.03.05	01:12:26.840		0.59421			4
2026.03.05	01:12:27.140	0.59419				2
2026.03.05	01:12:28.342		0.59420			4
2026.03.05	01:12:30.746		0.59421			4
2026.03.05	01:12:34.656		0.59420			4
2026.03.05	01:12:34.957	0.59420	0.59421			6
2026.03.05	01:12:35.258	0.59419				2
2026.03.05	01:12:35.859		0.59420			4
2026.03.05	01:12:43.965		0.59421			4
2026.03.05	01:12:44.266	0.59421	0.59423			6
2026.03.05	01:12:45.167	0.59422				2
2026.03.05	01:12:45.768		0.59424			4
2026.03.05	01:12:46.069		0.59423			4
2026.03.05	01:12:46.372		0.59424			4
2026.03.05	01:12:46.972	0.59421	0.59423			6
2026.03.05	01:12:47.272	0.59422	0.59424			6
2026.03.05	01:12:50.277	0.59421	0.59423			6
2026.03.05	01:12:51.478	0.59422				2
2026.03.05	01:12:54.187	0.59421				2
2026.03.05	01:12:54.486	0.59418	0.59420			6
2026.03.05	01:12:55.689		0.59419			4
2026.03.05	01:12:56.289		0.59420			4
2026.03.05	01:13:00.197	0.59418				2
2026.03.05	01:13:05.307		0.59419			4
2026.03.05	01:13:05.907	0.59417				2
2026.03.05	01:13:07.709		0.59418			4
2026.03.05	01:13:10.112		0.59419			4
2026.03.05	01:13:12.514		0.59418			4
2026.03.05	01:13:13.716	0.59415	0.59416			6
2026.03.05	01:13:14.015		0.59417			4
2026.03.05	01:13:15.217	0.59414	0.59416			6
2026.03.05	01:13:15.518	0.59415				2
2026.03.05	01:13:16.717	0.59414				2
2026.03.05	01:13:19.121	0.59415				2
2026.03.05	01:13:19.723	0.59414				2
2026.03.05	01:13:20.022	0.59412	0.59414			6
2026.03.05	01:13:20.322		0.59413			4
2026.03.05	01:13:21.823		0.59414			4
2026.03.05	01:13:25.129		0.59413			4
2026.03.05	01:13:31.735		0.59414			4
2026.03.05	01:13:34.740		0.59413			4
2026.03.05	01:13:35.042		0.59414			4
2026.03.05	01:13:46.170	0.59411	0.59413			6
2026.03.05	01:13:51.577		0.59412			4
2026.03.05	01:13:51.878		0.59413			4
2026.03.05	01:14:00.300	0.59411				2
2026.03.05	01:14:05.406	0.59412				2
2026.03.05	01:14:09.311	0.59411				2
2026.03.05	01:14:10.814	0.59412				2
2026.03.05	01:14:11.114		0.59414			4
2026.03.05	01:14:11.715	0.59409	0.59411			6
2026.03.05	01:14:15.320		0.59410			4
2026.03.05	01:14:15.920		0.59411			4
2026.03.05	01:14:17.421		0.59410			4
2026.03.05	01:14:17.723		0.59411			4
2026.03.05	01:14:20.125	0.59408	0.59410			6
2026.03.05	01:14:21.931	0.59409	0.59411			6
2026.03.05	01:14:23.434		0.59410			4
2026.03.05	01:14:25.537		0.59411			4
2026.03.05	01:14:28.842		0.59410			4
2026.03.05	01:14:33.957	0.59408				2
2026.03.05	01:14:35.157	0.59407	0.59409			6
2026.03.05	01:14:35.458	0.59406	0.59408			6
2026.03.05	01:14:38.760		0.59407			4
2026.03.05	01:14:40.560		0.59408			4
2026.03.05	01:14:42.662	0.59405	0.59407			6
2026.03.05	01:14:46.266	0.59404	0.59406			6
2026.03.05	01:14:48.973	0.59405	0.59407			6
2026.03.05	01:14:55.902	0.59404	0.59406			6
2026.03.05	01:14:58.307	0.59406	0.59408			6
2026.03.05	01:14:58.606		0.59407			4
2026.03.05	01:14:59.507	0.59405				2
2026.03.05	01:15:00.106	0.59405				2
2026.03.05	01:15:03.714	0.59406				2
2026.03.05	01:15:04.015		0.59408			4
2026.03.05	01:15:04.618		0.59407			4
2026.03.05	01:15:07.322		0.59408			4
2026.03.05	01:15:16.333		0.59407			4
2026.03.05	01:15:17.234		0.59408			4
2026.03.05	01:15:19.636		0.59407			4
2026.03.05	01:15:21.437		0.59408			4
2026.03.05	01:15:22.938		0.59407			4
2026.03.05	01:15:32.555		0.59408			4
2026.03.05	01:15:38.263		0.59407			4
2026.03.05	01:15:38.564	0.59407	0.59408			6
2026.03.05	01:15:43.382		0.59409			4
2026.03.05	01:15:43.983	0.59406	0.59408			6
2026.03.05	01:15:50.902	0.59407				2
2026.03.05	01:15:53.003	0.59408	0.59409			6
2026.03.05	01:15:55.706	0.59407				2
2026.03.05	01:15:57.811	0.59408				2
2026.03.05	01:15:59.312	0.59407				2
2026.03.05	01:16:00.214	0.59407				2
2026.03.05	01:16:05.024	0.59408				2
2026.03.05	01:16:06.527		0.59410			4
2026.03.05	01:16:19.150		0.59409			4
2026.03.05	01:16:21.554		0.59410			4
2026.03.05	01:16:25.457	0.59410	0.59412			6
2026.03.05	01:16:26.660	0.59409	0.59411			6
2026.03.05	01:16:26.959	0.59407	0.59409			6
2026.03.05	01:16:27.260	0.59409	0.59411			6
2026.03.05	01:16:27.860		0.59410			4
2026.03.05	01:16:29.661		0.59411			4
2026.03.05	01:16:31.763	0.59408	0.59410			6
2026.03.05	01:16:32.063	0.59409	0.59411			6
2026.03.05	01:16:32.965		0.59410			4
2026.03.05	01:16:33.866		0.59411			4
2026.03.05	01:16:34.167	0.59410				2
2026.03.05	01:16:36.571	0.59413	0.59415			6
2026.03.05	01:16:36.871		0.59414			4
2026.03.05	01:16:37.771		0.59415			4
2026.03.05	01:16:39.875	0.59412	0.59414			6
2026.03.05	01:16:42.276		0.59413			4
2026.03.05	01:16:43.779		0.59414			4
2026.03.05	01:16:45.280		0.59413			4
2026.03.05	01:16:46.481		0.59414			4
2026.03.05	01:16:47.683	0.59413				2
2026.03.05	01:16:48.884	0.59412	0.59413			6
2026.03.05	01:16:50.986		0.59414			4
2026.03.05	01:16:53.091		0.59413			4
2026.03.05	01:16:53.391		0.59414			4
2026.03.05	01:17:00.004	0.59412				2
2026.03.05	01:17:00.904	0.59413	0.59415			6
2026.03.05	01:17:01.205	0.59415	0.59416			6
2026.03.05	01:17:01.505	0.59414				2
2026.03.05	01:17:08.419		0.59415			4
2026.03.05	01:17:11.724		0.59416			4
2026.03.05	01:17:12.626		0.59415			4
2026.03.05	01:17:13.827		0.59416			4
2026.03.05	01:17:15.028	0.59413	0.59415			6
2026.03.05	01:17:15.929	0.59414				2
2026.03.05	01:17:16.229		0.59416			4
2026.03.05	01:17:17.732	0.59413	0.59414			6
2026.03.05	01:17:18.934		0.59415			4
2026.03.05	01:17:21.339	0.59414				2
2026.03.05	01:17:21.940	0.59413				2
2026.03.05	01:17:22.841	0.59414				2
2026.03.05	01:17:26.743	0.59413				2
2026.03.05	01:17:27.945	0.59414				2
2026.03.05	01:17:28.847	0.59413	0.59414			6
2026.03.05	01:17:29.749		0.59415			4
2026.03.05	01:17:30.952	0.59414	0.59416			6
2026.03.05	01:17:33.057		0.59415			4
2026.03.05	01:17:33.357		0.59416			4
2026.03.05	01:17:34.558		0.59415			4
2026.03.05	01:17:43.870		0.59416			4
2026.03.05	01:17:48.077	0.59413	0.59415			6
2026.03.05	01:17:48.378	0.59414				2
2026.03.05	01:17:48.678	0.59413				2
2026.03.05	01:17:49.884	0.59414	0.59416			6
2026.03.05	01:17:52.289	0.59415				2
2026.03.05	01:17:54.095	0.59414				2
2026.03.05	01:17:56.202		0.59415			4
2026.03.05	01:17:57.404		0.59416			4
2026.03.05	01:17:59.206		0.59415			4
2026.03.05	01:18:00.107	0.59414				2
2026.03.05	01:18:01.608		0.59416			4
2026.03.05	01:18:02.812		0.59415			4
2026.03.05	01:18:03.715		0.59416			4
2026.03.05	01:18:05.816	0.59413	0.59415			6
2026.03.05	01:18:07.922	0.59414	0.59416			6
2026.03.05	01:18:08.223	0.59412	0.59414			6
2026.03.05	01:18:08.522		0.59413			4
2026.03.05	01:18:08.824	0.59411				2
2026.03.05	01:18:09.124		0.59412			4
2026.03.05	01:18:09.425		0.59413			4
2026.03.05	01:18:11.834	0.59412				2
2026.03.05	01:18:12.735		0.59414			4
2026.03.05	01:18:13.636	0.59411	0.59413			6
2026.03.05	01:18:22.960	0.59412	0.59414			6
2026.03.05	01:18:23.261	0.59413	0.59415			6
2026.03.05	01:18:31.679		0.59414			4
2026.03.05	01:18:32.882		0.59415			4
2026.03.05	01:18:34.086		0.59414			4
2026.03.05	01:18:34.988		0.59415			4
2026.03.05	01:18:36.795		0.59414			4
2026.03.05	01:18:37.998		0.59415			4
2026.03.05	01:18:38.901		0.59414			4
2026.03.05	01:18:40.102		0.59415			4
2026.03.05	01:18:43.705	0.59414				2
2026.03.05	01:18:44.310		0.59416			4
2026.03.05	01:18:44.607	0.59415	0.59417			6
2026.03.05	01:18:44.908	0.59416	0.59418			6
2026.03.05	01:18:46.710		0.59417			4
2026.03.05	01:18:47.010		0.59418			4
2026.03.05	01:18:47.612		0.59417			4
2026.03.05	01:18:50.915		0.59418			4
2026.03.05	01:18:53.618		0.59417			4
2026.03.05	01:18:53.918		0.59418			4
2026.03.05	01:18:55.120		0.59417			4
2026.03.05	01:18:57.522		0.59418			4
2026.03.05	01:19:00.228	0.59416				2
2026.03.05	01:19:06.236	0.59417				2
2026.03.05	01:19:07.437		0.59419			4
2026.03.05	01:19:08.640		0.59418			4
2026.03.05	01:19:09.840		0.59419			4
2026.03.05	01:19:11.649		0.59418			4
2026.03.05	01:19:13.756	0.59416				2
2026.03.05	01:19:14.656	0.59417	0.59419			6
2026.03.05	01:19:17.659		0.59418			4
2026.03.05	01:19:24.871	0.59416				2
2026.03.05	01:19:29.078		0.59417			4
2026.03.05	01:19:29.977		0.59418			4
2026.03.05	01:19:30.278	0.59415	0.59417			6
2026.03.05	01:19:42.003	0.59416				2
2026.03.05	01:19:43.206	0.59415				2
2026.03.05	01:19:44.106	0.59412	0.59414			6
2026.03.05	01:19:44.406	0.59413				2
2026.03.05	01:19:44.706	0.59412				2
2026.03.05	01:19:45.007	0.59411	0.59412			6
2026.03.05	01:19:45.307	0.59410				2
2026.03.05	01:19:46.508		0.59411			4
2026.03.05	01:19:48.613		0.59412			4
2026.03.05	01:19:51.017		0.59411			4
2026.03.05	01:19:51.919		0.59412			4
2026.03.05	01:19:55.828		0.59411			4
2026.03.05	01:19:56.130	0.59409				2
2026.03.05	01:19:56.431	0.59410				2
2026.03.05	01:19:57.031	0.59409				2
2026.03.05	01:19:57.631	0.59410	0.59412			6
2026.03.05	01:19:59.736	0.59409	0.59411			6
2026.03.05	01:20:00.036	0.59410	0.59412			6
2026.03.05	01:20:00.336	0.59409	0.59410			6
2026.03.05	01:20:00.937	0.59407	0.59409			6
2026.03.05	01:20:01.237	0.59408	0.59410			6
2026.03.05	01:20:03.643		0.59409			4
2026.03.05	01:20:03.943		0.59410			4
2026.03.05	01:20:07.851	0.59407	0.59409			6
2026.03.05	01:20:08.751	0.59408	0.59410			6
2026.03.05	01:20:10.853		0.59409			4
2026.03.05	01:20:12.355		0.59410			4
2026.03.05	01:20:12.656	0.59409	0.59411			6
2026.03.05	01:20:14.458	0.59410	0.59412			6
2026.03.05	01:20:23.465		0.59411			4
2026.03.05	01:20:24.367		0.59412			4
2026.03.05	01:20:28.569		0.59411			4
2026.03.05	01:20:30.372		0.59412			4
2026.03.05	01:20:34.279		0.59411			4
2026.03.05	01:20:34.580	0.59409				2
2026.03.05	01:20:35.781		0.59410			4
2026.03.05	01:20:37.884		0.59411			4
2026.03.05	01:20:43.897	0.59408	0.59410			6
2026.03.05	01:20:49.610	0.59409				2
2026.03.05	01:20:49.911		0.59411			4
2026.03.05	01:20:50.211		0.59410			4
2026.03.05	01:20:52.316	0.59408				2
2026.03.05	01:20:53.817	0.59409				2
2026.03.05	01:20:54.118	0.59408				2
2026.03.05	01:20:55.920	0.59410	0.59412			6
2026.03.05	01:20:56.520		0.59411			4
2026.03.05	01:20:57.423		0.59412			4
2026.03.05	01:20:58.326		0.59411			4
2026.03.05	01:20:58.627	0.59409	0.59410			6
2026.03.05	01:21:00.133	0.59409				2
2026.03.05	01:21:00.433	0.59410	0.59412			6
2026.03.05	01:21:00.735	0.59409	0.59411			6
2026.03.05	01:21:01.637		0.59410			4
2026.03.05	01:21:01.937		0.59411			4
2026.03.05	01:21:02.236	0.59410	0.59412			6
2026.03.05	01:21:02.537	0.59409	0.59411			6
2026.03.05	01:21:04.639		0.59410			4
2026.03.05	01:21:04.940		0.59411			4
2026.03.05	01:21:05.541		0.59410			4
2026.03.05	01:21:11.257	0.59408				2
2026.03.05	01:21:12.158	0.59409				2
2026.03.05	01:21:16.364	0.59408				2
2026.03.05	01:21:19.067	0.59409				2
2026.03.05	01:21:19.368		0.59411			4
2026.03.05	01:21:20.269		0.59410			4
2026.03.05	01:21:21.170		0.59411			4
2026.03.05	01:21:35.588		0.59410			4
2026.03.05	01:21:36.489	0.59408				2
2026.03.05	01:21:52.411	0.59409				2
2026.03.05	01:21:52.710		0.59411			4
2026.03.05	01:21:53.311	0.59408	0.59410			6
2026.03.05	01:21:56.016		0.59409			4
2026.03.05	01:21:56.618		0.59410			4
2026.03.05	01:21:59.624	0.59407	0.59409			6
2026.03.05	01:21:59.926		0.59408			4
2026.03.05	01:22:00.226	0.59407				2
2026.03.05	01:22:01.128		0.59409			4
2026.03.05	01:22:01.429	0.59406	0.59408			6
2026.03.05	01:22:02.029	0.59405	0.59407			6
2026.03.05	01:22:12.840		0.59406			4
2026.03.05	01:22:13.140	0.59406	0.59407			6
2026.03.05	01:22:14.941	0.59405				2
2026.03.05	01:22:18.851	0.59406				2
2026.03.05	01:22:19.751	0.59405				2
2026.03.05	01:22:23.959	0.59406				2
2026.03.05	01:22:24.860	0.59405				2
2026.03.05	01:22:25.761	0.59406				2
2026.03.05	01:22:26.661	0.59405				2
2026.03.05	01:22:27.863	0.59406				2
2026.03.05	01:22:28.763	0.59405				2
2026.03.05	01:22:29.664	0.59406	0.59408			6
2026.03.05	01:22:30.265		0.59407			4
2026.03.05	01:22:31.765	0.59405				2
2026.03.05	01:22:35.369	0.59406	0.59408			6
2026.03.05	01:22:35.669	0.59407	0.59409			6
2026.03.05	01:22:36.870		0.59408			4
2026.03.05	01:22:37.471		0.59409			4
2026.03.05	01:22:40.773		0.59408			4
2026.03.05	01:22:43.181		0.59409			4
2026.03.05	01:22:44.085	0.59406	0.59408			6
2026.03.05	01:22:45.287	0.59407				2
2026.03.05	01:22:45.889	0.59406				2
2026.03.05	01:22:48.599		0.59407			4
2026.03.05	01:22:49.203	0.59407	0.59408			6
2026.03.05	01:23:00.024	0.59407				2
2026.03.05	01:23:00.324	0.59408	0.59410			6
2026.03.05	01:23:01.526	0.59409	0.59411			6
2026.03.05	01:23:04.831		0.59410			4
2026.03.05	01:23:05.732	0.59408				2
2026.03.05	01:23:06.932	0.59409				2
2026.03.05	01:23:08.135	0.59408				2
2026.03.05	01:23:08.735	0.59409				2
2026.03.05	01:23:12.038		0.59411			4
2026.03.05	01:23:18.653		0.59410			4
2026.03.05	01:23:20.756		0.59411			4
2026.03.05	01:23:22.258		0.59410			4
2026.03.05	01:23:26.161		0.59411			4
2026.03.05	01:23:27.063		0.59410			4
2026.03.05	01:23:27.665		0.59411			4
2026.03.05	01:23:30.668		0.59410			4
2026.03.05	01:23:30.969		0.59411			4
2026.03.05	01:23:34.877		0.59410			4
2026.03.05	01:23:35.778		0.59411			4
2026.03.05	01:23:38.782		0.59410			4
2026.03.05	01:23:39.683		0.59411			4
2026.03.05	01:23:40.884		0.59410			4
2026.03.05	01:23:41.785		0.59411			4
2026.03.05	01:23:42.989		0.59410			4
2026.03.05	01:23:43.890		0.59411			4
2026.03.05	01:23:45.092		0.59410			4
2026.03.05	01:23:45.693		0.59411			4
2026.03.05	01:23:46.595		0.59410			4
2026.03.05	01:23:47.796		0.59411			4
2026.03.05	01:23:48.096	0.59408	0.59410			6
2026.03.05	01:23:48.396	0.59407	0.59409			6
2026.03.05	01:23:48.997		0.59408			4
2026.03.05	01:23:49.897		0.59409			4
2026.03.05	01:23:50.197	0.59408				2
2026.03.05	01:23:50.497	0.59407				2
2026.03.05	01:23:50.797	0.59406	0.59408			6
2026.03.05	01:23:51.998	0.59407	0.59409			6
2026.03.05	01:23:54.101	0.59406	0.59408			6
2026.03.05	01:24:00.115	0.59406				2
2026.03.05	01:24:01.316		0.59407			4
2026.03.05	01:24:02.518		0.59408			4
2026.03.05	01:24:05.522		0.59407			4
2026.03.05	01:24:06.728		0.59408			4
2026.03.05	01:24:08.834	0.59405	0.59407			6
2026.03.05	01:24:10.636	0.59406				2
2026.03.05	01:24:11.536		0.59408			4
2026.03.05	01:24:27.464	0.59405	0.59407			6
2026.03.05	01:24:27.766	0.59406				2
2026.03.05	01:24:31.974		0.59408			4
2026.03.05	01:24:35.878		0.59407			4
2026.03.05	01:24:37.680		0.59408			4
2026.03.05	01:24:38.881		0.59407			4
2026.03.05	01:24:39.783		0.59408			4
2026.03.05	01:24:42.791		0.59407			4
2026.03.05	01:24:43.091		0.59408			4
2026.03.05	01:24:44.597		0.59407			4
2026.03.05	01:24:47.902		0.59408			4
2026.03.05	01:24:53.317		0.59407			4
2026.03.05	01:24:55.419	0.59407	0.59409			6
2026.03.05	01:24:55.719	0.59408				2
2026.03.05	01:24:56.920	0.59407				2
2026.03.05	01:24:57.822		0.59408			4
2026.03.05	01:24:58.425		0.59409			4
2026.03.05	01:24:58.725		0.59408			4
2026.03.05	01:24:59.629	0.59406				2
2026.03.05	01:25:00.229	0.59406				2
2026.03.05	01:25:00.829	0.59407				2
2026.03.05	01:25:01.731		0.59409			4
2026.03.05	01:25:03.231	0.59408	0.59410			6
2026.03.05	01:25:13.458		0.59409			4
2026.03.05	01:25:15.862	0.59409	0.59411			6
2026.03.05	01:25:16.162		0.59410			4
2026.03.05	01:25:17.063		0.59411			4
2026.03.05	01:25:18.566	0.59414	0.59415			6
2026.03.05	01:25:18.867	0.59412	0.59414			6
2026.03.05	01:25:29.694	0.59413	0.59415			6
2026.03.05	01:25:30.897	0.59414	0.59416			6
2026.03.05	01:25:31.197	0.59413	0.59415			6
2026.03.05	01:25:33.297	0.59414	0.59416			6
2026.03.05	01:25:34.501	0.59413	0.59415			6
2026.03.05	01:25:40.215	0.59414	0.59416			6
2026.03.05	01:25:40.516	0.59413	0.59415			6
2026.03.05	01:25:42.022	0.59414	0.59416			6
2026.03.05	01:25:45.632	0.59413	0.59415			6
2026.03.05	01:25:46.834	0.59414	0.59416			6
2026.03.05	01:25:47.434	0.59413	0.59415			6
2026.03.05	01:25:49.235	0.59414	0.59416			6
2026.03.05	01:25:50.738	0.59413	0.59415			6
2026.03.05	01:25:51.940	0.59414	0.59416			6
2026.03.05	01:25:52.840	0.59413	0.59415			6
2026.03.05	01:25:53.442	0.59414	0.59416			6
2026.03.05	01:25:56.449	0.59415	0.59417			6
2026.03.05	01:25:56.751	0.59416	0.59418			6
2026.03.05	01:25:58.252	0.59415	0.59417			6
2026.03.05	01:25:58.552	0.59416	0.59418			6
2026.03.05	01:26:00.054	0.59416				2
2026.03.05	01:26:10.267	0.59413	0.59415			6
2026.03.05	01:26:10.568	0.59412	0.59414			6
2026.03.05	01:26:17.481	0.59411	0.59413			6
2026.03.05	01:26:18.985	0.59412	0.59414			6
2026.03.05	01:26:20.789	0.59411	0.59413			6
2026.03.05	01:26:37.623	0.59410	0.59412			6
2026.03.05	01:26:37.924	0.59409	0.59411			6
2026.03.05	01:26:41.529		0.59410			4
2026.03.05	01:26:41.829	0.59407	0.59409			6
2026.03.05	01:26:42.129	0.59408	0.59410			6
2026.03.05	01:26:51.744	0.59407	0.59409			6
2026.03.05	01:26:55.057	0.59409	0.59411			6
2026.03.05	01:26:55.358	0.59410	0.59412			6
2026.03.05	01:27:00.166	0.59410				2
2026.03.05	01:27:01.666		0.59411			4
2026.03.05	01:27:01.967	0.59409				2
2026.03.05	01:27:02.267		0.59410			4
2026.03.05	01:27:02.567	0.59408				2
2026.03.05	01:27:10.693	0.59407	0.59409			6
2026.03.05	01:27:12.196	0.59408	0.59410			6
2026.03.05	01:27:12.796	0.59407	0.59409			6
2026.03.05	01:27:13.997	0.59408	0.59410			6
2026.03.05	01:27:14.297	0.59407	0.59409			6
2026.03.05	01:27:14.897	0.59408	0.59410			6
2026.03.05	01:27:30.532	0.59407	0.59409			6
2026.03.05	01:27:31.434	0.59408	0.59410			6
2026.03.05	01:27:32.036	0.59407	0.59409			6
2026.03.05	01:27:32.636	0.59401	0.59403			6
2026.03.05	01:27:35.642	0.59400	0.59402			6
2026.03.05	01:27:36.843	0.59401	0.59403			6
2026.03.05	01:27:38.647	0.59402				2
2026.03.05	01:27:38.947	0.59401				2
2026.03.05	01:27:39.248	0.59403	0.59404			6
2026.03.05	01:27:39.548		0.59405			4
2026.03.05	01:27:39.848	0.59405	0.59406			6
2026.03.05	01:27:40.152	0.59403	0.59405			6
2026.03.05	01:27:41.353	0.59405	0.59406			6
2026.03.05	01:27:41.653	0.59403	0.59405			6
2026.03.05	01:27:43.157	0.59402	0.59404			6
2026.03.05	01:27:47.062	0.59401	0.59403			6
2026.03.05	01:27:47.663	0.59400	0.59402			6
2026.03.05	01:28:00.297	0.59400				2
2026.03.05	01:28:06.008	0.59401	0.59403			6
2026.03.05	01:28:09.013	0.59400	0.59402			6
2026.03.05	01:28:10.214	0.59401	0.59403			6
2026.03.05	01:28:10.816	0.59400	0.59402			6
2026.03.05	01:28:12.021	0.59401	0.59403			6
2026.03.05	01:28:13.221	0.59402	0.59404			6
2026.03.05	01:28:27.340	0.59403	0.59405			6
2026.03.05	01:28:27.642	0.59404	0.59406			6
2026.03.05	01:28:31.246	0.59405	0.59407			6
2026.03.05	01:28:47.170	0.59406	0.59408			6
2026.03.05	01:28:48.069	0.59407	0.59409			6
2026.03.05	01:28:48.670	0.59406	0.59408			6
2026.03.05	01:28:51.676	0.59407	0.59409			6
2026.03.05	01:28:54.078	0.59406	0.59408			6
2026.03.05	01:28:54.979	0.59407	0.59409			6
2026.03.05	01:28:55.580		0.59408			4
2026.03.05	01:28:55.879	0.59406				2
2026.03.05	01:28:57.989	0.59407	0.59409			6
2026.03.05	01:29:00.097	0.59407				2
2026.03.05	01:29:00.397	0.59406	0.59408			6
2026.03.05	01:29:14.519	0.59407	0.59409			6
2026.03.05	01:29:28.943	0.59406	0.59408			6
2026.03.05	01:29:30.150	0.59407	0.59409			6
2026.03.05	01:29:30.754	0.59406	0.59408			6
2026.03.05	01:29:31.954		0.59407			4
2026.03.05	01:29:32.256	0.59405				2
2026.03.05	01:29:32.857	0.59406	0.59408			6
2026.03.05	01:29:48.794	0.59405	0.59407			6
2026.03.05	01:29:49.394	0.59406	0.59408			6
2026.03.05	01:29:49.694	0.59405	0.59407			6
2026.03.05	01:29:50.895	0.59406	0.59408			6
2026.03.05	01:29:52.097	0.59407	0.59409			6
2026.03.05	01:29:53.901	0.59408	0.59410			6
2026.03.05	01:29:55.703	0.59407	0.59409			6
2026.03.05	01:29:56.912	0.59408	0.59410			6
2026.03.05	01:29:58.413	0.59406	0.59408			6
2026.03.05	01:29:59.014	0.59407	0.59409			6
2026.03.05	01:30:00.216	0.59407				2
2026.03.05	01:30:02.316	0.59406	0.59408			6
2026.03.05	01:30:03.216	0.59407	0.59409			6
2026.03.05	01:30:12.232	0.59406	0.59408			6
2026.03.05	01:30:12.532	0.59407	0.59409			6
2026.03.05	01:30:13.132	0.59408	0.59410			6
2026.03.05	01:30:16.737	0.59406	0.59408			6
2026.03.05	01:30:20.642	0.59405	0.59407			6
2026.03.05	01:30:20.943	0.59404	0.59406			6
2026.03.05	01:30:21.852	0.59403	0.59405			6
2026.03.05	01:30:22.455	0.59404	0.59406			6
2026.03.05	01:30:23.958	0.59403	0.59405			6
2026.03.05	01:30:25.761	0.59400	0.59402			6
2026.03.05	01:30:26.061	0.59399	0.59401			6
2026.03.05	01:30:27.562	0.59400	0.59402			6
2026.03.05	01:30:28.765	0.59401	0.59403			6
2026.03.05	01:30:29.664	0.59402	0.59404			6
2026.03.05	01:30:31.166	0.59401	0.59403			6
2026.03.05	01:30:32.067	0.59402	0.59404			6
2026.03.05	01:30:45.294	0.59403				2
2026.03.05	01:30:45.895	0.59402				2
2026.03.05	01:30:53.402	0.59403				2
2026.03.05	01:30:55.204		0.59405			4
2026.03.05	01:31:00.008	0.59403				2
2026.03.05	01:31:03.612	0.59402	0.59404			6
2026.03.05	01:31:04.215	0.59404	0.59406			6
2026.03.05	01:31:11.129	0.59405	0.59407			6
2026.03.05	01:31:11.429	0.59406	0.59408			6
2026.03.05	01:31:12.030	0.59407	0.59409			6
2026.03.05	01:31:12.630		0.59408			4
2026.03.05	01:31:12.933	0.59406				2
2026.03.05	01:31:23.743	0.59407	0.59409			6
2026.03.05	01:31:35.166	0.59406	0.59408			6
2026.03.05	01:31:35.466	0.59407	0.59409			6
2026.03.05	01:31:35.767	0.59406	0.59408			6
2026.03.05	01:31:36.368	0.59407	0.59409			6
2026.03.05	01:31:37.871	0.59406	0.59408			6
2026.03.05	01:31:46.582	0.59407	0.59409			6
2026.03.05	01:31:48.689	0.59406	0.59408			6
2026.03.05	01:31:49.592		0.59407			4
2026.03.05	01:31:49.893	0.59405				2
2026.03.05	01:32:00.114	0.59405				2
2026.03.05	01:32:08.523	0.59403	0.59404			6
2026.03.05	01:32:08.823	0.59400	0.59402			6
2026.03.05	01:32:14.236	0.59397	0.59399			6
2026.03.05	01:32:14.537	0.59396	0.59398			6
2026.03.05	01:32:15.737		0.59397			4
2026.03.05	01:32:16.036	0.59393	0.59395			6
2026.03.05	01:32:17.240		0.59396			4
2026.03.05	01:32:22.045	0.59394				2
2026.03.05	01:32:23.247	0.59393				2
2026.03.05	01:32:23.547	0.59394	0.59397			6
2026.03.05	01:32:24.451		0.59396			4
2026.03.05	01:32:25.052	0.59393				2
2026.03.05	01:32:28.202	0.59394				2
2026.03.05	01:32:40.825	0.59393	0.59395			6
2026.03.05	01:32:41.124	0.59392	0.59393			6
2026.03.05	01:32:41.425		0.59394			4
2026.03.05	01:32:43.529	0.59391	0.59393			6
2026.03.05	01:32:50.737	0.59390	0.59392			6
2026.03.05	01:32:52.238	0.59391	0.59393			6
2026.03.05	01:33:00.053	0.59391				2
2026.03.05	01:33:07.258	0.59392	0.59394			6
2026.03.05	01:33:07.558	0.59393	0.59395			6
2026.03.05	01:33:12.967	0.59394	0.59396			6
2026.03.05	01:33:18.983	0.59393	0.59395			6
2026.03.05	01:33:21.385	0.59394				2
2026.03.05	01:33:29.797		0.59396			4
2026.03.05	01:33:30.401		0.59395			4
2026.03.05	01:33:31.302	0.59393				2
2026.03.05	01:33:37.611		0.59394			4
2026.03.05	01:33:37.910		0.59395			4
2026.03.05	01:33:43.619	0.59392	0.59394			6
2026.03.05	01:33:44.820	0.59393	0.59395			6
2026.03.05	01:33:45.120	0.59392	0.59394			6
2026.03.05	01:33:45.421	0.59393	0.59395			6
2026.03.05	01:33:59.854	0.59391	0.59393			6
2026.03.05	01:34:00.151	0.59391				2
2026.03.05	01:34:03.461	0.59392				2
2026.03.05	01:34:05.563	0.59391				2
2026.03.05	01:34:09.471	0.59392				2
2026.03.05	01:34:11.873	0.59391				2
2026.03.05	01:34:12.471	0.59392				2
2026.03.05	01:34:13.974	0.59391				2
2026.03.05	01:34:14.275	0.59392				2
2026.03.05	01:34:15.776	0.59391				2
2026.03.05	01:34:16.076	0.59392				2
2026.03.05	01:34:17.281	0.59391				2
2026.03.05	01:34:18.782	0.59392				2
2026.03.05	01:34:22.986	0.59391				2
2026.03.05	01:34:23.287	0.59392				2
2026.03.05	01:34:26.897	0.59391				2
2026.03.05	01:34:32.302	0.59392				2
2026.03.05	01:34:32.905	0.59391				2
2026.03.05	01:34:37.413	0.59392				2
2026.03.05	01:34:48.831	0.59393	0.59394			6
2026.03.05	01:34:49.733	0.59392				2
2026.03.05	01:34:58.443	0.59390	0.59391			6
2026.03.05	01:34:58.745	0.59387	0.59389			6
2026.03.05	01:35:00.245	0.59387				2
2026.03.05	01:35:02.650	0.59388	0.59390			6
2026.03.05	01:35:05.056	0.59390	0.59392			6
2026.03.05	01:35:10.159		0.59393			4
2026.03.05	01:35:12.263	0.59391				2
2026.03.05	01:35:14.368	0.59390	0.59392			6
2026.03.05	01:35:26.392	0.59391	0.59393			6
2026.03.05	01:35:48.943	0.59390	0.59392			6
2026.03.05	01:35:51.345	0.59388	0.59389			6
2026.03.05	01:35:51.645	0.59387				2
2026.03.05	01:36:00.055	0.59387				2
2026.03.05	01:36:06.368	0.59385	0.59387			6
2026.03.05	01:36:06.671	0.59384	0.59386			6
2026.03.05	01:36:10.577	0.59383	0.59384			6
2026.03.05	01:36:10.878	0.59377	0.59379			6
2026.03.05	01:36:11.779	0.59378	0.59380			6
2026.03.05	01:36:12.380	0.59377				2
2026.03.05	01:36:46.338	0.59379	0.59382			6
2026.03.05	01:36:48.741	0.59380	0.59383			6
2026.03.05	01:36:49.041	0.59381	0.59384			6
2026.03.05	01:36:51.141	0.59380	0.59382			6
2026.03.05	01:36:51.439	0.59379				2
2026.03.05	01:36:53.542		0.59381			4
2026.03.05	01:36:56.546	0.59377	0.59380			6
2026.03.05	01:37:00.151	0.59377				2
2026.03.05	01:37:06.461	0.59378	0.59381			6
2026.03.05	01:37:08.264		0.59380			4
2026.03.05	01:37:09.765	0.59377				2
2026.03.05	01:37:11.568	0.59378				2
2026.03.05	01:37:11.869	0.59377				2
2026.03.05	01:37:32.917	0.59379	0.59382			6
2026.03.05	01:37:33.215	0.59380	0.59383			6
2026.03.05	01:38:00.260	0.59380				2
2026.03.05	01:38:01.760	0.59379	0.59382			6
2026.03.05	01:38:06.868		0.59381			4
2026.03.05	01:38:07.168		0.59382			4
2026.03.05	01:38:18.582	0.59380	0.59383			6
2026.03.05	01:38:25.199	0.59379	0.59382			6
2026.03.05	01:38:28.202	0.59380				2
2026.03.05	01:39:00.060	0.59380				2
2026.03.05	01:39:15.082	0.59379	0.59381			6
2026.03.05	01:39:15.685	0.59380	0.59382			6
2026.03.05	01:39:16.887	0.59379	0.59381			6
2026.03.05	01:39:18.993	0.59380	0.59382			6
2026.03.05	01:39:29.505	0.59379	0.59381			6
2026.03.05	01:39:29.805	0.59378	0.59380			6
2026.03.05	01:39:30.105	0.59377	0.59379			6
2026.03.05	01:39:37.617	0.59379	0.59381			6
2026.03.05	01:39:40.023	0.59377	0.59379			6
2026.03.05	01:39:40.322	0.59376	0.59378			6
2026.03.05	01:40:00.169	0.59376				2
2026.03.05	01:40:03.475	0.59377	0.59379			6
2026.03.05	01:40:06.779	0.59378	0.59380			6
2026.03.05	01:40:10.083	0.59380	0.59382			6
2026.03.05	01:40:15.793	0.59381	0.59383			6
2026.03.05	01:41:00.000	0.59381				2
2026.03.05	01:41:06.916	0.59380	0.59382			6
2026.03.05	01:42:00.117	0.59380				2
2026.03.05	01:42:03.125	0.59381	0.59383			6
2026.03.05	01:42:09.133	0.59382	0.59384			6
2026.03.05	01:42:40.680	0.59381	0.59383			6
2026.03.05	01:42:40.982	0.59380	0.59382			6
2026.03.05	01:42:41.581	0.59381	0.59383			6
2026.03.05	01:42:58.119	0.59380	0.59382			6
2026.03.05	01:43:00.221	0.59380				2
2026.03.05	01:43:08.033	0.59381	0.59383			6
2026.03.05	01:43:28.482	0.59382	0.59384			6
2026.03.05	01:43:34.493		0.59383			4
2026.03.05	01:43:45.311	0.59381				2
2026.03.05	01:43:51.928	0.59383	0.59385			6
2026.03.05	01:43:58.542	0.59384	0.59386			6
2026.03.05	01:44:00.044	0.59384				2
2026.03.05	01:44:03.044	0.59385	0.59387			6
2026.03.05	01:44:03.346	0.59386	0.59388			6
2026.03.05	01:44:06.648	0.59387	0.59389			6
2026.03.05	01:44:16.263	0.59389	0.59391			6
2026.03.05	01:44:17.763	0.59390				2
2026.03.05	01:44:18.067	0.59389				2
2026.03.05	01:44:18.366	0.59386	0.59387			6
2026.03.05	01:44:18.668	0.59387	0.59389			6
2026.03.05	01:44:50.528	0.59386	0.59388			6
2026.03.05	01:44:51.733	0.59393	0.59395			6
2026.03.05	01:45:00.143	0.59393				2
2026.03.05	01:45:01.945	0.59392	0.59394			6
2026.03.05	01:45:03.445	0.59391	0.59393			6
2026.03.05	01:45:13.661	0.59392	0.59394			6
2026.03.05	01:45:20.566	0.59391	0.59393			6
2026.03.05	01:45:20.868	0.59392	0.59394			6
2026.03.05	01:45:31.085	0.59393	0.59395			6
2026.03.05	01:45:32.287	0.59391	0.59393			6
2026.03.05	01:45:32.886	0.59392	0.59394			6
2026.03.05	01:45:34.686	0.59393	0.59395			6
2026.03.05	01:45:35.888	0.59394	0.59396			6
2026.03.05	01:45:37.091	0.59393	0.59395			6
2026.03.05	01:45:40.699	0.59394	0.59396			6
2026.03.05	01:45:44.902	0.59395	0.59397			6
2026.03.05	01:45:45.202		0.59396			4
2026.03.05	01:45:46.405	0.59394				2
2026.03.05	01:45:55.717	0.59393	0.59395			6
2026.03.05	01:45:59.625	0.59392	0.59394			6
2026.03.05	01:46:00.225	0.59392				2
2026.03.05	01:46:04.431	0.59391	0.59393			6
2026.03.05	01:46:07.733	0.59393	0.59395			6
2026.03.05	01:46:12.841	0.59394	0.59396			6
2026.03.05	01:46:13.441	0.59393	0.59395			6
2026.03.05	01:46:14.643	0.59394	0.59396			6
2026.03.05	01:46:20.350	0.59395	0.59397			6
2026.03.05	01:46:20.651	0.59396	0.59398			6
2026.03.05	01:46:24.556	0.59395	0.59397			6
2026.03.05	01:46:24.855	0.59394	0.59396			6
2026.03.05	01:46:42.591	0.59396	0.59398			6
2026.03.05	01:47:00.020	0.59396				2
2026.03.05	01:47:03.317	0.59397	0.59399			6
2026.03.05	01:47:03.919	0.59396	0.59398			6
2026.03.05	01:47:12.332	0.59397	0.59399			6
2026.03.05	01:47:13.234	0.59396	0.59398			6
2026.03.05	01:47:13.531	0.59398	0.59400			6
2026.03.05	01:47:13.831	0.59405	0.59407			6
2026.03.05	01:47:15.035		0.59409			4
2026.03.05	01:47:19.087	0.59406				2
2026.03.05	01:47:21.922	0.59405				2
2026.03.05	01:47:25.328	0.59406				2
2026.03.05	01:47:36.143	0.59407	0.59410			6
2026.03.05	01:47:37.644		0.59409			4
2026.03.05	01:47:44.258	0.59406				2
2026.03.05	01:47:52.791	0.59407				2
2026.03.05	01:47:55.195	0.59406				2
2026.03.05	01:47:56.398	0.59407				2
2026.03.05	01:47:57.901	0.59406				2
2026.03.05	01:48:00.005	0.59406				2
2026.03.05	01:48:00.305	0.59407	0.59410			6
2026.03.05	01:48:01.207		0.59409			4
2026.03.05	01:48:01.508	0.59406				2
2026.03.05	01:48:20.616	0.59405	0.59408			6
2026.03.05	01:48:32.003	0.59401	0.59403			6
2026.03.05	01:48:40.124	0.59398	0.59399			6
2026.03.05	01:48:40.425	0.59396				2
2026.03.05	01:48:40.724	0.59395	0.59398			6
2026.03.05	01:48:44.600	0.59394	0.59397			6
2026.03.05	01:48:45.203	0.59392	0.59395			6
2026.03.05	01:48:46.102	0.59391				2
2026.03.05	01:48:49.105	0.59392	0.59396			6
2026.03.05	01:48:54.213		0.59395			4
2026.03.05	01:49:00.224	0.59392				2
2026.03.05	01:49:02.925	0.59393	0.59396			6
2026.03.05	01:49:03.526	0.59392	0.59395			6
2026.03.05	01:49:10.734	0.59393	0.59396			6
2026.03.05	01:49:11.036	0.59392	0.59395			6
2026.03.05	01:49:13.136	0.59393	0.59396			6
2026.03.05	01:49:13.438		0.59395			4
2026.03.05	01:49:15.540	0.59392				2
2026.03.05	01:49:24.558	0.59391	0.59394			6
2026.03.05	01:49:26.355	0.59390	0.59393			6
2026.03.05	01:49:27.260	0.59391	0.59394			6
2026.03.05	01:49:28.163	0.59390	0.59393			6
2026.03.05	01:49:33.269	0.59391				2
2026.03.05	01:49:33.568		0.59394			4
2026.03.05	01:49:38.079	0.59389	0.59392			6
2026.03.05	01:49:39.854	0.59390				2
2026.03.05	01:49:45.559	0.59391	0.59394			6
2026.03.05	01:49:49.463	0.59390	0.59392			6
2026.03.05	01:49:50.665	0.59389				2
2026.03.05	01:49:54.577	0.59390	0.59393			6
2026.03.05	01:49:55.177	0.59391				2
2026.03.05	01:49:56.680		0.59394			4
2026.03.05	01:50:00.286	0.59391				2
2026.03.05	01:50:12.908	0.59390	0.59393			6
2026.03.05	01:50:13.210	0.59389	0.59392			6
2026.03.05	01:50:17.116	0.59387	0.59390			6
2026.03.05	01:50:17.417	0.59386	0.59389			6
2026.03.05	01:50:17.718	0.59385	0.59388			6
2026.03.05	01:50:18.921	0.59386	0.59389			6
2026.03.05	01:50:21.028	0.59385	0.59388			6
2026.03.05	01:50:23.128	0.59384	0.59387			6
2026.03.05	01:50:24.930	0.59382	0.59385			6
2026.03.05	01:50:41.458	0.59381	0.59384			6
2026.03.05	01:50:41.758	0.59379	0.59382			6
2026.03.05	01:50:43.859	0.59377	0.59380			6
2026.03.05	01:50:45.662	0.59376	0.59379			6
2026.03.05	01:50:45.963	0.59377	0.59380			6
2026.03.05	01:50:47.167		0.59379			4
2026.03.05	01:50:47.466	0.59373	0.59376			6
2026.03.05	01:50:51.671	0.59372	0.59375			6
2026.03.05	01:50:52.272	0.59373	0.59376			6
2026.03.05	01:50:54.076	0.59372	0.59375			6
2026.03.05	01:50:54.376	0.59373	0.59376			6
2026.03.05	01:50:54.676	0.59374	0.59377			6
2026.03.05	01:51:00.080	0.59374				2
2026.03.05	01:51:30.137	0.59378	0.59381			6
2026.03.05	01:51:30.437	0.59381	0.59384			6
2026.03.05	01:51:30.738	0.59382	0.59385			6
2026.03.05	01:51:31.037		0.59384			4
2026.03.05	01:51:31.338		0.59385			4
2026.03.05	01:51:33.142	0.59381				2
2026.03.05	01:52:00.145	0.59381				2
2026.03.05	01:52:07.358	0.59383	0.59387			6
2026.03.05	01:52:07.659	0.59385	0.59389			6
2026.03.05	01:52:11.562	0.59384	0.59388			6
2026.03.05	01:52:11.862	0.59383	0.59387			6
2026.03.05	01:52:12.763	0.59384	0.59388			6
2026.03.05	01:52:13.664	0.59383	0.59387			6
2026.03.05	01:52:18.776	0.59381	0.59385			6
2026.03.05	01:52:35.907	0.59383	0.59387			6
2026.03.05	01:52:40.417	0.59380	0.59384			6
2026.03.05	01:52:49.432	0.59381	0.59385			6
2026.03.05	01:53:00.245	0.59381	0.59384			6
2026.03.05	01:53:03.553	0.59380	0.59383			6
2026.03.05	01:53:03.854	0.59381	0.59384			6
2026.03.05	01:53:06.560	0.59380	0.59383			6
2026.03.05	01:53:07.761	0.59379	0.59382			6
2026.03.05	01:53:09.864	0.59380	0.59383			6
2026.03.05	01:53:10.463	0.59379	0.59382			6
2026.03.05	01:53:13.165	0.59377	0.59380			6
2026.03.05	01:53:13.465	0.59376	0.59379			6
2026.03.05	01:53:14.366		0.59380			4
2026.03.05	01:53:14.667	0.59375	0.59379			6
2026.03.05	01:53:16.473	0.59378	0.59382			6
2026.03.05	01:53:16.773	0.59377	0.59380			6
2026.03.05	01:53:17.073	0.59376				2
2026.03.05	01:53:26.215		0.59379			4
2026.03.05	01:53:32.526	0.59375	0.59378			6
2026.03.05	01:53:32.826	0.59374	0.59377			6
2026.03.05	01:54:00.177	0.59374				2
2026.03.05	01:54:14.303	0.59377	0.59380			6
2026.03.05	01:54:14.602	0.59379	0.59381			6
2026.03.05	01:54:14.902	0.59380	0.59383			6
2026.03.05	01:54:15.205		0.59384			4
2026.03.05	01:54:19.710	0.59382	0.59386			6
2026.03.05	01:54:21.816	0.59381	0.59385			6
2026.03.05	01:54:32.337	0.59382				2
2026.03.05	01:54:32.635		0.59386			4
2026.03.05	01:54:38.041	0.59381	0.59385			6
2026.03.05	01:54:54.114		0.59384			4
2026.03.05	01:55:00.122	0.59381				2
2026.03.05	01:55:09.433	0.59384	0.59387			6
2026.03.05	01:55:10.335		0.59388			4
2026.03.05	01:55:13.037	0.59383	0.59387			6
2026.03.05	01:55:13.337	0.59384				2
2026.03.05	01:55:13.638	0.59383	0.59386			6
2026.03.05	01:55:13.937	0.59382	0.59385			6
2026.03.05	01:55:14.537	0.59381	0.59384			6
2026.03.05	01:55:15.138		0.59385			4
2026.03.05	01:55:18.142		0.59384			4
2026.03.05	01:55:30.462	0.59382	0.59385			6
2026.03.05	01:55:31.062	0.59383	0.59386			6
2026.03.05	01:55:32.865	0.59382	0.59385			6
2026.03.05	01:55:33.766	0.59379	0.59382			6
2026.03.05	01:55:34.067	0.59380	0.59383			6
2026.03.05	01:55:56.013	0.59381	0.59384			6
2026.03.05	01:55:56.313	0.59382	0.59385			6
2026.03.05	01:55:57.213	0.59381	0.59384			6
2026.03.05	01:55:58.415	0.59378	0.59381			6
2026.03.05	01:55:58.716	0.59377	0.59380			6
2026.03.05	01:56:00.217	0.59377				2
2026.03.05	01:56:03.601	0.59376	0.59379			6
2026.03.05	01:56:07.210	0.59378	0.59380			6
2026.03.05	01:56:07.509		0.59381			4
2026.03.05	01:56:08.711	0.59379	0.59382			6
2026.03.05	01:56:10.211	0.59378	0.59381			6
2026.03.05	01:56:11.413	0.59379	0.59382			6
2026.03.05	01:56:15.319	0.59380	0.59383			6
2026.03.05	01:56:20.124	0.59381	0.59384			6
2026.03.05	01:56:20.425	0.59380	0.59383			6
2026.03.05	01:56:22.228	0.59381	0.59384			6
2026.03.05	01:56:23.128	0.59380	0.59383			6
2026.03.05	01:56:26.434	0.59381	0.59384			6
2026.03.05	01:56:27.634	0.59380	0.59383			6
2026.03.05	01:56:40.560		0.59382			4
2026.03.05	01:56:40.860	0.59376	0.59379			6
2026.03.05	01:56:41.460	0.59375	0.59378			6
2026.03.05	01:56:46.867	0.59377	0.59380			6
2026.03.05	01:56:47.169	0.59378	0.59381			6
2026.03.05	01:56:57.398	0.59376	0.59379			6
2026.03.05	01:57:00.101	0.59376				2
2026.03.05	01:57:09.414	0.59375	0.59378			6
2026.03.05	01:57:10.317	0.59374	0.59377			6
2026.03.05	01:57:20.843	0.59373	0.59376			6
2026.03.05	01:57:28.358	0.59371	0.59374			6
2026.03.05	01:57:31.662	0.59372	0.59375			6
2026.03.05	01:57:32.262	0.59373	0.59376			6
2026.03.05	01:57:34.664	0.59370	0.59373			6
2026.03.05	01:57:34.964	0.59371	0.59374			6
2026.03.05	01:57:37.065	0.59370	0.59373			6
2026.03.05	01:57:38.867	0.59371	0.59374			6
2026.03.05	01:57:49.535	0.59370	0.59373			6
2026.03.05	01:57:49.835	0.59371	0.59374			6
2026.03.05	01:58:00.053	0.59371				2
2026.03.05	01:58:08.162	0.59369	0.59372			6
2026.03.05	01:58:14.789	0.59370	0.59373			6
2026.03.05	01:58:18.698	0.59367	0.59370			6
2026.03.05	01:58:18.999	0.59365	0.59368			6
2026.03.05	01:58:20.801	0.59364	0.59367			6
2026.03.05	01:58:21.102	0.59365	0.59368			6
2026.03.05	01:58:22.306	0.59364	0.59367			6
2026.03.05	01:58:22.606	0.59365	0.59368			6
2026.03.05	01:58:31.016		0.59367			4
2026.03.05	01:58:31.316	0.59364				2
2026.03.05	01:58:35.825	0.59365	0.59368			6
2026.03.05	01:58:36.125	0.59367	0.59370			6
2026.03.05	01:58:41.831		0.59369			4
2026.03.05	01:58:42.131		0.59370			4
2026.03.05	01:58:44.534		0.59369			4
2026.03.05	01:58:44.834	0.59365	0.59368			6
2026.03.05	01:58:54.152	0.59364	0.59367			6
2026.03.05	01:58:57.758	0.59363	0.59366			6
2026.03.05	01:59:00.160	0.59363				2
2026.03.05	01:59:16.996	0.59362	0.59365			6
2026.03.05	01:59:17.296	0.59363	0.59366			6
2026.03.05	01:59:19.397	0.59362	0.59365			6
2026.03.05	01:59:22.100	0.59361	0.59364			6
2026.03.05	01:59:22.400	0.59360	0.59363			6
2026.03.05	01:59:23.604	0.59361	0.59364			6
2026.03.05	01:59:29.611	0.59360	0.59363			6
2026.03.05	01:59:31.413	0.59361	0.59364			6
2026.03.05	01:59:31.713	0.59360	0.59363			6
2026.03.05	01:59:35.019	0.59358	0.59361			6
2026.03.05	01:59:35.318	0.59359	0.59362			6
2026.03.05	01:59:37.379	0.59363	0.59364			6
2026.03.05	01:59:37.680		0.59366			4
2026.03.05	01:59:49.416	0.59364				2
2026.03.05	01:59:49.715	0.59365	0.59368			6
2026.03.05	01:59:50.014	0.59368	0.59370			6
2026.03.05	01:59:50.316	0.59367				2
2026.03.05	01:59:50.614		0.59369			4
2026.03.05	01:59:50.916	0.59365	0.59368			6
2026.03.05	01:59:51.214	0.59366	0.59369			6
2026.03.05	01:59:52.421	0.59368	0.59371			6
2026.03.05	02:00:00.184	0.59368				2
2026.03.05	02:00:00.784	0.59364	0.59367			6
2026.03.05	02:00:01.686	0.59366	0.59369			6
2026.03.05	02:00:01.986	0.59367	0.59370			6
2026.03.05	02:00:02.886	0.59368	0.59371			6
2026.03.05	02:00:03.488	0.59367	0.59370			6
2026.03.05	02:00:03.787	0.59366	0.59369			6
2026.03.05	02:00:04.389	0.59365	0.59368			6
2026.03.05	02:00:04.988	0.59366	0.59369			6
2026.03.05	02:00:05.288	0.59367	0.59370			6
2026.03.05	02:00:06.190	0.59366	0.59369			6
2026.03.05	02:00:06.489	0.59365	0.59368			6
2026.03.05	02:00:07.389	0.59364	0.59367			6
2026.03.05	02:00:07.690	0.59361	0.59365			6
2026.03.05	02:00:07.990		0.59364			4
2026.03.05	02:00:09.493	0.59359	0.59363			6
2026.03.05	02:00:10.094	0.59361	0.59365			6
2026.03.05	02:00:12.195	0.59362	0.59366			6
2026.03.05	02:00:12.495	0.59364				2
2026.03.05	02:00:12.796	0.59362				2
2026.03.05	02:00:13.698	0.59361	0.59365			6
2026.03.05	02:00:14.301	0.59362				2
2026.03.05	02:00:14.600	0.59363	0.59366			6
2026.03.05	02:00:14.901	0.59362				2
2026.03.05	02:00:15.205		0.59365			4
2026.03.05	02:00:15.501	0.59356	0.59360			6
2026.03.05	02:00:15.802	0.59355	0.59359			6
2026.03.05	02:00:16.102	0.59356	0.59360			6
2026.03.05	02:00:16.702	0.59357	0.59361			6
2026.03.05	02:00:18.205	0.59358				2
2026.03.05	02:00:19.106	0.59357				2
2026.03.05	02:00:20.611	0.59356	0.59360			6
2026.03.05	02:00:20.912	0.59357	0.59361			6
2026.03.05	02:00:27.260	0.59360	0.59363			6
2026.03.05	02:00:28.160	0.59359				2
2026.03.05	02:00:28.761	0.59360				2
2026.03.05	02:00:31.469	0.59362	0.59366			6
2026.03.05	02:00:32.117	0.59363				2
2026.03.05	02:00:32.418	0.59362				2
2026.03.05	02:00:33.319	0.59363	0.59367			6
2026.03.05	02:00:35.101	0.59365	0.59368			6
2026.03.05	02:00:35.401	0.59368	0.59369			6
2026.03.05	02:00:35.701	0.59371	0.59374			6
2026.03.05	02:00:36.001	0.59372	0.59376			6
2026.03.05	02:00:37.203	0.59370	0.59374			6
2026.03.05	02:00:41.317	0.59369	0.59372			6
2026.03.05	02:00:41.617	0.59368				2
2026.03.05	02:00:42.303	0.59369	0.59373			6
2026.03.05	02:00:45.307	0.59372	0.59376			6
2026.03.05	02:00:50.112	0.59373	0.59377			6
2026.03.05	02:00:51.314	0.59372	0.59376			6
2026.03.05	02:00:51.614	0.59373	0.59377			6
2026.03.05	02:00:54.917	0.59370	0.59374			6
2026.03.05	02:00:55.217		0.59373			4
2026.03.05	02:00:55.518		0.59374			4
2026.03.05	02:00:57.559		0.59373			4
2026.03.05	02:01:00.265	0.59370				2
2026.03.05	02:01:03.679		0.59374			4
2026.03.05	02:01:03.980	0.59368	0.59372			6
2026.03.05	02:01:04.280	0.59370				2
2026.03.05	02:01:04.580	0.59369				2
2026.03.05	02:01:06.087	0.59368	0.59371			6
2026.03.05	02:01:06.387	0.59370	0.59374			6
2026.03.05	02:01:06.688	0.59369	0.59373			6
2026.03.05	02:01:08.187	0.59370	0.59374			6
2026.03.05	02:01:09.089	0.59369	0.59373			6
2026.03.05	02:01:11.468	0.59370				2
2026.03.05	02:01:12.070		0.59374			4
2026.03.05	02:01:15.680	0.59369	0.59373			6
2026.03.05	02:01:15.981	0.59370				2
2026.03.05	02:01:17.182	0.59369				2
2026.03.05	02:01:21.383	0.59368	0.59371			6
2026.03.05	02:01:23.491	0.59367				2
2026.03.05	02:01:24.654		0.59370			4
2026.03.05	02:01:24.954	0.59368				2
2026.03.05	02:01:25.254	0.59367				2
2026.03.05	02:01:27.466		0.59371			4
2026.03.05	02:01:29.061	0.59368	0.59372			6
2026.03.05	02:01:29.662		0.59371			4
2026.03.05	02:01:30.261		0.59372			4
2026.03.05	02:01:31.162	0.59369	0.59373			6
2026.03.05	02:01:34.168	0.59371	0.59374			6
2026.03.05	02:01:35.069	0.59372				2
2026.03.05	02:01:35.672	0.59371				2
2026.03.05	02:01:37.174		0.59375			4
2026.03.05	02:01:37.774	0.59372	0.59376			6
2026.03.05	02:01:38.977	0.59371	0.59374			6
2026.03.05	02:01:40.179		0.59375			4
2026.03.05	02:01:40.479	0.59370	0.59374			6
2026.03.05	02:01:41.680	0.59371	0.59375			6
2026.03.05	02:01:41.979	0.59370	0.59374			6
2026.03.05	02:01:43.481	0.59369	0.59373			6
2026.03.05	02:01:43.782	0.59370	0.59374			6
2026.03.05	02:01:46.794	0.59371	0.59375			6
2026.03.05	02:01:49.800	0.59370	0.59374			6
2026.03.05	02:01:51.603	0.59367	0.59369			6
2026.03.05	02:01:51.903	0.59366				2
2026.03.05	02:01:58.613	0.59367	0.59371			6
2026.03.05	02:01:58.914	0.59366	0.59370			6
2026.03.05	02:02:00.114	0.59366				2
2026.03.05	02:02:00.414	0.59367				2
2026.03.05	02:02:02.216		0.59371			4
2026.03.05	02:02:03.541		0.59370			4
2026.03.05	02:02:04.268	0.59371	0.59375			6
2026.03.05	02:02:05.169	0.59372	0.59376			6
2026.03.05	02:02:07.274	0.59371	0.59375			6
2026.03.05	02:02:08.176	0.59372	0.59376			6
2026.03.05	02:02:10.578	0.59370	0.59374			6
2026.03.05	02:02:11.180	0.59371				2
2026.03.05	02:02:11.480		0.59375			4
2026.03.05	02:02:11.781	0.59370	0.59374			6
2026.03.05	02:02:15.089	0.59371				2
2026.03.05	02:02:18.995	0.59372	0.59375			6
2026.03.05	02:02:22.546		0.59376			4
2026.03.05	02:02:23.821		0.59375			4
2026.03.05	02:02:24.421	0.59371	0.59373			6
2026.03.05	02:02:24.722		0.59374			4
2026.03.05	02:02:30.775	0.59372	0.59375			6
2026.03.05	02:02:31.381	0.59362	0.59364			6
2026.03.05	02:02:31.679	0.59361				2
2026.03.05	02:02:38.393	0.59364	0.59367			6
2026.03.05	02:02:39.016	0.59365				2
2026.03.05	02:02:44.710	0.59369	0.59372			6
2026.03.05	02:02:45.011		0.59373			4
2026.03.05	02:02:47.116	0.59368	0.59371			6
2026.03.05	02:02:47.416	0.59367				2
2026.03.05	02:02:48.017		0.59370			4
2026.03.05	02:02:48.617	0.59366	0.59369			6
2026.03.05	02:02:49.219	0.59365				2
2026.03.05	02:02:50.120		0.59368			4
2026.03.05	02:02:51.629		0.59369			4
2026.03.05	02:02:54.934	0.59366				2
2026.03.05	02:03:00.255	0.59366				2
2026.03.05	02:03:00.555		0.59370			4
2026.03.05	02:03:00.855	0.59367	0.59371			6
2026.03.05	02:03:03.559	0.59365	0.59367			6
2026.03.05	02:03:04.119		0.59368			4
2026.03.05	02:03:07.127	0.59364	0.59367			6
2026.03.05	02:03:08.683	0.59367	0.59371			6
2026.03.05	02:03:10.249	0.59370	0.59374			6
2026.03.05	02:03:10.850		0.59373			4
2026.03.05	02:03:11.450		0.59374			4
2026.03.05	02:03:24.234	0.59371	0.59375			6
2026.03.05	02:03:32.644	0.59374	0.59377			6
2026.03.05	02:03:35.715	0.59377	0.59381			6
2026.03.05	02:03:38.119		0.59380			4
2026.03.05	02:03:38.422	0.59373	0.59377			6
2026.03.05	02:03:38.720	0.59374				2
2026.03.05	02:03:39.020	0.59375	0.59379			6
2026.03.05	02:03:39.622	0.59377	0.59381			6
2026.03.05	02:03:39.921	0.59376	0.59380			6
2026.03.05	02:03:43.226	0.59377	0.59381			6
2026.03.05	02:03:43.527	0.59376	0.59380			6
2026.03.05	02:03:43.828	0.59377	0.59381			6
2026.03.05	02:03:50.434	0.59378	0.59382			6
2026.03.05	02:03:50.735	0.59377	0.59381			6
2026.03.05	02:03:51.036	0.59378	0.59382			6
2026.03.05	02:03:53.742	0.59377	0.59381			6
2026.03.05	02:03:54.343	0.59378	0.59382			6
2026.03.05	02:03:55.246	0.59379	0.59383			6
2026.03.05	02:03:55.547	0.59380	0.59384			6
2026.03.05	02:04:00.056	0.59380				2
2026.03.05	02:04:00.356	0.59382	0.59386			6
2026.03.05	02:04:00.656	0.59383	0.59387			6
2026.03.05	02:04:05.457	0.59382	0.59386			6
2026.03.05	02:04:17.477	0.59381	0.59385			6
2026.03.05	02:04:20.182	0.59382	0.59386			6
2026.03.05	02:04:26.188	0.59381	0.59385			6
2026.03.05	02:04:30.398	0.59382	0.59386			6
2026.03.05	02:04:33.401	0.59383	0.59387			6
2026.03.05	02:04:39.407	0.59385	0.59389			6
2026.03.05	02:04:40.007	0.59384	0.59388			6
2026.03.05	02:04:42.712	0.59383	0.59387			6
2026.03.05	02:04:43.012	0.59382	0.59386			6
2026.03.05	02:04:43.312	0.59380	0.59384			6
2026.03.05	02:04:45.415		0.59383			4
2026.03.05	02:04:49.920		0.59384			4
2026.03.05	02:05:00.058	0.59380				2
2026.03.05	02:05:00.658		0.59383			4
2026.03.05	02:05:03.361	0.59377	0.59378			6
2026.03.05	02:05:03.661	0.59373	0.59377			6
2026.03.05	02:05:04.561	0.59372	0.59376			6
2026.03.05	02:05:05.763		0.59375			4
2026.03.05	02:05:10.576		0.59376			4
2026.03.05	02:05:12.979		0.59375			4
2026.03.05	02:05:13.277		0.59376			4
2026.03.05	02:05:18.689	0.59375	0.59379			6
2026.03.05	02:05:18.989	0.59376	0.59380			6
2026.03.05	02:05:19.289	0.59375	0.59379			6
2026.03.05	02:05:19.890	0.59374	0.59377			6
2026.03.05	02:05:20.491	0.59373	0.59376			6
2026.03.05	02:05:21.568	0.59372	0.59375			6
2026.03.05	02:05:29.678	0.59373	0.59376			6
2026.03.05	02:05:38.394	0.59375				2
2026.03.05	02:05:38.694	0.59376	0.59380			6
2026.03.05	02:05:39.595	0.59377				2
2026.03.05	02:05:41.696	0.59378				2
2026.03.05	02:05:46.803	0.59380	0.59382			6
2026.03.05	02:05:47.103		0.59384			4
2026.03.05	02:05:49.206	0.59381				2
2026.03.05	02:05:49.507	0.59382				2
2026.03.05	02:05:50.408	0.59380				2
2026.03.05	02:05:50.707	0.59377	0.59381			6
2026.03.05	02:05:51.010		0.59380			4
2026.03.05	02:05:51.912	0.59378				2
2026.03.05	02:05:57.316	0.59376				2
2026.03.05	02:06:00.020	0.59376				2
2026.03.05	02:06:03.025	0.59377				2
2026.03.05	02:06:03.626	0.59378				2
2026.03.05	02:06:04.228		0.59381			4
2026.03.05	02:06:11.646		0.59380			4
2026.03.05	02:06:14.655	0.59379				2
2026.03.05	02:06:16.456	0.59376				2
2026.03.05	02:06:17.058	0.59379				2
2026.03.05	02:06:23.068	0.59376				2
2026.03.05	02:06:23.368	0.59377				2
2026.03.05	02:06:24.269	0.59378				2
2026.03.05	02:06:27.576	0.59376				2
2026.03.05	02:06:29.377	0.59377				2
2026.03.05	02:06:30.279	0.59376	0.59379			6
2026.03.05	02:06:30.577		0.59380			4
2026.03.05	02:06:38.990	0.59377				2
2026.03.05	02:06:39.291		0.59381			4
2026.03.05	02:06:40.228	0.59378				2
2026.03.05	02:06:43.917		0.59380			4
2026.03.05	02:06:49.622	0.59376				2
2026.03.05	02:06:50.223	0.59377				2
2026.03.05	02:06:50.523	0.59376				2
2026.03.05	02:06:51.725	0.59377				2
2026.03.05	02:06:52.026	0.59379	0.59381			6
2026.03.05	02:06:52.326	0.59376	0.59380			6
2026.03.05	02:06:53.227	0.59377				2
2026.03.05	02:06:55.392		0.59379			4
2026.03.05	02:06:55.692	0.59378	0.59380			6
2026.03.05	02:06:57.194	0.59377	0.59379			6
2026.03.05	02:06:58.095		0.59380			4
2026.03.05	02:06:59.898	0.59378				2
2026.03.05	02:07:00.202	0.59378				2
2026.03.05	02:07:00.498	0.59380	0.59382			6
2026.03.05	02:07:00.798	0.59381	0.59384			6
2026.03.05	02:07:01.403		0.59385			4
2026.03.05	02:07:01.703	0.59382				2
2026.03.05	02:07:02.692	0.59381				2
2026.03.05	02:07:03.324	0.59384	0.59388			6
2026.03.05	02:07:03.623		0.59387			4
2026.03.05	02:07:04.222		0.59388			4
2026.03.05	02:07:05.361		0.59386			4
2026.03.05	02:07:05.661	0.59378	0.59382			6
2026.03.05	02:07:08.665	0.59379	0.59383			6
2026.03.05	02:07:10.166	0.59375	0.59378			6
2026.03.05	02:07:10.467	0.59374				2
2026.03.05	02:07:10.767	0.59373	0.59377			6
2026.03.05	02:07:11.668	0.59372	0.59376			6
2026.03.05	02:07:17.678	0.59370	0.59374			6
2026.03.05	02:07:17.978	0.59369	0.59373			6
2026.03.05	02:07:19.179	0.59370	0.59374			6
2026.03.05	02:07:22.182	0.59371	0.59375			6
2026.03.05	02:07:22.483	0.59372				2
2026.03.05	02:07:26.096	0.59373				2
2026.03.05	02:07:28.497	0.59374	0.59377			6
2026.03.05	02:07:28.798		0.59378			4
2026.03.05	02:07:29.630		0.59377			4
2026.03.05	02:07:32.636		0.59378			4
2026.03.05	02:07:35.049	0.59375	0.59379			6
2026.03.05	02:07:35.950	0.59377				2
2026.03.05	02:07:36.550	0.59376				2
2026.03.05	02:07:37.450	0.59375				2
2026.03.05	02:07:37.751	0.59374	0.59378			6
2026.03.05	02:07:46.765	0.59375	0.59379			6
2026.03.05	02:07:50.955		0.59378			4
2026.03.05	02:07:53.358		0.59379			4
2026.03.05	02:07:58.573	0.59376	0.59380			6
2026.03.05	02:08:00.077	0.59376				2
2026.03.05	02:08:01.579	0.59377				2
2026.03.05	02:08:11.270		0.59379			4
2026.03.05	02:08:13.376	0.59376				2
2026.03.05	02:08:16.680	0.59375	0.59378			6
2026.03.05	02:08:22.397	0.59376	0.59379			6
2026.03.05	02:08:24.502	0.59378				2
2026.03.05	02:08:24.802	0.59379	0.59382			6
2026.03.05	02:08:25.103	0.59378	0.59381			6
2026.03.05	02:08:26.605	0.59380	0.59383			6
2026.03.05	02:08:29.608		0.59382			4
2026.03.05	02:08:29.909	0.59379				2
2026.03.05	02:08:33.820	0.59378	0.59381			6
2026.03.05	02:08:34.121	0.59379				2
2026.03.05	02:08:34.725	0.59378				2
2026.03.05	02:08:35.025	0.59377	0.59380			6
2026.03.05	02:08:48.549	0.59378	0.59381			6
2026.03.05	02:08:50.051	0.59379				2
2026.03.05	02:08:52.155	0.59380	0.59383			6
2026.03.05	02:08:53.357	0.59379	0.59382			6
2026.03.05	02:08:55.760	0.59380	0.59383			6
2026.03.05	02:08:56.960	0.59379	0.59382			6
2026.03.05	02:08:57.561		0.59381			4
2026.03.05	02:08:57.862	0.59376	0.59379			6
2026.03.05	02:08:59.965	0.59378	0.59381			6
2026.03.05	02:09:00.265	0.59378				2
2026.03.05	02:09:01.467	0.59379				2
2026.03.05	02:09:01.767		0.59382			4
2026.03.05	02:09:02.066	0.59380	0.59383			6
2026.03.05	02:09:05.972		0.59382			4
2026.03.05	02:09:06.272		0.59383			4
2026.03.05	02:09:16.790	0.59378	0.59381			6
2026.03.05	02:09:19.797	0.59377	0.59380			6
2026.03.05	02:09:20.399	0.59379				2
2026.03.05	02:09:20.697	0.59380	0.59382			6
2026.03.05	02:09:21.599	0.59381				2
2026.03.05	02:09:21.898	0.59384	0.59386			6
2026.03.05	02:09:25.203	0.59383				2
2026.03.05	02:09:31.212		0.59384			4
2026.03.05	02:09:31.513	0.59375	0.59378			6
2026.03.05	02:09:31.813	0.59374	0.59377			6
2026.03.05	02:09:33.316		0.59378			4
2026.03.05	02:09:34.518		0.59377			4
2026.03.05	02:09:35.418		0.59378			4
2026.03.05	02:09:35.718	0.59377	0.59379			6
2026.03.05	02:09:36.018	0.59380	0.59383			6
2026.03.05	02:09:36.320		0.59384			4
2026.03.05	02:09:43.231	0.59379	0.59383			6
2026.03.05	02:09:52.548	0.59380	0.59384			6
2026.03.05	02:09:59.456	0.59385	0.59388			6
2026.03.05	02:09:59.756		0.59389			4
2026.03.05	02:10:00.056	0.59385	0.59388			6
2026.03.05	02:10:00.356		0.59389			4
2026.03.05	02:10:01.331		0.59388			4
2026.03.05	02:10:01.632		0.59389			4
2026.03.05	02:10:01.932	0.59381	0.59385			6
2026.03.05	02:10:04.035	0.59382	0.59386			6
2026.03.05	02:10:04.938	0.59380	0.59384			6
2026.03.05	02:10:18.463	0.59381	0.59385			6
2026.03.05	02:10:20.264		0.59384			4
2026.03.05	02:10:20.565		0.59385			4
2026.03.05	02:10:27.780	0.59382				2
2026.03.05	02:10:28.381	0.59381				2
2026.03.05	02:10:34.092	0.59382	0.59386			6
2026.03.05	02:10:34.394	0.59381	0.59385			6
2026.03.05	02:10:34.695	0.59382	0.59386			6
2026.03.05	02:10:40.705	0.59380	0.59384			6
2026.03.05	02:10:41.606		0.59383			4
2026.03.05	02:10:44.309		0.59384			4
2026.03.05	02:10:48.079		0.59383			4
2026.03.05	02:10:48.681		0.59384			4
2026.03.05	02:10:52.330		0.59383			4
2026.03.05	02:10:54.734	0.59379	0.59382			6
2026.03.05	02:10:55.635	0.59380	0.59383			6
2026.03.05	02:11:00.139	0.59380				2
2026.03.05	02:11:04.644	0.59379	0.59382			6
2026.03.05	02:11:04.945	0.59378	0.59381			6
2026.03.05	02:11:08.849	0.59379				2
2026.03.05	02:11:10.052	0.59378				2
2026.03.05	02:11:19.364	0.59379				2
2026.03.05	02:11:21.770	0.59378				2
2026.03.05	02:11:25.380	0.59377	0.59380			6
2026.03.05	02:11:26.580	0.59376	0.59379			6
2026.03.05	02:11:27.484	0.59377	0.59380			6
2026.03.05	02:11:33.796	0.59376	0.59379			6
2026.03.05	02:11:34.697	0.59377	0.59380			6
2026.03.05	02:11:34.997	0.59376	0.59379			6
2026.03.05	02:11:36.498	0.59377	0.59380			6
2026.03.05	02:11:38.599		0.59379			4
2026.03.05	02:11:38.898		0.59380			4
2026.03.05	02:11:49.413		0.59379			4
2026.03.05	02:11:59.630	0.59375	0.59377			6
2026.03.05	02:12:00.230	0.59375				2
2026.03.05	02:12:01.432	0.59376	0.59378			6
2026.03.05	02:12:09.240	0.59375	0.59377			6
2026.03.05	02:12:09.841	0.59371	0.59373			6
2026.03.05	02:12:10.441	0.59370	0.59372			6
2026.03.05	02:12:11.343		0.59373			4
2026.03.05	02:12:17.220	0.59371				2
2026.03.05	02:12:21.428	0.59370	0.59372			6
2026.03.05	02:12:53.279	0.59372	0.59374			6
2026.03.05	02:13:00.194	0.59372				2
2026.03.05	02:13:02.297	0.59371	0.59373			6
2026.03.05	02:13:05.902	0.59372	0.59374			6
2026.03.05	02:13:08.910	0.59377	0.59379			6
2026.03.05	02:13:09.510	0.59378				2
2026.03.05	02:13:09.811		0.59380			4
2026.03.05	02:13:10.713	0.59375	0.59377			6
2026.03.05	02:13:11.013	0.59374	0.59376			6
2026.03.05	02:13:12.819	0.59373				2
2026.03.05	02:13:13.117	0.59372	0.59375			6
2026.03.05	02:13:14.918	0.59373	0.59376			6
2026.03.05	02:13:23.331		0.59375			4
2026.03.05	02:13:33.242	0.59377	0.59379			6
2026.03.05	02:13:34.142		0.59380			4
2026.03.05	02:13:44.359		0.59379			4
2026.03.05	02:14:00.290	0.59377				2
2026.03.05	02:14:06.903	0.59379	0.59380			6
2026.03.05	02:14:07.202		0.59381			4
2026.03.05	02:14:09.904	0.59378	0.59380			6
2026.03.05	02:14:11.107	0.59379	0.59381			6
2026.03.05	02:14:21.022	0.59380	0.59382			6
2026.03.05	02:14:22.826	0.59379	0.59381			6
2026.03.05	02:14:29.740	0.59381	0.59383			6
2026.03.05	02:14:30.340	0.59382	0.59384			6
2026.03.05	02:14:32.744	0.59381	0.59383			6
2026.03.05	02:14:36.651	0.59382	0.59384			6
2026.03.05	02:14:38.455	0.59381	0.59383			6
2026.03.05	02:14:39.055	0.59382	0.59384			6
2026.03.05	02:14:44.766	0.59381	0.59383			6
2026.03.05	02:14:45.066	0.59382	0.59384			6
2026.03.05	02:14:47.774	0.59381	0.59383			6
2026.03.05	02:14:52.289	0.59382	0.59384			6
2026.03.05	02:14:57.396		0.59383			4
2026.03.05	02:14:57.997	0.59384	0.59385			6
2026.03.05	02:14:58.297		0.59386			4
2026.03.05	02:15:00.101	0.59384				2
2026.03.05	02:15:00.702	0.59381	0.59383			6
2026.03.05	02:15:01.903	0.59380	0.59382			6
2026.03.05	02:15:04.304	0.59381	0.59383			6
2026.03.05	02:15:06.406	0.59383	0.59385			6
2026.03.05	02:15:10.611	0.59385	0.59386			6
2026.03.05	02:15:10.912	0.59387	0.59389			6
2026.03.05	02:15:11.513	0.59386	0.59388			6
2026.03.05	02:15:12.416	0.59385	0.59387			6
2026.03.05	02:15:13.017	0.59390	0.59392			6
2026.03.05	02:15:13.317	0.59393	0.59396			6
2026.03.05	02:15:13.622	0.59395	0.59397			6
2026.03.05	02:15:13.918	0.59396	0.59399			6
2026.03.05	02:15:14.219	0.59395	0.59398			6
2026.03.05	02:15:14.521	0.59396	0.59399			6
2026.03.05	02:15:15.423	0.59397	0.59400			6
2026.03.05	02:15:21.134	0.59398	0.59401			6
2026.03.05	02:15:21.736	0.59397	0.59400			6
2026.03.05	02:15:22.037	0.59398	0.59401			6
2026.03.05	02:15:22.938	0.59397	0.59400			6
2026.03.05	02:15:25.340	0.59398	0.59401			6
2026.03.05	02:15:27.440	0.59397	0.59400			6
2026.03.05	02:15:30.144	0.59398	0.59401			6
2026.03.05	02:15:30.445	0.59397	0.59400			6
2026.03.05	02:15:30.744	0.59395	0.59398			6
2026.03.05	02:15:31.345	0.59393	0.59396			6
2026.03.05	02:15:31.645	0.59392	0.59395			6
2026.03.05	02:15:31.946	0.59391	0.59394			6
2026.03.05	02:15:32.246	0.59389	0.59392			6
2026.03.05	02:15:32.546	0.59390	0.59393			6
2026.03.05	02:15:33.147	0.59389				2
2026.03.05	02:15:34.651	0.59390	0.59394			6
2026.03.05	02:15:37.658	0.59391	0.59395			6
2026.03.05	02:15:40.663	0.59392				2
2026.03.05	02:15:40.967	0.59395	0.59396			6
