<DATE>	<TIME>	<BID>	<ASK>	<LAST>	<VOLUME>	<FLAGS>
2026.03.30	00:03:30.952	0.57460	0.57500			6
2026.03.30	00:03:59.001	0.57455				2
2026.03.30	00:04:01.280	0.57455				2
2026.03.30	00:04:26.323	0.57446	0.57490			6
2026.03.30	00:04:26.623	0.57447				2
2026.03.30	00:04:32.641	0.57454	0.57497			6
2026.03.30	00:04:49.018	0.57447	0.57490			6
2026.03.30	00:04:51.724	0.57448				2
2026.03.30	00:04:58.942	0.57446				2
2026.03.30	00:05:00.367	0.57446	0.57491			6
2026.03.30	00:05:00.670		0.57493			4
2026.03.30	00:05:01.295	0.57442	0.57485			6
2026.03.30	00:05:31.026		0.57484			4
2026.03.30	00:05:35.625	0.57447	0.57488			6
2026.03.30	00:06:01.280	0.57447				2
2026.03.30	00:06:17.666	0.57449	0.57521			6
2026.03.30	00:07:01.420	0.57449				2
2026.03.30	00:07:04.931	0.57458				2
2026.03.30	00:07:17.577	0.57450	0.57522			6
2026.03.30	00:07:22.091	0.57449	0.57511			6
2026.03.30	00:08:07.368	0.57449				2
2026.03.30	00:08:22.132		0.57511			4
2026.03.30	00:09:02.369	0.57449				2
2026.03.30	00:09:31.830		0.57511			4
2026.03.30	00:09:55.585		0.57499			4
2026.03.30	00:10:00.005	0.57449				2
2026.03.30	00:10:00.305		0.57495			4
2026.03.30	00:10:45.315	0.57447	0.57492			6
2026.03.30	00:10:49.211	0.57444	0.57489			6
2026.03.30	00:10:50.738	0.57437	0.57482			6
2026.03.30	00:11:00.045	0.57437				2
2026.03.30	00:11:21.280		0.57481			4
2026.03.30	00:11:35.280		0.57480			4
2026.03.30	00:11:47.436		0.57478			4
2026.03.30	00:11:55.238	0.57422	0.57459			6
2026.03.30	00:11:55.538	0.57428	0.57468			6
2026.03.30	00:11:56.738		0.57469			4
2026.03.30	00:12:00.036	0.57428				2
2026.03.30	00:12:07.589	0.57426	0.57467			6
2026.03.30	00:12:09.637	0.57424	0.57464			6
2026.03.30	00:12:46.121		0.57463			4
2026.03.30	00:12:59.832	0.57419	0.57459			6
2026.03.30	00:13:01.236	0.57419				2
2026.03.30	00:13:26.520	0.57414	0.57454			6
2026.03.30	00:13:30.961		0.57453			4
2026.03.30	00:13:31.562	0.57415				2
2026.03.30	00:13:33.339	0.57419	0.57458			6
2026.03.30	00:13:58.674	0.57414	0.57453			6
2026.03.30	00:14:00.044	0.57414				2
2026.03.30	00:14:16.861		0.57454			4
2026.03.30	00:14:17.164		0.57455			4
2026.03.30	00:14:18.719	0.57412	0.57452			6
2026.03.30	00:14:44.451	0.57410	0.57449			6
2026.03.30	00:15:00.037	0.57410				2
2026.03.30	00:15:23.662	0.57413	0.57451			6
2026.03.30	00:15:25.837	0.57416	0.57453			6
2026.03.30	00:16:01.236	0.57416				2
2026.03.30	00:16:05.311	0.57413	0.57451			6
2026.03.30	00:16:37.836	0.57452	0.57480			6
2026.03.30	00:16:38.138		0.57479			4
2026.03.30	00:16:48.396	0.57451				2
2026.03.30	00:17:00.126	0.57451				2
2026.03.30	00:17:10.053	0.57450				2
2026.03.30	00:17:13.968	0.57451				2
2026.03.30	00:17:17.280	0.57450				2
2026.03.30	00:17:19.086	0.57451				2
2026.03.30	00:17:22.092	0.57450				2
2026.03.30	00:17:23.901	0.57451				2
2026.03.30	00:17:26.307	0.57450				2
2026.03.30	00:17:37.732	0.57449				2
2026.03.30	00:17:38.335	0.57450	0.57479			6
2026.03.30	00:17:42.245		0.57480			4
2026.03.30	00:17:45.564	0.57449				2
2026.03.30	00:17:54.298	0.57450				2
2026.03.30	00:17:56.104	0.57449				2
2026.03.30	00:17:57.909	0.57450				2
2026.03.30	00:17:59.110		0.57476			4
2026.03.30	00:18:00.012	0.57450				2
2026.03.30	00:18:09.641	0.57448				2
2026.03.30	00:18:11.756	0.57449				2
2026.03.30	00:18:13.868	0.57445				2
2026.03.30	00:18:36.439		0.57474			4
2026.03.30	00:18:38.551	0.57447				2
2026.03.30	00:18:53.305	0.57446				2
2026.03.30	00:18:58.425	0.57447				2
2026.03.30	00:19:00.231	0.57447				2
2026.03.30	00:19:02.034	0.57446				2
2026.03.30	00:19:36.640		0.57474			4
2026.03.30	00:19:37.542		0.57476			4
2026.03.30	00:20:00.132	0.57446				2
2026.03.30	00:20:08.266	0.57445				2
2026.03.30	00:20:24.525		0.57474			4
2026.03.30	00:20:25.125	0.57440	0.57478			6
2026.03.30	00:20:25.425		0.57474			4
2026.03.30	00:20:31.441	0.57439				2
2026.03.30	00:20:31.741	0.57438				2
2026.03.30	00:20:32.341	0.57439				2
2026.03.30	00:20:32.642	0.57440				2
2026.03.30	00:20:32.943	0.57438				2
2026.03.30	00:20:33.544	0.57439				2
2026.03.30	00:20:34.449	0.57440				2
2026.03.30	00:20:35.662	0.57439				2
2026.03.30	00:20:41.987	0.57438				2
2026.03.30	00:20:42.291	0.57437				2
2026.03.30	00:20:45.002	0.57438				2
2026.03.30	00:20:45.603	0.57437				2
2026.03.30	00:20:46.805	0.57403	0.57441			6
2026.03.30	00:20:49.237	0.57432	0.57473			6
2026.03.30	00:20:49.537	0.57420	0.57471			6
2026.03.30	00:21:00.095	0.57420				2
2026.03.30	00:21:01.600		0.57470			4
2026.03.30	00:21:02.804	0.57436	0.57471			6
2026.03.30	00:21:06.118	0.57435				2
2026.03.30	00:21:06.418	0.57421	0.57470			6
2026.03.30	00:21:11.525	0.57404	0.57412			6
2026.03.30	00:21:18.139	0.57410	0.57491			6
2026.03.30	00:21:18.741	0.57413				2
2026.03.30	00:21:19.041	0.57416				2
2026.03.30	00:21:19.341	0.57412				2
2026.03.30	00:21:19.641	0.57416				2
2026.03.30	00:21:19.941	0.57412				2
2026.03.30	00:21:20.241	0.57413				2
2026.03.30	00:21:20.544	0.57410				2
2026.03.30	00:21:20.845	0.57413				2
2026.03.30	00:21:21.146	0.57416				2
2026.03.30	00:21:21.449	0.57411				2
2026.03.30	00:21:22.052	0.57413				2
2026.03.30	00:21:22.659	0.57410				2
2026.03.30	00:21:22.962	0.57413				2
2026.03.30	00:21:23.262	0.57416				2
2026.03.30	00:21:23.562	0.57412	0.57496			6
2026.03.30	00:21:23.865	0.57423	0.57495			6
2026.03.30	00:21:24.166	0.57419	0.57496			6
2026.03.30	00:21:24.467	0.57423				2
2026.03.30	00:21:24.769	0.57419	0.57494			6
2026.03.30	00:21:25.370	0.57414	0.57495			6
2026.03.30	00:21:25.670	0.57415	0.57496			6
2026.03.30	00:21:25.973	0.57419	0.57495			6
2026.03.30	00:21:26.274	0.57423				2
2026.03.30	00:21:26.875	0.57417	0.57493			6
2026.03.30	00:21:27.177	0.57418	0.57494			6
2026.03.30	00:21:28.684	0.57408				2
2026.03.30	00:21:28.983	0.57418				2
2026.03.30	00:21:29.286	0.57415				2
2026.03.30	00:21:29.587	0.57413				2
2026.03.30	00:21:29.890	0.57410				2
2026.03.30	00:21:30.191	0.57412				2
2026.03.30	00:21:30.492	0.57416				2
2026.03.30	00:21:30.792	0.57405				2
2026.03.30	00:21:31.093	0.57416				2
2026.03.30	00:21:31.393	0.57412				2
2026.03.30	00:21:32.293	0.57415				2
2026.03.30	00:21:32.594	0.57418				2
2026.03.30	00:21:32.894	0.57408				2
2026.03.30	00:21:33.196	0.57416				2
2026.03.30	00:21:33.497	0.57412				2
2026.03.30	00:21:34.098	0.57410				2
2026.03.30	00:21:34.398	0.57412				2
2026.03.30	00:21:34.699	0.57416				2
2026.03.30	00:21:35.001	0.57405				2
2026.03.30	00:21:35.303	0.57411				2
2026.03.30	00:21:35.603	0.57413				2
2026.03.30	00:21:36.205	0.57410				2
2026.03.30	00:21:36.504	0.57412				2
2026.03.30	00:21:36.804	0.57416				2
2026.03.30	00:21:37.104	0.57404				2
2026.03.30	00:21:37.404	0.57410				2
2026.03.30	00:21:37.706	0.57412				2
2026.03.30	00:21:38.006		0.57489			4
2026.03.30	00:21:38.306	0.57409				2
2026.03.30	00:21:38.608	0.57412				2
2026.03.30	00:21:38.910	0.57415				2
2026.03.30	00:21:39.210	0.57405				2
2026.03.30	00:21:39.511	0.57415				2
2026.03.30	00:21:39.810	0.57412				2
2026.03.30	00:21:40.411	0.57409				2
2026.03.30	00:21:40.712	0.57415				2
2026.03.30	00:21:41.917	0.57412				2
2026.03.30	00:21:42.818	0.57415				2
2026.03.30	00:21:44.019	0.57412				2
2026.03.30	00:21:44.920	0.57409				2
2026.03.30	00:21:45.221	0.57415				2
2026.03.30	00:21:45.821	0.57410				2
2026.03.30	00:21:46.121	0.57415				2
2026.03.30	00:21:46.421	0.57412				2
2026.03.30	00:21:47.021	0.57409				2
2026.03.30	00:21:47.321	0.57415				2
2026.03.30	00:21:47.922	0.57410				2
2026.03.30	00:21:48.223	0.57415				2
2026.03.30	00:21:48.524	0.57412				2
2026.03.30	00:21:48.824	0.57410				2
2026.03.30	00:21:49.124	0.57411				2
2026.03.30	00:21:49.424	0.57409				2
2026.03.30	00:21:49.724	0.57415				2
2026.03.30	00:21:50.326	0.57410				2
2026.03.30	00:21:50.626	0.57415				2
2026.03.30	00:21:50.927	0.57411				2
2026.03.30	00:21:51.526	0.57409				2
2026.03.30	00:21:51.827	0.57415				2
2026.03.30	00:21:52.427	0.57410				2
2026.03.30	00:21:53.027	0.57411				2
2026.03.30	00:21:53.628	0.57409				2
2026.03.30	00:21:53.928	0.57411				2
2026.03.30	00:21:54.228	0.57415				2
2026.03.30	00:21:54.530	0.57410				2
2026.03.30	00:21:55.131	0.57411				2
2026.03.30	00:21:55.732	0.57409				2
2026.03.30	00:21:56.034	0.57414				2
2026.03.30	00:21:56.334	0.57415				2
2026.03.30	00:21:57.235	0.57412				2
2026.03.30	00:21:57.536	0.57415				2
2026.03.30	00:22:00.241	0.57415				2
2026.03.30	00:22:04.456	0.57408	0.57491			6
2026.03.30	00:22:04.757		0.57490			4
2026.03.30	00:22:05.057	0.57405				2
2026.03.30	00:22:05.358	0.57408				2
2026.03.30	00:22:05.658	0.57412				2
2026.03.30	00:22:05.959	0.57406				2
2026.03.30	00:22:06.259	0.57412				2
2026.03.30	00:22:06.560	0.57408				2
2026.03.30	00:22:07.168	0.57406				2
2026.03.30	00:22:07.469	0.57408				2
2026.03.30	00:22:07.768	0.57407	0.57506			6
2026.03.30	00:22:08.369	0.57389	0.57560			6
2026.03.30	00:22:08.669	0.57387	0.57571			6
2026.03.30	00:22:08.969	0.57389	0.57563			6
2026.03.30	00:22:16.804	0.57387				2
2026.03.30	00:22:25.825	0.57391	0.57564			6
2026.03.30	00:22:26.125		0.57555			4
2026.03.30	00:22:34.856	0.57393				2
2026.03.30	00:22:35.156	0.57394				2
2026.03.30	00:22:35.457	0.57395				2
2026.03.30	00:22:37.008	0.57394				2
2026.03.30	00:22:37.310	0.57393				2
2026.03.30	00:22:41.519	0.57400	0.57542			6
2026.03.30	00:22:46.928	0.57398				2
2026.03.30	00:23:00.205	0.57398				2
2026.03.30	00:23:41.730		0.57542			4
2026.03.30	00:24:00.091	0.57398				2
2026.03.30	00:24:08.518		0.57448			4
2026.03.30	00:24:08.820	0.57415	0.57450			6
2026.03.30	00:24:18.437		0.57444			4
2026.03.30	00:24:27.461	0.57401	0.57508			6
2026.03.30	00:24:27.760	0.57397	0.57527			6
2026.03.30	00:24:28.061	0.57400	0.57541			6
2026.03.30	00:24:28.361	0.57397	0.57537			6
2026.03.30	00:24:28.661	0.57400	0.57528			6
2026.03.30	00:24:28.964	0.57399	0.57533			6
2026.03.30	00:24:29.266	0.57397	0.57543			6
2026.03.30	00:24:29.568	0.57400	0.57526			6
2026.03.30	00:24:29.869	0.57398	0.57533			6
2026.03.30	00:24:30.170	0.57397	0.57567			6
2026.03.30	00:24:30.470	0.57399	0.57526			6
2026.03.30	00:24:30.770	0.57397	0.57536			6
2026.03.30	00:24:31.071		0.57527			4
2026.03.30	00:24:31.372	0.57398	0.57522			6
2026.03.30	00:24:31.673	0.57397	0.57524			6
2026.03.30	00:24:31.975	0.57398	0.57519			6
2026.03.30	00:24:32.277		0.57568			4
2026.03.30	00:24:32.580		0.57527			4
2026.03.30	00:24:32.880	0.57397	0.57521			6
2026.03.30	00:24:33.180	0.57398	0.57522			6
2026.03.30	00:24:33.480	0.57397	0.57549			6
2026.03.30	00:24:33.783	0.57398	0.57522			6
2026.03.30	00:24:34.082	0.57397	0.57541			6
2026.03.30	00:24:34.383	0.57398	0.57533			6
2026.03.30	00:24:34.685	0.57397				2
2026.03.30	00:24:34.988	0.57399				2
2026.03.30	00:24:35.290	0.57397	0.57540			6
2026.03.30	00:24:35.590	0.57398	0.57543			6
2026.03.30	00:24:35.889	0.57396	0.57526			6
2026.03.30	00:24:36.190	0.57402	0.57533			6
2026.03.30	00:24:36.490		0.57540			4
2026.03.30	00:24:36.791	0.57398	0.57530			6
2026.03.30	00:24:37.090	0.57409	0.57528			6
2026.03.30	00:24:37.391	0.57397	0.57536			6
2026.03.30	00:24:37.692	0.57399	0.57533			6
2026.03.30	00:24:37.993	0.57395				2
2026.03.30	00:24:38.296	0.57402	0.57574			6
2026.03.30	00:24:38.597	0.57396	0.57526			6
2026.03.30	00:24:38.897	0.57399	0.57533			6
2026.03.30	00:24:39.198	0.57395	0.57540			6
2026.03.30	00:24:39.498	0.57399	0.57543			6
2026.03.30	00:24:39.802	0.57396	0.57526			6
2026.03.30	00:24:40.103	0.57402	0.57533			6
2026.03.30	00:24:40.403	0.57395	0.57540			6
2026.03.30	00:24:40.704	0.57399	0.57543			6
2026.03.30	00:24:41.005	0.57396	0.57526			6
2026.03.30	00:24:41.306	0.57398	0.57533			6
2026.03.30	00:24:41.607	0.57395	0.57540			6
2026.03.30	00:24:41.910	0.57399	0.57543			6
2026.03.30	00:24:42.211	0.57396	0.57525			6
2026.03.30	00:24:42.511	0.57398	0.57533			6
2026.03.30	00:24:42.811	0.57395	0.57567			6
2026.03.30	00:24:43.112	0.57399	0.57536			6
2026.03.30	00:24:43.412	0.57396	0.57525			6
2026.03.30	00:24:43.715	0.57400	0.57520			6
2026.03.30	00:24:44.015	0.57402	0.57522			6
2026.03.30	00:24:44.316	0.57392	0.57533			6
2026.03.30	00:24:44.618	0.57396	0.57522			6
2026.03.30	00:24:44.920	0.57398	0.57533			6
2026.03.30	00:24:45.219	0.57395	0.57551			6
2026.03.30	00:24:45.519	0.57398	0.57526			6
2026.03.30	00:24:45.820	0.57403	0.57551			6
2026.03.30	00:24:46.120	0.57398	0.57541			6
2026.03.30	00:24:46.421	0.57397	0.57536			6
2026.03.30	00:24:46.721	0.57403	0.57515			6
2026.03.30	00:24:47.021	0.57398	0.57536			6
2026.03.30	00:24:47.323	0.57401	0.57541			6
2026.03.30	00:24:47.623	0.57398	0.57536			6
2026.03.30	00:24:47.923	0.57403	0.57515			6
2026.03.30	00:24:48.223	0.57398	0.57536			6
2026.03.30	00:24:48.523	0.57400	0.57541			6
2026.03.30	00:24:48.825	0.57392	0.57536			6
2026.03.30	00:24:49.125	0.57400	0.57563			6
2026.03.30	00:24:49.427	0.57395	0.57536			6
2026.03.30	00:24:49.727	0.57400	0.57527			6
2026.03.30	00:24:50.028	0.57392	0.57536			6
2026.03.30	00:24:50.328	0.57405	0.57558			6
2026.03.30	00:24:50.631	0.57395	0.57522			6
2026.03.30	00:24:50.931	0.57398	0.57551			6
2026.03.30	00:24:51.231		0.57536			4
2026.03.30	00:24:51.532	0.57401	0.57526			6
2026.03.30	00:24:51.832	0.57396	0.57541			6
2026.03.30	00:24:52.132	0.57395	0.57536			6
2026.03.30	00:24:52.432	0.57398	0.57526			6
2026.03.30	00:24:52.733	0.57399	0.57533			6
2026.03.30	00:24:53.034	0.57402				2
2026.03.30	00:24:53.334	0.57398	0.57536			6
2026.03.30	00:24:53.634	0.57409	0.57515			6
2026.03.30	00:24:53.934	0.57395	0.57536			6
2026.03.30	00:24:54.234		0.57541			4
2026.03.30	00:24:54.535	0.57397	0.57569			6
2026.03.30	00:24:54.835	0.57398	0.57522			6
2026.03.30	00:24:55.136	0.57397	0.57564			6
2026.03.30	00:24:55.436	0.57398	0.57541			6
2026.03.30	00:24:55.737	0.57395	0.57533			6
2026.03.30	00:24:56.038	0.57398	0.57526			6
2026.03.30	00:24:56.338	0.57404	0.57541			6
2026.03.30	00:24:56.638	0.57398	0.57533			6
2026.03.30	00:24:56.938	0.57395				2
2026.03.30	00:24:57.238	0.57398	0.57525			6
2026.03.30	00:24:57.539	0.57403	0.57541			6
2026.03.30	00:24:57.839	0.57397	0.57533			6
2026.03.30	00:24:58.141	0.57395				2
2026.03.30	00:24:58.442	0.57398	0.57526			6
2026.03.30	00:24:58.743	0.57403	0.57541			6
2026.03.30	00:24:59.043	0.57398	0.57533			6
2026.03.30	00:24:59.343	0.57395	0.57540			6
2026.03.30	00:24:59.643	0.57398	0.57527			6
2026.03.30	00:24:59.943	0.57399	0.57533			6
2026.03.30	00:25:00.244	0.57395	0.57540			6
2026.03.30	00:25:00.544	0.57399	0.57551			6
2026.03.30	00:25:00.844	0.57398	0.57536			6
2026.03.30	00:25:01.144	0.57401	0.57515			6
2026.03.30	00:25:01.445	0.57399	0.57536			6
2026.03.30	00:25:01.746	0.57401	0.57551			6
2026.03.30	00:25:02.047	0.57395	0.57536			6
2026.03.30	00:25:02.346	0.57400	0.57515			6
2026.03.30	00:25:02.646	0.57399	0.57536			6
2026.03.30	00:25:02.946	0.57400	0.57550			6
2026.03.30	00:25:03.247	0.57395	0.57536			6
2026.03.30	00:25:03.546	0.57400	0.57515			6
2026.03.30	00:25:03.847	0.57395	0.57536			6
2026.03.30	00:25:04.149	0.57401	0.57551			6
2026.03.30	00:25:04.451	0.57395	0.57536			6
2026.03.30	00:25:04.752	0.57400	0.57515			6
2026.03.30	00:25:05.053	0.57395	0.57536			6
2026.03.30	00:25:05.356	0.57401	0.57541			6
2026.03.30	00:25:05.658	0.57395	0.57536			6
2026.03.30	00:25:05.957	0.57425	0.57556			6
2026.03.30	00:25:06.259	0.57423	0.57531			6
2026.03.30	00:25:06.560	0.57422	0.57534			6
2026.03.30	00:25:06.860	0.57423	0.57531			6
2026.03.30	00:25:07.163	0.57426				2
2026.03.30	00:25:07.464	0.57420	0.57540			6
2026.03.30	00:25:07.764	0.57417				2
2026.03.30	00:25:08.365	0.57419	0.57531			6
2026.03.30	00:25:08.667	0.57425				2
2026.03.30	00:25:21.007		0.57491			4
2026.03.30	00:25:21.310	0.57424	0.57490			6
2026.03.30	00:25:28.193		0.57489			4
2026.03.30	00:25:34.236	0.57434				2
2026.03.30	00:25:34.536		0.57491			4
2026.03.30	00:26:00.937	0.57434				2
2026.03.30	00:26:25.239		0.57490			4
2026.03.30	00:26:34.510		0.57491			4
2026.03.30	00:27:00.636	0.57434				2
2026.03.30	00:27:34.586		0.57491			4
2026.03.30	00:28:01.236	0.57434				2
2026.03.30	00:28:36.936		0.57491			4
2026.03.30	00:29:01.236	0.57434				2
2026.03.30	00:29:37.236		0.57491			4
2026.03.30	00:29:58.062	0.57431	0.57484			6
2026.03.30	00:30:00.336	0.57431				2
2026.03.30	00:30:27.979	0.57420				2
2026.03.30	00:30:28.283	0.57431				2
2026.03.30	00:30:58.236		0.57484			4
2026.03.30	00:31:00.038	0.57431				2
2026.03.30	00:31:11.280		0.57483			4
2026.03.30	00:31:57.834		0.57482			4
2026.03.30	00:32:01.237	0.57431				2
2026.03.30	00:32:32.713		0.57483			4
2026.03.30	00:32:33.017		0.57486			4
2026.03.30	00:32:53.987		0.57487			4
2026.03.30	00:33:00.273	0.57431				2
2026.03.30	00:33:29.760	0.57434				2
2026.03.30	00:33:31.279		0.57486			4
2026.03.30	00:33:58.074		0.57485			4
2026.03.30	00:34:01.236	0.57434				2
2026.03.30	00:34:06.225	0.57439	0.57496			6
2026.03.30	00:34:27.990		0.57495			4
2026.03.30	00:34:40.538		0.57496			4
2026.03.30	00:34:42.582		0.57495			4
2026.03.30	00:35:05.925	0.57439				2
2026.03.30	00:35:25.236		0.57490			4
2026.03.30	00:35:25.858		0.57491			4
2026.03.30	00:35:41.280		0.57490			4
2026.03.30	00:36:00.037	0.57439				2
2026.03.30	00:36:03.176		0.57491			4
2026.03.30	00:36:06.203	0.57442	0.57492			6
2026.03.30	00:36:14.356		0.57493			4
2026.03.30	00:36:15.269		0.57492			4
2026.03.30	00:36:35.426		0.57491			4
2026.03.30	00:36:37.123		0.57492			4
2026.03.30	00:36:37.950		0.57490			4
2026.03.30	00:36:38.250		0.57491			4
2026.03.30	00:36:42.336	0.57439	0.57489			6
2026.03.30	00:36:47.411	0.57425	0.57472			6
2026.03.30	00:36:48.011		0.57474			4
2026.03.30	00:36:51.280		0.57473			4
2026.03.30	00:36:59.035		0.57476			4
2026.03.30	00:37:00.036	0.57425				2
2026.03.30	00:37:01.580		0.57473			4
2026.03.30	00:37:03.636	0.57404	0.57465			6
2026.03.30	00:37:11.437	0.57405				2
2026.03.30	00:37:13.537	0.57404				2
2026.03.30	00:37:14.437	0.57405				2
2026.03.30	00:37:25.537	0.57404				2
2026.03.30	00:37:27.337	0.57405				2
2026.03.30	00:37:29.026	0.57395	0.57441			6
2026.03.30	00:37:29.328		0.57442			4
2026.03.30	00:37:29.928	0.57399				2
2026.03.30	00:37:39.937	0.57400				2
2026.03.30	00:37:45.415	0.57399				2
2026.03.30	00:37:47.138	0.57400				2
2026.03.30	00:38:00.938	0.57400				2
2026.03.30	00:38:03.637	0.57401				2
2026.03.30	00:38:06.941		0.57443			4
2026.03.30	00:38:22.010	0.57402				2
2026.03.30	00:38:24.332	0.57399	0.57441			6
2026.03.30	00:38:35.468		0.57440			4
2026.03.30	00:38:35.769	0.57398				2
2026.03.30	00:38:45.408	0.57395				2
2026.03.30	00:39:00.132	0.57395				2
2026.03.30	00:39:01.335		0.57439			4
2026.03.30	00:39:13.375		0.57441			4
2026.03.30	00:39:27.221		0.57439			4
2026.03.30	00:39:28.423		0.57441			4
2026.03.30	00:39:52.505	0.57396				2
2026.03.30	00:39:57.317		0.57439			4
2026.03.30	00:40:00.020	0.57396				2
2026.03.30	00:40:02.725	0.57395				2
2026.03.30	00:40:08.734	0.57396				2
2026.03.30	00:40:28.280		0.57441			4
2026.03.30	00:41:00.170	0.57396				2
2026.03.30	00:41:17.625		0.57440			4
2026.03.30	00:41:48.027	0.57392				2
2026.03.30	00:42:00.337	0.57392				2
2026.03.30	00:42:04.031	0.57395	0.57439			6
2026.03.30	00:42:04.330		0.57438			4
2026.03.30	00:42:07.034		0.57440			4
2026.03.30	00:42:08.836		0.57438			4
2026.03.30	00:42:10.937	0.57396	0.57440			6
2026.03.30	00:42:12.741	0.57395				2
2026.03.30	00:42:13.041		0.57438			4
2026.03.30	00:42:15.142		0.57437			4
2026.03.30	00:42:21.463		0.57438			4
2026.03.30	00:42:28.443	0.57396				2
2026.03.30	00:42:30.849	0.57395				2
2026.03.30	00:42:44.351	0.57396				2
2026.03.30	00:43:00.005	0.57396				2
2026.03.30	00:43:04.735	0.57395				2
2026.03.30	00:43:05.938		0.57437			4
2026.03.30	00:43:06.238	0.57396				2
2026.03.30	00:43:08.041		0.57439			4
2026.03.30	00:43:09.844		0.57438			4
2026.03.30	00:43:14.052		0.57437			4
2026.03.30	00:43:16.163		0.57439			4
2026.03.30	00:43:18.270		0.57438			4
2026.03.30	00:43:20.380		0.57437			4
2026.03.30	00:43:22.486		0.57439			4
2026.03.30	00:43:24.595		0.57438			4
2026.03.30	00:43:28.807		0.57437			4
2026.03.30	00:43:30.911		0.57439			4
2026.03.30	00:43:33.019		0.57438			4
2026.03.30	00:43:35.125		0.57437			4
2026.03.30	00:43:37.225		0.57439			4
2026.03.30	00:43:39.327		0.57440			4
2026.03.30	00:43:41.131		0.57439			4
2026.03.30	00:43:43.238		0.57438			4
2026.03.30	00:43:47.451		0.57439			4
2026.03.30	00:43:49.555		0.57438			4
2026.03.30	00:43:51.661		0.57439			4
2026.03.30	00:43:53.764		0.57438			4
2026.03.30	00:43:55.866		0.57439			4
2026.03.30	00:43:57.973		0.57438			4
2026.03.30	00:44:00.084	0.57396				2
2026.03.30	00:44:00.384		0.57439			4
2026.03.30	00:44:02.190		0.57438			4
2026.03.30	00:44:04.602		0.57440			4
2026.03.30	00:44:06.408		0.57438			4
2026.03.30	00:44:09.724		0.57440			4
2026.03.30	00:44:11.825		0.57438			4
2026.03.30	00:44:16.039		0.57437			4
2026.03.30	00:44:18.447		0.57439			4
2026.03.30	00:44:20.555		0.57438			4
2026.03.30	00:44:22.970		0.57439			4
2026.03.30	00:44:25.078		0.57438			4
2026.03.30	00:44:27.188		0.57440			4
2026.03.30	00:44:29.294		0.57438			4
2026.03.30	00:44:31.405		0.57437			4
2026.03.30	00:44:33.210		0.57439			4
2026.03.30	00:44:39.524		0.57438			4
2026.03.30	00:44:41.628		0.57439			4
2026.03.30	00:44:43.732		0.57438			4
2026.03.30	00:44:45.835		0.57439			4
2026.03.30	00:44:50.344		0.57440			4
2026.03.30	00:44:57.570		0.57441			4
2026.03.30	00:44:59.691		0.57440			4
2026.03.30	00:45:00.291	0.57396				2
2026.03.30	00:45:01.795		0.57441			4
2026.03.30	00:45:02.399		0.57447			4
2026.03.30	00:45:04.805		0.57440			4
2026.03.30	00:45:05.408		0.57441			4
2026.03.30	00:45:07.517		0.57440			4
2026.03.30	00:45:09.620		0.57441			4
2026.03.30	00:45:11.122		0.57440			4
2026.03.30	00:45:13.225		0.57438			4
2026.03.30	00:45:17.128		0.57440			4
2026.03.30	00:45:24.956		0.57441			4
2026.03.30	00:45:29.176		0.57440			4
2026.03.30	00:45:31.283		0.57441			4
2026.03.30	00:45:32.785		0.57440			4
2026.03.30	00:45:52.335	0.57397				2
2026.03.30	00:46:00.172	0.57397				2
2026.03.30	00:46:00.475	0.57396				2
2026.03.30	00:46:18.520		0.57438			4
2026.03.30	00:46:20.622		0.57440			4
2026.03.30	00:46:21.823		0.57441			4
2026.03.30	00:46:23.926		0.57440			4
2026.03.30	00:46:26.030		0.57439			4
2026.03.30	00:46:36.560	0.57405	0.57447			6
2026.03.30	00:46:36.865		0.57468			4
2026.03.30	00:46:37.165	0.57404				2
2026.03.30	00:46:45.036	0.57403				2
2026.03.30	00:46:57.390	0.57387	0.57434			6
2026.03.30	00:46:57.690	0.57404	0.57468			6
2026.03.30	00:47:02.182	0.57397	0.57476			6
2026.03.30	00:47:02.482	0.57396	0.57475			6
2026.03.30	00:47:04.891	0.57404	0.57468			6
2026.03.30	00:47:08.673	0.57408	0.57467			6
2026.03.30	00:47:14.940	0.57409	0.57466			6
2026.03.30	00:47:17.737		0.57467			4
2026.03.30	00:47:18.521	0.57407				2
2026.03.30	00:47:18.821	0.57409				2
2026.03.30	00:47:20.138	0.57408				2
2026.03.30	00:47:30.266		0.57468			4
2026.03.30	00:47:30.566	0.57407				2
2026.03.30	00:47:32.671	0.57408				2
2026.03.30	00:47:32.970	0.57395	0.57433			6
2026.03.30	00:47:33.271		0.57435			4
2026.03.30	00:47:33.570	0.57404	0.57466			6
2026.03.30	00:47:34.698	0.57407	0.57465			6
2026.03.30	00:47:36.033	0.57408				2
2026.03.30	00:47:38.137	0.57407				2
2026.03.30	00:47:43.532	0.57404	0.57466			6
2026.03.30	00:47:43.832	0.57408	0.57467			6
2026.03.30	00:47:44.131	0.57407	0.57468			6
2026.03.30	00:47:45.937	0.57396	0.57436			6
2026.03.30	00:47:46.238		0.57437			4
2026.03.30	00:47:46.538	0.57397				2
2026.03.30	00:47:47.139	0.57396				2
2026.03.30	00:47:49.141	0.57390				2
2026.03.30	00:47:55.752	0.57389				2
2026.03.30	00:47:59.668		0.57435			4
2026.03.30	00:48:00.270	0.57389				2
2026.03.30	00:48:01.470		0.57436			4
2026.03.30	00:48:06.892		0.57435			4
2026.03.30	00:48:16.819		0.57436			4
2026.03.30	00:48:19.223		0.57435			4
2026.03.30	00:48:33.956	0.57390				2
2026.03.30	00:48:38.472	0.57389				2
2026.03.30	00:48:52.637	0.57390				2
2026.03.30	00:49:00.157	0.57390				2
2026.03.30	00:49:19.421		0.57435			4
2026.03.30	00:49:53.717		0.57436			4
2026.03.30	00:50:00.032	0.57390				2
2026.03.30	00:50:13.569	0.57385	0.57434			6
2026.03.30	00:50:14.170	0.57384	0.57433			6
2026.03.30	00:50:18.832	0.57378	0.57424			6
2026.03.30	00:50:19.131		0.57422			4
2026.03.30	00:50:21.233		0.57420			4
2026.03.30	00:50:25.441		0.57421			4
2026.03.30	00:50:42.323		0.57422			4
2026.03.30	00:50:43.524		0.57421			4
2026.03.30	00:50:45.025	0.57375	0.57420			6
2026.03.30	00:50:47.125		0.57421			4
2026.03.30	00:51:00.057	0.57375				2
2026.03.30	00:51:01.563		0.57422			4
2026.03.30	00:51:03.670		0.57420			4
2026.03.30	00:51:09.695		0.57421			4
2026.03.30	00:51:12.404		0.57420			4
2026.03.30	00:51:14.510		0.57421			4
2026.03.30	00:51:16.317		0.57420			4
2026.03.30	00:51:18.422		0.57421			4
2026.03.30	00:51:20.525		0.57420			4
2026.03.30	00:51:22.328		0.57421			4
2026.03.30	00:51:24.434		0.57420			4
2026.03.30	00:51:26.536		0.57421			4
2026.03.30	00:51:28.640		0.57420			4
2026.03.30	00:51:30.445		0.57421			4
2026.03.30	00:51:32.552		0.57419			4
2026.03.30	00:51:39.778	0.57377				2
2026.03.30	00:51:40.678	0.57382				2
2026.03.30	00:51:40.980	0.57383	0.57418			6
2026.03.30	00:51:41.438	0.57382				2
2026.03.30	00:51:44.437	0.57383				2
2026.03.30	00:51:48.577	0.57396	0.57463			6
2026.03.30	00:51:48.881	0.57400	0.57459			6
2026.03.30	00:51:50.350		0.57457			4
2026.03.30	00:51:50.650	0.57394	0.57455			6
2026.03.30	00:51:52.457	0.57393	0.57456			6
2026.03.30	00:51:56.333	0.57394				2
2026.03.30	00:51:56.634		0.57455			4
2026.03.30	00:51:58.838	0.57393	0.57456			6
2026.03.30	00:52:02.737	0.57392				2
2026.03.30	00:52:03.038		0.57457			4
2026.03.30	00:52:10.046	0.57385	0.57447			6
2026.03.30	00:52:10.346		0.57449			4
2026.03.30	00:52:16.468		0.57450			4
2026.03.30	00:52:18.030	0.57379	0.57430			6
2026.03.30	00:52:20.436		0.57429			4
2026.03.30	00:52:45.115	0.57383				2
2026.03.30	00:52:45.417	0.57380	0.57430			6
2026.03.30	00:52:49.401	0.57379				2
2026.03.30	00:53:01.536	0.57379				2
2026.03.30	00:53:43.218	0.57380				2
2026.03.30	00:53:44.104	0.57379				2
2026.03.30	00:53:45.866	0.57380	0.57430			6
2026.03.30	00:53:48.443	0.57379				2
2026.03.30	00:53:50.365	0.57380				2
2026.03.30	00:53:50.970	0.57384				2
2026.03.30	00:53:51.571	0.57381				2
2026.03.30	00:53:53.098	0.57380				2
2026.03.30	00:53:54.305	0.57379				2
2026.03.30	00:54:00.098	0.57379				2
2026.03.30	00:54:04.562	0.57380				2
2026.03.30	00:54:11.781	0.57381				2
2026.03.30	00:54:46.071		0.57430			4
2026.03.30	00:54:55.713	0.57380				2
2026.03.30	00:55:00.222	0.57380				2
2026.03.30	00:55:05.027	0.57381	0.57429			6
2026.03.30	00:55:05.928		0.57430			4
2026.03.30	00:55:12.941		0.57427			4
2026.03.30	00:55:31.841		0.57430			4
2026.03.30	00:55:32.441		0.57427			4
2026.03.30	00:55:42.984		0.57429			4
2026.03.30	00:55:43.587		0.57427			4
2026.03.30	00:55:44.188		0.57429			4
2026.03.30	00:55:48.095		0.57427			4
2026.03.30	00:55:48.395		0.57429			4
2026.03.30	00:55:48.999	0.57373	0.57413			6
2026.03.30	00:55:49.300	0.57383				2
2026.03.30	00:55:49.903		0.57412			4
2026.03.30	00:55:50.505	0.57384	0.57413			6
2026.03.30	00:55:58.623	0.57375				2
2026.03.30	00:55:59.225		0.57412			4
2026.03.30	00:56:00.126	0.57375				2
2026.03.30	00:56:01.629	0.57384	0.57413			6
2026.03.30	00:56:04.031	0.57382	0.57412			6
2026.03.30	00:56:06.738	0.57385				2
2026.03.30	00:56:07.038		0.57413			4
2026.03.30	00:56:08.240	0.57384				2
2026.03.30	00:56:19.661	0.57377	0.57412			6
2026.03.30	00:56:21.163	0.57382				2
2026.03.30	00:56:21.464	0.57384	0.57413			6
2026.03.30	00:56:35.913	0.57382	0.57412			6
2026.03.30	00:56:36.214		0.57413			4
2026.03.30	00:56:37.715	0.57383				2
2026.03.30	00:56:50.029	0.57395	0.57416			6
2026.03.30	00:56:50.330	0.57381	0.57429			6
2026.03.30	00:56:52.735		0.57424			4
2026.03.30	00:56:53.336		0.57429			4
2026.03.30	00:56:55.446		0.57424			4
2026.03.30	00:56:55.747	0.57379				2
2026.03.30	00:56:56.657		0.57429			4
2026.03.30	00:56:58.471	0.57375	0.57392			6
2026.03.30	00:56:58.771	0.57360				2
2026.03.30	00:56:59.671	0.57361				2
2026.03.30	00:57:00.275	0.57361				2
2026.03.30	00:57:01.476	0.57360				2
2026.03.30	00:57:04.189	0.57379	0.57430			6
2026.03.30	00:57:04.490	0.57381	0.57428			6
2026.03.30	00:57:04.791	0.57379	0.57430			6
2026.03.30	00:57:06.898	0.57392	0.57434			6
2026.03.30	00:57:07.198		0.57432			4
2026.03.30	00:57:38.189	0.57374	0.57425			6
2026.03.30	00:57:38.491	0.57378	0.57426			6
2026.03.30	00:57:45.418	0.57382	0.57422			6
2026.03.30	00:57:49.322	0.57383	0.57421			6
2026.03.30	00:57:53.226	0.57384	0.57420			6
2026.03.30	00:58:00.134	0.57384				2
2026.03.30	00:58:05.257	0.57379	0.57418			6
2026.03.30	00:58:05.558	0.57374	0.57416			6
2026.03.30	00:58:08.567	0.57370	0.57413			6
2026.03.30	00:58:31.130		0.57412			4
2026.03.30	00:58:46.189	0.57365	0.57409			6
2026.03.30	00:58:51.308	0.57366				2
2026.03.30	00:59:00.029	0.57366				2
2026.03.30	00:59:03.926		0.57404			4
2026.03.30	00:59:06.332		0.57403			4
2026.03.30	00:59:06.633		0.57405			4
2026.03.30	00:59:06.935	0.57365				2
2026.03.30	00:59:07.235		0.57407			4
2026.03.30	00:59:07.835		0.57408			4
2026.03.30	00:59:30.393		0.57407			4
2026.03.30	00:59:38.514		0.57406			4
2026.03.30	00:59:45.427		0.57407			4
2026.03.30	01:00:00.152	0.57374	0.57400			6
2026.03.30	01:00:01.351		0.57391			4
2026.03.30	01:00:02.555	0.57370	0.57393			6
2026.03.30	01:00:03.155	0.57367	0.57391			6
2026.03.30	01:00:03.456	0.57369	0.57394			6
2026.03.30	01:00:03.759	0.57370	0.57392			6
2026.03.30	01:00:04.058	0.57379	0.57408			6
2026.03.30	01:00:04.659		0.57404			4
2026.03.30	01:00:05.258	0.57380	0.57400			6
2026.03.30	01:00:05.558	0.57378	0.57394			6
2026.03.30	01:00:05.859	0.57373	0.57393			6
2026.03.30	01:00:06.161	0.57371	0.57396			6
2026.03.30	01:00:06.463		0.57395			4
2026.03.30	01:00:07.060	0.57369	0.57393			6
2026.03.30	01:00:07.363		0.57391			4
2026.03.30	01:00:08.262	0.57370	0.57392			6
2026.03.30	01:00:09.165		0.57404			4
2026.03.30	01:00:12.767	0.57368	0.57402			6
2026.03.30	01:00:13.369	0.57369				2
2026.03.30	01:00:13.969	0.57368				2
2026.03.30	01:00:14.270	0.57370	0.57401			6
2026.03.30	01:00:14.569		0.57397			4
2026.03.30	01:00:14.871		0.57400			4
2026.03.30	01:00:15.467		0.57391			4
2026.03.30	01:00:15.769	0.57369	0.57389			6
2026.03.30	01:00:16.069	0.57367	0.57391			6
2026.03.30	01:00:18.170	0.57368				2
2026.03.30	01:00:19.071		0.57402			4
2026.03.30	01:00:19.672	0.57367	0.57401			6
2026.03.30	01:00:19.972		0.57402			4
2026.03.30	01:00:20.873		0.57404			4
2026.03.30	01:00:21.772	0.57369				2
2026.03.30	01:00:22.374		0.57405			4
2026.03.30	01:00:23.575	0.57368	0.57402			6
2026.03.30	01:00:24.476		0.57403			4
2026.03.30	01:00:24.778		0.57404			4
2026.03.30	01:00:25.076	0.57367	0.57405			6
2026.03.30	01:00:25.379	0.57369	0.57403			6
2026.03.30	01:00:25.678	0.57371	0.57401			6
2026.03.30	01:00:25.976	0.57368	0.57405			6
2026.03.30	01:00:27.788	0.57380	0.57400			6
2026.03.30	01:00:28.687	0.57379	0.57398			6
2026.03.30	01:00:28.987	0.57380	0.57400			6
2026.03.30	01:00:29.888	0.57374	0.57396			6
2026.03.30	01:00:30.490	0.57378				2
2026.03.30	01:00:31.390	0.57368	0.57382			6
2026.03.30	01:00:32.294		0.57383			4
2026.03.30	01:00:33.194	0.57371				2
2026.03.30	01:00:33.492	0.57369	0.57386			6
2026.03.30	01:00:33.793		0.57387			4
2026.03.30	01:00:34.693	0.57368	0.57384			6
2026.03.30	01:00:35.293		0.57383			4
2026.03.30	01:00:42.500	0.57365				2
2026.03.30	01:00:42.798		0.57379			4
2026.03.30	01:00:43.099		0.57383			4
2026.03.30	01:00:46.104	0.57364	0.57382			6
2026.03.30	01:00:46.705	0.57363				2
2026.03.30	01:00:47.303	0.57366	0.57384			6
2026.03.30	01:00:52.108	0.57364	0.57382			6
2026.03.30	01:00:53.009		0.57383			4
2026.03.30	01:00:56.312		0.57382			4
2026.03.30	01:00:56.612	0.57371	0.57387			6
2026.03.30	01:00:57.212	0.57369	0.57382			6
2026.03.30	01:00:57.515	0.57367				2
2026.03.30	01:00:59.917	0.57370				2
2026.03.30	01:01:00.220	0.57377	0.57380			6
2026.03.30	01:01:00.518	0.57375	0.57378			6
2026.03.30	01:01:00.816	0.57372	0.57375			6
2026.03.30	01:01:02.919	0.57368	0.57371			6
2026.03.30	01:01:03.522	0.57363	0.57366			6
2026.03.30	01:01:03.820	0.57360	0.57363			6
2026.03.30	01:01:04.122	0.57354	0.57357			6
2026.03.30	01:01:04.423	0.57353	0.57356			6
2026.03.30	01:01:05.321	0.57352	0.57355			6
2026.03.30	01:01:05.624	0.57350	0.57352			6
2026.03.30	01:01:05.922	0.57353	0.57356			6
2026.03.30	01:01:06.224	0.57354	0.57357			6
2026.03.30	01:01:06.525	0.57353	0.57356			6
2026.03.30	01:01:08.325	0.57352	0.57355			6
2026.03.30	01:01:08.926	0.57351	0.57354			6
2026.03.30	01:01:10.427	0.57352				2
2026.03.30	01:01:10.728	0.57354	0.57357			6
2026.03.30	01:01:12.232	0.57357	0.57360			6
2026.03.30	01:01:26.341	0.57354	0.57357			6
2026.03.30	01:01:27.241	0.57355	0.57358			6
2026.03.30	01:01:29.341	0.57354	0.57357			6
2026.03.30	01:01:29.942	0.57355	0.57358			6
2026.03.30	01:01:30.247	0.57354	0.57357			6
2026.03.30	01:01:32.051	0.57351	0.57354			6
2026.03.30	01:01:34.754	0.57352	0.57355			6
2026.03.30	01:01:35.055	0.57351	0.57354			6
2026.03.30	01:01:36.256	0.57350	0.57352			6
2026.03.30	01:01:36.858		0.57353			4
2026.03.30	01:01:37.461	0.57348	0.57351			6
2026.03.30	01:01:39.262	0.57341	0.57344			6
2026.03.30	01:01:40.464	0.57340	0.57343			6
2026.03.30	01:01:43.168	0.57341	0.57344			6
2026.03.30	01:01:43.469	0.57340	0.57343			6
2026.03.30	01:01:44.673	0.57341				2
2026.03.30	01:01:44.972	0.57343	0.57345			6
2026.03.30	01:01:45.272	0.57346	0.57349			6
2026.03.30	01:01:48.578	0.57348	0.57351			6
2026.03.30	01:01:49.779	0.57347	0.57350			6
2026.03.30	01:01:50.981	0.57342	0.57345			6
2026.03.30	01:01:54.286	0.57338	0.57341			6
2026.03.30	01:01:54.583	0.57337	0.57340			6
2026.03.30	01:01:55.486	0.57331	0.57334			6
2026.03.30	01:01:55.785	0.57332	0.57335			6
2026.03.30	01:01:56.385	0.57337	0.57340			6
2026.03.30	01:02:00.298	0.57338	0.57341			6
2026.03.30	01:02:01.497	0.57342	0.57345			6
2026.03.30	01:02:02.096	0.57345	0.57348			6
2026.03.30	01:02:02.396	0.57346	0.57349			6
2026.03.30	01:02:04.202	0.57352	0.57355			6
2026.03.30	01:02:05.999	0.57360	0.57363			6
2026.03.30	01:02:06.299	0.57354	0.57357			6
2026.03.30	01:02:07.200	0.57353	0.57356			6
2026.03.30	01:02:08.103	0.57354	0.57357			6
2026.03.30	01:02:08.702	0.57352	0.57355			6
2026.03.30	01:02:21.312	0.57355	0.57358			6
2026.03.30	01:02:25.514	0.57353	0.57356			6
2026.03.30	01:02:26.716	0.57352	0.57355			6
2026.03.30	01:02:35.428	0.57353	0.57356			6
2026.03.30	01:02:36.928	0.57363	0.57366			6
2026.03.30	01:02:37.227	0.57364	0.57367			6
2026.03.30	01:02:39.029	0.57367	0.57370			6
2026.03.30	01:02:43.834	0.57366	0.57369			6
2026.03.30	01:02:45.039	0.57370	0.57373			6
2026.03.30	01:02:45.337	0.57372	0.57375			6
2026.03.30	01:02:49.546	0.57375	0.57378			6
2026.03.30	01:02:53.451	0.57374	0.57377			6
2026.03.30	01:02:53.749	0.57372	0.57375			6
2026.03.30	01:02:56.454	0.57373	0.57376			6
2026.03.30	01:03:00.068	0.57373				2
2026.03.30	01:03:07.875	0.57378	0.57381			6
2026.03.30	01:03:09.675	0.57377	0.57380			6
2026.03.30	01:03:12.681	0.57378	0.57381			6
2026.03.30	01:03:17.787	0.57377	0.57380			6
2026.03.30	01:03:22.292	0.57378	0.57381			6
2026.03.30	01:03:25.593	0.57376	0.57379			6
2026.03.30	01:03:30.106	0.57371	0.57373			6
2026.03.30	01:03:30.407	0.57365	0.57368			6
2026.03.30	01:03:35.208	0.57360	0.57363			6
2026.03.30	01:03:35.507	0.57359	0.57362			6
2026.03.30	01:03:36.711	0.57358	0.57361			6
2026.03.30	01:03:40.312	0.57359	0.57362			6
2026.03.30	01:03:40.915	0.57358	0.57361			6
2026.03.30	01:03:41.213	0.57357	0.57360			6
2026.03.30	01:03:42.115	0.57355	0.57358			6
2026.03.30	01:03:45.118	0.57354	0.57357			6
2026.03.30	01:03:45.417	0.57352	0.57355			6
2026.03.30	01:03:48.424	0.57345	0.57348			6
2026.03.30	01:03:52.325	0.57344	0.57347			6
2026.03.30	01:03:57.129	0.57343	0.57346			6
2026.03.30	01:03:57.429	0.57344	0.57347			6
2026.03.30	01:03:58.930	0.57341	0.57344			6
2026.03.30	01:04:00.129	0.57341				2
2026.03.30	01:04:00.433	0.57334	0.57337			6
2026.03.30	01:04:00.730	0.57335	0.57338			6
2026.03.30	01:04:03.430	0.57339	0.57342			6
2026.03.30	01:04:03.732	0.57340	0.57343			6
2026.03.30	01:04:04.032	0.57341	0.57344			6
2026.03.30	01:04:05.532	0.57345	0.57348			6
2026.03.30	01:04:05.831	0.57347	0.57350			6
2026.03.30	01:04:20.246	0.57346	0.57349			6
2026.03.30	01:04:20.549	0.57347	0.57350			6
2026.03.30	01:04:26.559	0.57344	0.57347			6
2026.03.30	01:04:26.859	0.57341	0.57344			6
2026.03.30	01:04:28.363	0.57337	0.57340			6
2026.03.30	01:04:30.765	0.57339	0.57342			6
2026.03.30	01:04:36.469	0.57340	0.57343			6
2026.03.30	01:04:36.767	0.57339	0.57342			6
2026.03.30	01:04:37.368	0.57340	0.57343			6
2026.03.30	01:04:39.774	0.57339	0.57342			6
2026.03.30	01:04:42.177	0.57343	0.57344			6
2026.03.30	01:04:42.479	0.57345	0.57348			6
2026.03.30	01:04:43.376	0.57344	0.57347			6
2026.03.30	01:04:46.382	0.57345	0.57348			6
2026.03.30	01:04:46.681	0.57344	0.57347			6
2026.03.30	01:04:54.187	0.57345				2
2026.03.30	01:05:00.198	0.57349	0.57350			6
2026.03.30	01:05:00.506	0.57352	0.57354			6
2026.03.30	01:05:00.801	0.57351	0.57353			6
2026.03.30	01:05:01.401	0.57352	0.57355			6
2026.03.30	01:05:01.700	0.57353				2
2026.03.30	01:05:02.000	0.57357	0.57360			6
2026.03.30	01:05:02.304	0.57358	0.57361			6
2026.03.30	01:05:05.305	0.57353	0.57356			6
2026.03.30	01:05:05.608	0.57352	0.57355			6
2026.03.30	01:05:09.508	0.57349	0.57352			6
2026.03.30	01:05:10.714	0.57345	0.57348			6
2026.03.30	01:05:13.414	0.57338	0.57341			6
2026.03.30	01:05:15.223	0.57337	0.57340			6
2026.03.30	01:05:15.521	0.57338	0.57341			6
2026.03.30	01:05:16.121	0.57339	0.57342			6
2026.03.30	01:05:17.323	0.57338	0.57341			6
2026.03.30	01:05:26.032	0.57335	0.57338			6
2026.03.30	01:05:28.434	0.57333	0.57336			6
2026.03.30	01:05:29.035	0.57334	0.57337			6
2026.03.30	01:05:31.138	0.57336	0.57339			6
2026.03.30	01:05:31.436	0.57337	0.57340			6
2026.03.30	01:05:38.946	0.57345	0.57348			6
2026.03.30	01:05:40.446	0.57347	0.57350			6
2026.03.30	01:05:46.462	0.57346	0.57349			6
2026.03.30	01:05:46.764	0.57340	0.57343			6
2026.03.30	01:05:47.062	0.57341	0.57344			6
2026.03.30	01:05:47.363	0.57337	0.57340			6
2026.03.30	01:05:47.963	0.57338	0.57341			6
2026.03.30	01:05:48.267	0.57337				2
2026.03.30	01:05:50.666	0.57334	0.57338			6
2026.03.30	01:05:53.069	0.57338	0.57342			6
2026.03.30	01:05:57.875	0.57337	0.57341			6
2026.03.30	01:05:59.378		0.57340			4
2026.03.30	01:06:00.280	0.57337				2
2026.03.30	01:06:00.581	0.57335	0.57338			6
2026.03.30	01:06:00.879	0.57336	0.57339			6
2026.03.30	01:06:01.181	0.57335	0.57338			6
2026.03.30	01:06:02.980	0.57334	0.57337			6
2026.03.30	01:06:03.282	0.57329	0.57331			6
2026.03.30	01:06:03.885	0.57335	0.57336			6
2026.03.30	01:06:04.183		0.57338			4
2026.03.30	01:06:05.687		0.57339			4
2026.03.30	01:06:06.291	0.57327	0.57331			6
2026.03.30	01:06:08.088	0.57328	0.57332			6
2026.03.30	01:06:08.689	0.57327	0.57331			6
2026.03.30	01:06:09.588	0.57328				2
2026.03.30	01:06:10.191		0.57332			4
2026.03.30	01:06:10.793		0.57331			4
2026.03.30	01:06:15.297	0.57329				2
2026.03.30	01:06:15.899	0.57328				2
2026.03.30	01:06:16.800	0.57333	0.57336			6
2026.03.30	01:06:24.908	0.57328	0.57331			6
2026.03.30	01:06:34.221	0.57327	0.57329			6
2026.03.30	01:06:34.525	0.57322	0.57323			6
2026.03.30	01:06:34.823	0.57320	0.57322			6
2026.03.30	01:06:37.220		0.57323			4
2026.03.30	01:06:38.122		0.57322			4
2026.03.30	01:06:41.724	0.57319				2
2026.03.30	01:06:42.025	0.57313	0.57316			6
2026.03.30	01:06:42.623	0.57314	0.57317			6
2026.03.30	01:06:42.923	0.57316	0.57319			6
2026.03.30	01:06:46.524	0.57317	0.57320			6
2026.03.30	01:06:54.333	0.57323	0.57326			6
2026.03.30	01:06:55.232	0.57335	0.57338			6
2026.03.30	01:06:55.534	0.57333	0.57336			6
2026.03.30	01:06:56.734	0.57322	0.57326			6
2026.03.30	01:06:57.336	0.57320	0.57324			6
2026.03.30	01:07:00.039	0.57320				2
2026.03.30	01:07:00.940	0.57321				2
2026.03.30	01:07:01.242	0.57322	0.57326			6
2026.03.30	01:07:03.644	0.57324	0.57328			6
2026.03.30	01:07:04.245	0.57325				2
2026.03.30	01:07:04.552	0.57328	0.57331			6
2026.03.30	01:07:04.847	0.57332	0.57336			6
2026.03.30	01:07:05.446	0.57331	0.57335			6
2026.03.30	01:07:12.658	0.57330	0.57334			6
2026.03.30	01:07:12.957	0.57327	0.57331			6
2026.03.30	01:07:13.556	0.57326	0.57330			6
2026.03.30	01:07:13.860	0.57325	0.57329			6
2026.03.30	01:07:17.462	0.57324	0.57328			6
2026.03.30	01:07:21.664	0.57326	0.57329			6
2026.03.30	01:07:21.966	0.57327	0.57331			6
2026.03.30	01:07:22.868	0.57329	0.57333			6
2026.03.30	01:07:23.469	0.57326	0.57330			6
2026.03.30	01:07:23.770	0.57321	0.57325			6
2026.03.30	01:07:30.976	0.57323	0.57326			6
2026.03.30	01:07:32.180	0.57324	0.57328			6
2026.03.30	01:07:32.481	0.57325	0.57329			6
2026.03.30	01:07:34.283	0.57326	0.57330			6
2026.03.30	01:07:34.583	0.57325	0.57329			6
2026.03.30	01:07:35.181	0.57324	0.57328			6
2026.03.30	01:07:37.582		0.57327			4
2026.03.30	01:07:40.585	0.57333	0.57336			6
2026.03.30	01:07:41.186	0.57331	0.57335			6
2026.03.30	01:07:50.503	0.57334	0.57336			6
2026.03.30	01:07:57.410	0.57333				2
2026.03.30	01:07:58.310	0.57334				2
2026.03.30	01:08:00.110	0.57334				2
2026.03.30	01:08:00.413		0.57335			4
2026.03.30	01:08:03.117	0.57333	0.57336			6
2026.03.30	01:08:03.418	0.57334	0.57337			6
2026.03.30	01:08:06.119	0.57324	0.57327			6
2026.03.30	01:08:06.421	0.57325	0.57328			6
2026.03.30	01:08:07.020	0.57323	0.57326			6
2026.03.30	01:08:07.319		0.57327			4
2026.03.30	01:08:08.220	0.57322	0.57326			6
2026.03.30	01:08:08.820	0.57320	0.57324			6
2026.03.30	01:08:09.123	0.57319	0.57323			6
2026.03.30	01:08:09.422	0.57318	0.57322			6
2026.03.30	01:08:10.625	0.57314	0.57318			6
2026.03.30	01:08:15.128	0.57315				2
2026.03.30	01:08:15.428	0.57319	0.57323			6
2026.03.30	01:08:16.935	0.57320				2
2026.03.30	01:08:17.234	0.57321	0.57325			6
2026.03.30	01:08:27.150	0.57319	0.57323			6
2026.03.30	01:08:27.451	0.57315	0.57319			6
2026.03.30	01:08:29.858	0.57323	0.57324			6
2026.03.30	01:08:30.156	0.57326	0.57328			6
2026.03.30	01:08:32.859	0.57320	0.57324			6
2026.03.30	01:08:46.090	0.57316	0.57320			6
2026.03.30	01:08:51.197		0.57319			4
2026.03.30	01:08:58.707	0.57315	0.57318			6
2026.03.30	01:08:59.307	0.57314	0.57317			6
2026.03.30	01:08:59.907	0.57313	0.57316			6
2026.03.30	01:09:00.211	0.57313				2
2026.03.30	01:09:00.510	0.57312	0.57315			6
2026.03.30	01:09:02.013		0.57314			4
2026.03.30	01:09:02.313	0.57309	0.57311			6
2026.03.30	01:09:02.611	0.57311	0.57313			6
2026.03.30	01:09:06.815		0.57314			4
2026.03.30	01:09:08.013		0.57313			4
2026.03.30	01:09:08.315		0.57312			4
2026.03.30	01:09:08.615	0.57306	0.57308			6
2026.03.30	01:09:08.912		0.57307			4
2026.03.30	01:09:09.215	0.57307	0.57310			6
2026.03.30	01:09:12.219	0.57308	0.57311			6
2026.03.30	01:09:12.522	0.57309				2
2026.03.30	01:09:12.821	0.57311	0.57314			6
2026.03.30	01:09:13.420	0.57312	0.57315			6
2026.03.30	01:09:16.121		0.57314			4
2026.03.30	01:09:18.223	0.57308	0.57310			6
2026.03.30	01:09:19.123		0.57311			4
2026.03.30	01:09:20.325		0.57310			4
2026.03.30	01:09:23.027	0.57309	0.57311			6
2026.03.30	01:09:23.326	0.57310	0.57312			6
2026.03.30	01:09:24.228	0.57311	0.57313			6
2026.03.30	01:09:25.729	0.57309	0.57311			6
2026.03.30	01:09:26.629	0.57308	0.57310			6
2026.03.30	01:09:29.928	0.57312	0.57313			6
2026.03.30	01:09:30.231	0.57311	0.57312			6
2026.03.30	01:09:32.633	0.57314	0.57316			6
2026.03.30	01:09:36.234	0.57319	0.57321			6
2026.03.30	01:09:38.940	0.57320	0.57322			6
2026.03.30	01:09:39.841	0.57321	0.57323			6
2026.03.30	01:09:49.150	0.57319	0.57321			6
2026.03.30	01:09:51.249		0.57320			4
2026.03.30	01:09:52.452		0.57321			4
2026.03.30	01:09:58.163	0.57325	0.57326			6
2026.03.30	01:09:58.465	0.57333	0.57334			6
2026.03.30	01:09:58.764	0.57332				2
2026.03.30	01:09:59.366		0.57335			4
2026.03.30	01:10:00.271	0.57332				2
2026.03.30	01:10:04.475	0.57334	0.57337			6
2026.03.30	01:10:07.476	0.57337	0.57338			6
2026.03.30	01:10:08.080		0.57339			4
2026.03.30	01:10:08.978	0.57335	0.57338			6
2026.03.30	01:10:10.482	0.57337	0.57340			6
2026.03.30	01:10:12.285	0.57338				2
2026.03.30	01:10:14.385	0.57339	0.57341			6
2026.03.30	01:10:17.392	0.57340	0.57342			6
2026.03.30	01:10:24.897	0.57339	0.57341			6
2026.03.30	01:10:32.407	0.57338	0.57340			6
2026.03.30	01:10:37.518	0.57337	0.57339			6
2026.03.30	01:10:37.819	0.57336	0.57338			6
2026.03.30	01:10:38.718	0.57337				2
2026.03.30	01:10:40.219	0.57336				2
2026.03.30	01:10:41.125	0.57335	0.57337			6
2026.03.30	01:10:42.023	0.57334	0.57336			6
2026.03.30	01:10:42.323		0.57335			4
2026.03.30	01:10:42.922	0.57333				2
2026.03.30	01:10:43.825	0.57334				2
2026.03.30	01:10:46.826	0.57333				2
2026.03.30	01:10:48.626	0.57334				2
2026.03.30	01:10:48.928		0.57336			4
2026.03.30	01:10:49.829	0.57335				2
2026.03.30	01:10:50.128	0.57334				2
2026.03.30	01:10:50.728	0.57333	0.57335			6
2026.03.30	01:10:51.629	0.57334				2
2026.03.30	01:10:53.734		0.57336			4
2026.03.30	01:10:57.936	0.57336	0.57337			6
2026.03.30	01:10:59.738	0.57335	0.57336			6
2026.03.30	01:11:00.040	0.57335				2
2026.03.30	01:11:00.936	0.57333	0.57335			6
2026.03.30	01:11:02.139	0.57336	0.57337			6
2026.03.30	01:11:02.738	0.57339	0.57340			6
2026.03.30	01:11:03.039		0.57341			4
2026.03.30	01:11:03.341	0.57338	0.57340			6
2026.03.30	01:11:03.638		0.57339			4
2026.03.30	01:11:06.340		0.57340			4
2026.03.30	01:11:06.641	0.57339	0.57341			6
2026.03.30	01:11:08.143	0.57337	0.57339			6
2026.03.30	01:11:09.046		0.57338			4
2026.03.30	01:11:09.344	0.57338	0.57339			6
2026.03.30	01:11:11.746	0.57337	0.57338			6
2026.03.30	01:11:14.750		0.57339			4
2026.03.30	01:11:15.052	0.57336	0.57338			6
2026.03.30	01:11:15.349	0.57335	0.57336			6
2026.03.30	01:11:20.162	0.57336	0.57338			6
2026.03.30	01:11:21.665	0.57337				2
2026.03.30	01:11:21.966	0.57338	0.57340			6
2026.03.30	01:11:23.166	0.57339				2
2026.03.30	01:11:24.368	0.57338	0.57339			6
2026.03.30	01:11:25.271	0.57337				2
2026.03.30	01:11:25.571		0.57338			4
2026.03.30	01:11:29.472	0.57336				2
2026.03.30	01:11:30.674	0.57337				2
2026.03.30	01:11:30.973	0.57336				2
2026.03.30	01:11:31.574	0.57337	0.57339			6
2026.03.30	01:11:31.876		0.57338			4
2026.03.30	01:11:35.477		0.57339			4
2026.03.30	01:11:36.980		0.57338			4
2026.03.30	01:11:38.782	0.57335	0.57337			6
2026.03.30	01:11:39.685	0.57336	0.57338			6
2026.03.30	01:11:48.703		0.57337			4
2026.03.30	01:11:51.703	0.57337	0.57338			6
2026.03.30	01:11:52.607	0.57335	0.57337			6
2026.03.30	01:12:00.120	0.57335				2
2026.03.30	01:12:00.415	0.57336				2
2026.03.30	01:12:00.718	0.57335				2
2026.03.30	01:12:02.519	0.57336	0.57338			6
2026.03.30	01:12:02.823	0.57338	0.57339			6
2026.03.30	01:12:03.422	0.57337				2
2026.03.30	01:12:04.621	0.57338				2
2026.03.30	01:12:08.231	0.57339	0.57340			6
2026.03.30	01:12:08.526	0.57343	0.57344			6
2026.03.30	01:12:08.824	0.57342				2
2026.03.30	01:12:10.928	0.57343				2
2026.03.30	01:12:11.527	0.57348	0.57350			6
2026.03.30	01:12:13.028	0.57349	0.57351			6
2026.03.30	01:12:13.328	0.57350				2
2026.03.30	01:12:13.628	0.57348	0.57350			6
2026.03.30	01:12:13.929	0.57349				2
2026.03.30	01:12:16.631		0.57351			4
2026.03.30	01:12:17.231		0.57350			4
2026.03.30	01:12:17.832	0.57347	0.57349			6
2026.03.30	01:12:20.537	0.57349	0.57350			6
2026.03.30	01:12:22.037	0.57348				2
2026.03.30	01:12:30.447	0.57354	0.57356			6
2026.03.30	01:12:31.652	0.57356	0.57358			6
2026.03.30	01:12:31.948	0.57358	0.57360			6
2026.03.30	01:12:32.850	0.57359				2
2026.03.30	01:12:33.450		0.57361			4
2026.03.30	01:12:34.351	0.57357	0.57358			6
2026.03.30	01:12:34.654	0.57354	0.57356			6
2026.03.30	01:12:35.251	0.57357	0.57359			6
2026.03.30	01:12:35.550	0.57360	0.57361			6
2026.03.30	01:12:35.853	0.57359				2
2026.03.30	01:12:36.151	0.57358	0.57360			6
2026.03.30	01:12:36.450		0.57359			4
2026.03.30	01:12:36.752	0.57357				2
2026.03.30	01:12:37.052		0.57358			4
2026.03.30	01:12:37.354	0.57356				2
2026.03.30	01:12:37.655		0.57357			4
2026.03.30	01:12:37.953		0.57358			4
2026.03.30	01:12:39.456	0.57353	0.57355			6
2026.03.30	01:12:40.958	0.57354				2
2026.03.30	01:12:41.257	0.57353				2
2026.03.30	01:12:42.160	0.57348	0.57350			6
2026.03.30	01:12:43.658	0.57349				2
2026.03.30	01:12:43.959	0.57348				2
2026.03.30	01:12:45.761		0.57349			4
2026.03.30	01:12:46.065	0.57346	0.57348			6
2026.03.30	01:12:46.966	0.57342	0.57344			6
2026.03.30	01:12:48.164	0.57343				2
2026.03.30	01:12:48.764	0.57342				2
2026.03.30	01:12:49.367	0.57343				2
2026.03.30	01:12:50.268	0.57342				2
2026.03.30	01:12:50.568	0.57343				2
2026.03.30	01:12:51.170	0.57341	0.57342			6
2026.03.30	01:12:51.471		0.57343			4
2026.03.30	01:12:52.074		0.57342			4
2026.03.30	01:12:52.374		0.57343			4
2026.03.30	01:12:52.672	0.57343	0.57344			6
2026.03.30	01:12:52.973	0.57346	0.57347			6
2026.03.30	01:12:53.272	0.57345				2
2026.03.30	01:12:53.875		0.57346			4
2026.03.30	01:12:55.076	0.57344				2
2026.03.30	01:12:56.279	0.57346	0.57347			6
2026.03.30	01:12:56.581		0.57348			4
2026.03.30	01:12:57.182	0.57345	0.57347			6
2026.03.30	01:12:57.481		0.57346			4
2026.03.30	01:12:59.884	0.57342	0.57343			6
2026.03.30	01:13:00.185	0.57341	0.57342			6
2026.03.30	01:13:00.483	0.57339	0.57340			6
2026.03.30	01:13:01.385		0.57341			4
2026.03.30	01:13:03.191	0.57341	0.57343			6
2026.03.30	01:13:03.493	0.57340	0.57342			6
2026.03.30	01:13:03.791	0.57339	0.57341			6
2026.03.30	01:13:10.413	0.57342	0.57344			6
2026.03.30	01:13:12.813	0.57343	0.57345			6
2026.03.30	01:13:13.715	0.57344	0.57346			6
2026.03.30	01:13:17.320	0.57342	0.57344			6
2026.03.30	01:13:17.919	0.57343	0.57345			6
2026.03.30	01:13:18.228	0.57339	0.57341			6
2026.03.30	01:13:23.326	0.57340				2
2026.03.30	01:13:24.530	0.57341	0.57342			6
2026.03.30	01:13:24.829		0.57343			4
2026.03.30	01:13:25.128	0.57343	0.57345			6
2026.03.30	01:13:26.333	0.57340	0.57342			6
2026.03.30	01:13:26.634	0.57337	0.57339			6
2026.03.30	01:13:26.930	0.57339	0.57340			6
2026.03.30	01:13:27.229		0.57341			4
2026.03.30	01:13:29.033	0.57338	0.57340			6
2026.03.30	01:13:30.237	0.57336	0.57338			6
2026.03.30	01:13:34.440	0.57337				2
2026.03.30	01:13:34.742		0.57339			4
2026.03.30	01:13:39.245	0.57334	0.57336			6
2026.03.30	01:13:39.547	0.57335				2
2026.03.30	01:13:40.447		0.57337			4
2026.03.30	01:13:41.653	0.57333	0.57335			6
2026.03.30	01:13:41.953	0.57335	0.57336			6
2026.03.30	01:13:42.253	0.57334				2
2026.03.30	01:13:42.554	0.57335				2
2026.03.30	01:13:43.152	0.57334				2
2026.03.30	01:13:43.753	0.57335				2
2026.03.30	01:13:46.453	0.57334				2
2026.03.30	01:13:48.258	0.57337	0.57339			6
2026.03.30	01:13:48.564	0.57336	0.57338			6
2026.03.30	01:13:48.860	0.57339	0.57340			6
2026.03.30	01:13:49.162	0.57338				2
2026.03.30	01:13:49.459	0.57337	0.57339			6
2026.03.30	01:13:50.362	0.57338				2
2026.03.30	01:13:50.961	0.57336	0.57338			6
2026.03.30	01:13:54.864	0.57337	0.57339			6
2026.03.30	01:13:55.165		0.57338			4
2026.03.30	01:13:55.471	0.57335	0.57337			6
2026.03.30	01:13:55.768	0.57334	0.57336			6
2026.03.30	01:13:56.067	0.57335	0.57337			6
2026.03.30	01:13:56.969		0.57336			4
2026.03.30	01:13:57.869		0.57337			4
2026.03.30	01:13:59.671	0.57336	0.57338			6
2026.03.30	01:13:59.972	0.57337				2
2026.03.30	01:14:00.276	0.57336				2
2026.03.30	01:14:02.674		0.57337			4
2026.03.30	01:14:02.976	0.57337	0.57339			6
2026.03.30	01:14:03.280		0.57338			4
2026.03.30	01:14:05.083	0.57341	0.57343			6
2026.03.30	01:14:05.380	0.57342				2
2026.03.30	01:14:07.483		0.57344			4
2026.03.30	01:14:09.285		0.57343			4
2026.03.30	01:14:09.583	0.57343	0.57344			6
2026.03.30	01:14:09.884	0.57342				2
2026.03.30	01:14:11.084	0.57346	0.57348			6
2026.03.30	01:14:11.686	0.57348	0.57350			6
2026.03.30	01:14:12.586	0.57347	0.57349			6
2026.03.30	01:14:14.393	0.57349	0.57351			6
2026.03.30	01:14:14.695	0.57350	0.57352			6
2026.03.30	01:14:15.293	0.57351	0.57353			6
2026.03.30	01:14:15.596	0.57353	0.57355			6
2026.03.30	01:14:15.893	0.57352	0.57354			6
2026.03.30	01:14:16.497	0.57349	0.57351			6
2026.03.30	01:14:24.608	0.57348	0.57350			6
2026.03.30	01:14:26.410	0.57347	0.57349			6
2026.03.30	01:14:29.715	0.57350	0.57352			6
2026.03.30	01:14:30.017	0.57353	0.57355			6
2026.03.30	01:14:30.314	0.57354				2
2026.03.30	01:14:33.918	0.57355	0.57356			6
2026.03.30	01:14:35.718		0.57357			4
2026.03.30	01:14:41.125	0.57356	0.57358			6
2026.03.30	01:14:41.725	0.57357	0.57359			6
2026.03.30	01:14:45.325	0.57358	0.57360			6
2026.03.30	01:14:46.828	0.57359				2
2026.03.30	01:14:48.029	0.57364	0.57365			6
2026.03.30	01:14:48.630	0.57366	0.57368			6
2026.03.30	01:14:48.931		0.57367			4
2026.03.30	01:14:49.230		0.57368			4
2026.03.30	01:14:49.832	0.57367	0.57369			6
2026.03.30	01:14:52.531	0.57366	0.57368			6
2026.03.30	01:14:56.737	0.57361	0.57363			6
2026.03.30	01:14:57.638	0.57360	0.57362			6
2026.03.30	01:14:57.937	0.57361	0.57363			6
2026.03.30	01:14:58.538	0.57362	0.57364			6
2026.03.30	01:14:59.738	0.57361	0.57363			6
2026.03.30	01:15:00.037	0.57362	0.57364			6
2026.03.30	01:15:00.340	0.57363	0.57365			6
2026.03.30	01:15:00.640	0.57364	0.57366			6
2026.03.30	01:15:00.943	0.57366	0.57368			6
2026.03.30	01:15:01.238	0.57365				2
2026.03.30	01:15:01.539	0.57357	0.57360			6
2026.03.30	01:15:01.841	0.57358				2
2026.03.30	01:15:02.740	0.57357				2
2026.03.30	01:15:04.842	0.57360	0.57363			6
2026.03.30	01:15:05.142	0.57361	0.57364			6
2026.03.30	01:15:06.642	0.57360	0.57363			6
2026.03.30	01:15:08.444	0.57358	0.57361			6
2026.03.30	01:15:08.747	0.57359	0.57362			6
2026.03.30	01:15:09.042	0.57357	0.57360			6
2026.03.30	01:15:09.343	0.57358	0.57361			6
2026.03.30	01:15:09.642	0.57357	0.57360			6
2026.03.30	01:15:11.144	0.57358	0.57361			6
2026.03.30	01:15:11.744	0.57357	0.57360			6
2026.03.30	01:15:12.650	0.57356	0.57359			6
2026.03.30	01:15:13.546	0.57355	0.57358			6
2026.03.30	01:15:14.148	0.57354	0.57357			6
2026.03.30	01:15:16.257	0.57355	0.57358			6
2026.03.30	01:15:16.553	0.57357	0.57360			6
2026.03.30	01:15:17.152	0.57356	0.57359			6
2026.03.30	01:15:17.752	0.57357	0.57360			6
2026.03.30	01:15:19.253	0.57359	0.57362			6
2026.03.30	01:15:19.555	0.57360	0.57363			6
2026.03.30	01:15:21.356	0.57358	0.57361			6
2026.03.30	01:15:24.057	0.57360	0.57363			6
2026.03.30	01:15:24.959	0.57359	0.57362			6
2026.03.30	01:15:25.558	0.57358	0.57361			6
2026.03.30	01:15:26.159	0.57359	0.57362			6
2026.03.30	01:15:31.872	0.57360	0.57363			6
2026.03.30	01:15:32.474	0.57361	0.57364			6
2026.03.30	01:15:32.775	0.57359	0.57362			6
2026.03.30	01:15:33.373	0.57361	0.57364			6
2026.03.30	01:15:34.873	0.57362	0.57365			6
2026.03.30	01:15:35.172		0.57364			4
2026.03.30	01:15:35.775	0.57358	0.57360			6
2026.03.30	01:15:36.375	0.57357				2
2026.03.30	01:15:40.284	0.57358	0.57361			6
2026.03.30	01:15:40.584	0.57359	0.57362			6
2026.03.30	01:15:41.184	0.57358	0.57361			6
2026.03.30	01:15:41.783	0.57359	0.57362			6
2026.03.30	01:15:42.384		0.57361			4
2026.03.30	01:15:43.885	0.57362	0.57364			6
2026.03.30	01:15:44.187	0.57361				2
2026.03.30	01:15:44.485	0.57360	0.57363			6
2026.03.30	01:15:44.787	0.57361	0.57364			6
2026.03.30	01:15:45.084	0.57360	0.57363			6
2026.03.30	01:15:45.387	0.57361				2
2026.03.30	01:15:51.693	0.57359	0.57360			6
2026.03.30	01:15:51.994	0.57356	0.57358			6
2026.03.30	01:15:53.192	0.57357	0.57359			6
2026.03.30	01:15:54.692	0.57356	0.57358			6
2026.03.30	01:15:57.996	0.57357	0.57359			6
2026.03.30	01:15:58.298	0.57356	0.57358			6
2026.03.30	01:15:58.598	0.57355	0.57357			6
2026.03.30	01:15:58.902	0.57356	0.57358			6
2026.03.30	01:16:00.099	0.57356				2
2026.03.30	01:16:05.507	0.57357	0.57359			6
2026.03.30	01:16:05.804	0.57359	0.57361			6
2026.03.30	01:16:07.607	0.57360	0.57362			6
2026.03.30	01:16:11.809	0.57359	0.57361			6
2026.03.30	01:16:12.415	0.57355	0.57357			6
2026.03.30	01:16:13.615	0.57356	0.57358			6
2026.03.30	01:16:13.912	0.57353	0.57355			6
2026.03.30	01:16:15.414	0.57352	0.57354			6
2026.03.30	01:16:17.820	0.57350	0.57352			6
2026.03.30	01:16:18.120	0.57351	0.57353			6
2026.03.30	01:16:19.329	0.57352	0.57354			6
2026.03.30	01:16:19.620	0.57354	0.57356			6
2026.03.30	01:16:20.821	0.57355	0.57357			6
2026.03.30	01:16:21.420	0.57354	0.57356			6
2026.03.30	01:16:23.220	0.57352	0.57354			6
2026.03.30	01:16:23.821	0.57353	0.57355			6
2026.03.30	01:16:33.128	0.57352	0.57354			6
2026.03.30	01:16:45.140	0.57353	0.57355			6
2026.03.30	01:16:46.640	0.57354				2
2026.03.30	01:16:47.841	0.57353				2
2026.03.30	01:16:49.640	0.57352	0.57354			6
2026.03.30	01:16:50.242	0.57353				2
2026.03.30	01:16:51.143	0.57352				2
2026.03.30	01:16:53.544	0.57351	0.57353			6
2026.03.30	01:16:53.844	0.57353	0.57354			6
2026.03.30	01:16:55.348	0.57352				2
2026.03.30	01:16:58.053	0.57351	0.57353			6
2026.03.30	01:16:58.351	0.57352	0.57354			6
2026.03.30	01:16:59.556	0.57353				2
2026.03.30	01:17:00.157	0.57353				2
2026.03.30	01:17:00.458		0.57355			4
2026.03.30	01:17:08.569	0.57354	0.57356			6
2026.03.30	01:17:11.576	0.57355	0.57357			6
2026.03.30	01:17:12.179	0.57356	0.57358			6
2026.03.30	01:17:12.777	0.57354	0.57355			6
2026.03.30	01:17:13.078	0.57353				2
2026.03.30	01:17:16.986	0.57354	0.57356			6
2026.03.30	01:17:18.787		0.57355			4
2026.03.30	01:17:19.988	0.57353				2
2026.03.30	01:17:20.892	0.57354	0.57356			6
2026.03.30	01:17:21.193		0.57355			4
2026.03.30	01:17:22.094	0.57355	0.57356			6
2026.03.30	01:17:26.005	0.57354				2
2026.03.30	01:17:30.506	0.57353	0.57355			6
2026.03.30	01:17:32.911	0.57354				2
2026.03.30	01:17:34.413	0.57353				2
2026.03.30	01:17:36.218	0.57354	0.57356			6
2026.03.30	01:17:37.120		0.57355			4
2026.03.30	01:17:37.719	0.57353				2
2026.03.30	01:17:38.619	0.57354				2
2026.03.30	01:17:40.121	0.57353				2
2026.03.30	01:17:41.321	0.57354				2
2026.03.30	01:17:41.622	0.57353				2
2026.03.30	01:17:42.824	0.57354				2
2026.03.30	01:17:54.237	0.57351	0.57352			6
2026.03.30	01:17:54.838	0.57353	0.57355			6
2026.03.30	01:17:55.440	0.57354				2
2026.03.30	01:17:56.942	0.57353				2
2026.03.30	01:18:00.250	0.57353				2
2026.03.30	01:18:04.158	0.57355	0.57357			6
2026.03.30	01:18:04.456	0.57356	0.57358			6
2026.03.30	01:18:05.661	0.57353	0.57355			6
2026.03.30	01:18:09.567	0.57355	0.57357			6
2026.03.30	01:18:09.871	0.57354	0.57356			6
2026.03.30	01:18:10.170	0.57352	0.57354			6
2026.03.30	01:18:11.374	0.57353				2
2026.03.30	01:18:13.484		0.57355			4
2026.03.30	01:18:17.697	0.57352	0.57354			6
2026.03.30	01:18:18.002	0.57351	0.57353			6
2026.03.30	01:18:24.925		0.57352			4
2026.03.30	01:18:25.219		0.57353			4
2026.03.30	01:18:30.328	0.57352	0.57354			6
2026.03.30	01:18:32.730	0.57353	0.57355			6
2026.03.30	01:18:33.031	0.57354				2
2026.03.30	01:18:37.535		0.57356			4
2026.03.30	01:18:41.438		0.57355			4
2026.03.30	01:18:42.041	0.57355	0.57356			6
2026.03.30	01:18:42.340		0.57357			4
2026.03.30	01:18:50.154	0.57353	0.57355			6
2026.03.30	01:18:53.159	0.57354	0.57356			6
2026.03.30	01:18:55.563		0.57355			4
2026.03.30	01:18:55.862	0.57355	0.57357			6
2026.03.30	01:19:00.065	0.57355				2
2026.03.30	01:19:00.369	0.57356				2
2026.03.30	01:19:01.266		0.57358			4
2026.03.30	01:19:01.567	0.57357	0.57359			6
2026.03.30	01:19:05.773	0.57358				2
2026.03.30	01:19:09.378	0.57357				2
2026.03.30	01:19:14.494	0.57358				2
2026.03.30	01:19:14.797	0.57357				2
2026.03.30	01:19:16.300	0.57356	0.57358			6
2026.03.30	01:19:16.604	0.57357				2
2026.03.30	01:19:18.105	0.57356				2
2026.03.30	01:19:19.011	0.57357				2
2026.03.30	01:19:20.211	0.57356				2
2026.03.30	01:19:24.417	0.57357				2
2026.03.30	01:19:26.520	0.57356				2
2026.03.30	01:19:36.127	0.57357				2
2026.03.30	01:19:36.429	0.57356				2
2026.03.30	01:19:40.334	0.57357				2
2026.03.30	01:19:40.633	0.57361	0.57363			6
2026.03.30	01:19:41.837	0.57357	0.57359			6
2026.03.30	01:19:44.840	0.57358				2
2026.03.30	01:19:45.738	0.57357				2
2026.03.30	01:19:49.043	0.57358				2
2026.03.30	01:19:49.645	0.57357				2
2026.03.30	01:19:50.249	0.57359	0.57360			6
2026.03.30	01:19:50.547	0.57361	0.57363			6
2026.03.30	01:19:55.357	0.57360	0.57362			6
2026.03.30	01:19:58.063	0.57361				2
2026.03.30	01:19:58.962		0.57363			4
2026.03.30	01:20:00.163	0.57361				2
2026.03.30	01:20:03.767	0.57362				2
2026.03.30	01:20:10.380	0.57363	0.57364			6
2026.03.30	01:20:10.681	0.57371	0.57372			6
2026.03.30	01:20:10.981	0.57372	0.57373			6
2026.03.30	01:20:11.280	0.57370				2
2026.03.30	01:20:15.196	0.57371				2
2026.03.30	01:20:24.514	0.57372	0.57374			6
2026.03.30	01:20:28.127	0.57373	0.57375			6
2026.03.30	01:20:28.423	0.57376	0.57378			6
2026.03.30	01:20:29.320		0.57379			4
2026.03.30	01:20:32.624	0.57377	0.57380			6
2026.03.30	01:20:32.922	0.57378	0.57381			6
2026.03.30	01:20:34.125	0.57379				2
2026.03.30	01:20:34.425		0.57380			4
2026.03.30	01:20:34.723	0.57374	0.57376			6
2026.03.30	01:20:35.328		0.57377			4
2026.03.30	01:20:37.429	0.57376	0.57379			6
2026.03.30	01:20:41.632	0.57379	0.57382			6
2026.03.30	01:20:41.933	0.57377	0.57380			6
2026.03.30	01:20:42.535	0.57380	0.57383			6
2026.03.30	01:20:43.435	0.57379	0.57382			6
2026.03.30	01:20:43.735	0.57380	0.57383			6
2026.03.30	01:20:44.938	0.57381	0.57384			6
2026.03.30	01:20:45.237	0.57380	0.57383			6
2026.03.30	01:20:47.938	0.57381	0.57384			6
2026.03.30	01:20:48.539	0.57380	0.57383			6
2026.03.30	01:20:49.138	0.57381				2
2026.03.30	01:20:50.642	0.57376	0.57378			6
2026.03.30	01:20:51.242	0.57375				2
2026.03.30	01:20:55.446	0.57376	0.57379			6
2026.03.30	01:21:00.259	0.57376				2
2026.03.30	01:21:02.662	0.57375	0.57378			6
2026.03.30	01:21:03.259	0.57376	0.57379			6
2026.03.30	01:21:06.563	0.57379	0.57380			6
2026.03.30	01:21:06.863	0.57400	0.57403			6
2026.03.30	01:21:11.675	0.57401				2
2026.03.30	01:21:14.077	0.57398	0.57402			6
2026.03.30	01:21:14.377	0.57400	0.57403			6
2026.03.30	01:21:15.284	0.57401				2
2026.03.30	01:21:16.486	0.57398	0.57402			6
2026.03.30	01:21:16.786	0.57399				2
2026.03.30	01:21:17.389	0.57400	0.57403			6
2026.03.30	01:21:20.699	0.57398	0.57402			6
2026.03.30	01:21:23.713		0.57401			4
2026.03.30	01:21:24.011	0.57391	0.57395			6
2026.03.30	01:21:24.911	0.57390	0.57394			6
2026.03.30	01:21:25.210	0.57391	0.57395			6
2026.03.30	01:21:29.114		0.57394			4
2026.03.30	01:21:29.415		0.57395			4
2026.03.30	01:21:30.320		0.57394			4
2026.03.30	01:21:31.525	0.57390				2
2026.03.30	01:21:37.228	0.57385	0.57389			6
2026.03.30	01:21:39.329	0.57386	0.57390			6
2026.03.30	01:21:43.529	0.57389	0.57393			6
2026.03.30	01:21:44.729	0.57388	0.57392			6
2026.03.30	01:21:45.635	0.57387	0.57391			6
2026.03.30	01:21:46.234	0.57386	0.57390			6
2026.03.30	01:21:47.432	0.57385	0.57389			6
2026.03.30	01:21:48.933	0.57390	0.57394			6
2026.03.30	01:21:49.234	0.57388	0.57392			6
2026.03.30	01:21:50.133	0.57389	0.57393			6
2026.03.30	01:21:50.433	0.57388	0.57392			6
2026.03.30	01:21:52.835	0.57386	0.57390			6
2026.03.30	01:21:53.136	0.57387	0.57391			6
2026.03.30	01:21:53.437	0.57389	0.57393			6
2026.03.30	01:21:53.736	0.57388	0.57392			6
2026.03.30	01:22:00.045	0.57387	0.57391			6
2026.03.30	01:22:00.948	0.57386	0.57390			6
2026.03.30	01:22:01.550	0.57385	0.57389			6
2026.03.30	01:22:04.550	0.57386	0.57390			6
2026.03.30	01:22:04.852	0.57385	0.57389			6
2026.03.30	01:22:05.151	0.57386	0.57390			6
2026.03.30	01:22:05.755	0.57387	0.57391			6
2026.03.30	01:22:08.159	0.57389	0.57393			6
2026.03.30	01:22:08.459	0.57388	0.57392			6
2026.03.30	01:22:14.167	0.57390	0.57394			6
2026.03.30	01:22:14.469	0.57392	0.57396			6
2026.03.30	01:22:18.375	0.57393	0.57397			6
2026.03.30	01:22:21.377	0.57392	0.57396			6
2026.03.30	01:22:23.179	0.57393	0.57397			6
2026.03.30	01:22:24.685	0.57392	0.57396			6
2026.03.30	01:22:25.285		0.57395			4
2026.03.30	01:22:25.585	0.57391				2
2026.03.30	01:22:25.885	0.57390	0.57394			6
2026.03.30	01:22:26.489	0.57386	0.57390			6
2026.03.30	01:22:31.297	0.57383	0.57387			6
2026.03.30	01:22:31.597	0.57382	0.57386			6
2026.03.30	01:22:34.000	0.57381	0.57385			6
2026.03.30	01:22:35.202	0.57385	0.57389			6
2026.03.30	01:22:35.499	0.57384	0.57388			6
2026.03.30	01:22:35.804	0.57385	0.57389			6
2026.03.30	01:22:37.606	0.57384	0.57388			6
2026.03.30	01:22:40.006		0.57387			4
2026.03.30	01:22:40.307		0.57388			4
2026.03.30	01:22:46.012	0.57382	0.57386			6
2026.03.30	01:22:46.613		0.57385			4
2026.03.30	01:22:47.214	0.57381				2
2026.03.30	01:22:49.318	0.57380	0.57384			6
2026.03.30	01:22:49.920	0.57381	0.57385			6
2026.03.30	01:22:55.330	0.57377	0.57379			6
2026.03.30	01:22:55.627	0.57380	0.57381			6
2026.03.30	01:22:55.928	0.57378				2
2026.03.30	01:22:56.226		0.57382			4
2026.03.30	01:22:56.528	0.57379				2
2026.03.30	01:22:57.427	0.57385	0.57389			6
2026.03.30	01:23:00.127	0.57385				2
2026.03.30	01:23:01.329	0.57386				2
2026.03.30	01:23:02.231	0.57387	0.57391			6
2026.03.30	01:23:04.330	0.57388				2
2026.03.30	01:23:04.632	0.57387				2
2026.03.30	01:23:05.832	0.57388				2
2026.03.30	01:23:07.331	0.57387				2
2026.03.30	01:23:07.931	0.57386	0.57390			6
2026.03.30	01:23:09.734	0.57387	0.57391			6
2026.03.30	01:23:17.243		0.57390			4
2026.03.30	01:23:20.253	0.57385	0.57388			6
2026.03.30	01:23:20.552	0.57383	0.57386			6
2026.03.30	01:23:21.149	0.57385	0.57388			6
2026.03.30	01:23:22.954	0.57386				2
2026.03.30	01:23:23.253		0.57389			4
2026.03.30	01:23:26.256	0.57385	0.57388			6
2026.03.30	01:23:26.558	0.57386	0.57389			6
2026.03.30	01:23:27.461	0.57385	0.57388			6
2026.03.30	01:23:27.760	0.57383	0.57386			6
2026.03.30	01:23:28.057	0.57382	0.57385			6
2026.03.30	01:23:40.979	0.57381	0.57384			6
2026.03.30	01:23:41.283	0.57382	0.57385			6
2026.03.30	01:23:41.580	0.57381	0.57384			6
2026.03.30	01:23:48.798	0.57380	0.57383			6
2026.03.30	01:23:49.398	0.57375	0.57376			6
2026.03.30	01:23:49.699	0.57371	0.57374			6
2026.03.30	01:23:50.000	0.57370	0.57373			6
2026.03.30	01:23:50.304	0.57375	0.57377			6
2026.03.30	01:23:51.203		0.57378			4
2026.03.30	01:23:54.210	0.57373	0.57376			6
2026.03.30	01:24:00.215	0.57373				2
2026.03.30	01:24:00.522	0.57374	0.57377			6
2026.03.30	01:24:00.817	0.57373	0.57376			6
2026.03.30	01:24:01.420	0.57372	0.57375			6
2026.03.30	01:24:04.122	0.57374	0.57377			6
2026.03.30	01:24:05.021	0.57373	0.57376			6
2026.03.30	01:24:06.222	0.57374	0.57377			6
2026.03.30	01:24:06.521	0.57375	0.57378			6
2026.03.30	01:24:10.123	0.57376				2
2026.03.30	01:24:14.027	0.57374	0.57376			6
2026.03.30	01:24:14.627	0.57375	0.57377			6
2026.03.30	01:24:14.926	0.57371	0.57373			6
2026.03.30	01:24:25.437	0.57370	0.57372			6
2026.03.30	01:24:26.638	0.57367	0.57369			6
2026.03.30	01:24:27.236		0.57368			4
2026.03.30	01:24:28.437	0.57366				2
2026.03.30	01:24:30.238	0.57365	0.57367			6
2026.03.30	01:24:31.441	0.57367	0.57368			6
2026.03.30	01:24:31.744	0.57368	0.57370			6
2026.03.30	01:24:32.044	0.57369	0.57371			6
2026.03.30	01:24:32.344	0.57371	0.57373			6
2026.03.30	01:24:41.353	0.57367	0.57369			6
2026.03.30	01:24:43.756	0.57368	0.57370			6
2026.03.30	01:24:45.860	0.57367	0.57369			6
2026.03.30	01:24:53.976	0.57365	0.57367			6
2026.03.30	01:24:54.274	0.57364	0.57366			6
2026.03.30	01:24:54.874	0.57365	0.57367			6
2026.03.30	01:24:55.773	0.57367	0.57369			6
2026.03.30	01:24:56.976	0.57366	0.57368			6
2026.03.30	01:24:58.475	0.57365	0.57367			6
2026.03.30	01:25:00.278	0.57365				2
2026.03.30	01:25:03.286	0.57364	0.57366			6
2026.03.30	01:25:05.086	0.57362	0.57364			6
2026.03.30	01:25:05.385		0.57363			4
2026.03.30	01:25:06.290		0.57364			4
2026.03.30	01:25:06.890	0.57361	0.57363			6
2026.03.30	01:25:07.190	0.57362	0.57364			6
2026.03.30	01:25:08.093	0.57361	0.57363			6
2026.03.30	01:25:11.395	0.57358	0.57360			6
2026.03.30	01:25:11.698	0.57357	0.57359			6
2026.03.30	01:25:11.997	0.57356	0.57357			6
2026.03.30	01:25:12.298	0.57354	0.57356			6
2026.03.30	01:25:12.899	0.57355				2
2026.03.30	01:25:13.198	0.57354				2
2026.03.30	01:25:14.999	0.57355	0.57357			6
2026.03.30	01:25:18.308	0.57354	0.57356			6
2026.03.30	01:25:21.309	0.57355				2
2026.03.30	01:25:23.414	0.57354				2
2026.03.30	01:25:24.913	0.57355				2
2026.03.30	01:25:25.518	0.57356	0.57358			6
2026.03.30	01:25:27.322		0.57357			4
2026.03.30	01:25:27.620	0.57354	0.57355			6
2026.03.30	01:25:29.420	0.57356	0.57357			6
2026.03.30	01:25:30.320		0.57358			4
2026.03.30	01:25:32.122		0.57357			4
2026.03.30	01:25:33.622	0.57355				2
2026.03.30	01:25:34.228	0.57351	0.57353			6
2026.03.30	01:25:36.326	0.57353	0.57355			6
2026.03.30	01:25:37.228	0.57354				2
2026.03.30	01:25:37.530	0.57355	0.57357			6
2026.03.30	01:25:37.830	0.57357	0.57358			6
2026.03.30	01:25:38.130	0.57356				2
2026.03.30	01:25:40.533	0.57355	0.57357			6
2026.03.30	01:25:44.136	0.57354	0.57356			6
2026.03.30	01:25:44.436	0.57355	0.57357			6
2026.03.30	01:25:48.039	0.57354	0.57356			6
2026.03.30	01:25:48.639	0.57355				2
2026.03.30	01:25:52.844	0.57354				2
2026.03.30	01:25:57.056	0.57352	0.57354			6
2026.03.30	01:25:57.957	0.57354	0.57355			6
2026.03.30	01:25:58.255	0.57352	0.57354			6
2026.03.30	01:25:59.162	0.57351	0.57353			6
2026.03.30	01:26:00.065	0.57351				2
2026.03.30	01:26:01.562	0.57352				2
2026.03.30	01:26:02.766	0.57351				2
2026.03.30	01:26:03.073	0.57354	0.57355			6
2026.03.30	01:26:03.368	0.57356	0.57358			6
2026.03.30	01:26:03.968	0.57355	0.57357			6
2026.03.30	01:26:04.268	0.57354	0.57356			6
2026.03.30	01:26:05.772	0.57355				2
2026.03.30	01:26:10.279	0.57354				2
2026.03.30	01:26:10.582	0.57355	0.57357			6
2026.03.30	01:26:11.183	0.57354	0.57356			6
2026.03.30	01:26:11.782	0.57355				2
2026.03.30	01:26:12.985		0.57357			4
2026.03.30	01:26:13.586		0.57356			4
2026.03.30	01:26:15.090	0.57354				2
2026.03.30	01:26:15.388	0.57352	0.57354			6
2026.03.30	01:26:15.990	0.57353				2
2026.03.30	01:26:17.495	0.57351	0.57352			6
2026.03.30	01:26:17.791	0.57350				2
2026.03.30	01:26:18.094	0.57344	0.57346			6
2026.03.30	01:26:18.393	0.57345				2
2026.03.30	01:26:19.292	0.57344				2
2026.03.30	01:26:21.100	0.57346	0.57348			6
2026.03.30	01:26:22.006	0.57347				2
2026.03.30	01:26:22.302		0.57349			4
2026.03.30	01:26:23.203	0.57348	0.57350			6
2026.03.30	01:26:23.809	0.57347	0.57349			6
2026.03.30	01:26:25.009		0.57348			4
2026.03.30	01:26:25.309	0.57346				2
2026.03.30	01:26:31.617	0.57343	0.57345			6
2026.03.30	01:26:31.918	0.57341	0.57343			6
2026.03.30	01:26:46.028	0.57346	0.57348			6
2026.03.30	01:26:51.432	0.57345	0.57347			6
2026.03.30	01:26:51.732	0.57343	0.57345			6
2026.03.30	01:26:52.635	0.57342	0.57344			6
2026.03.30	01:26:54.438	0.57341	0.57343			6
2026.03.30	01:26:54.739	0.57342	0.57344			6
2026.03.30	01:26:56.843	0.57343	0.57345			6
2026.03.30	01:27:00.145	0.57343				2
2026.03.30	01:27:01.650	0.57338	0.57340			6
2026.03.30	01:27:06.470	0.57339	0.57341			6
2026.03.30	01:27:06.768	0.57341	0.57343			6
2026.03.30	01:27:07.367	0.57339	0.57341			6
2026.03.30	01:27:09.472	0.57336	0.57338			6
2026.03.30	01:27:12.476	0.57337	0.57339			6
2026.03.30	01:27:21.205	0.57339	0.57341			6
2026.03.30	01:27:21.806	0.57341	0.57343			6
2026.03.30	01:27:22.109	0.57342	0.57344			6
2026.03.30	01:27:32.324	0.57343				2
2026.03.30	01:27:35.327	0.57340	0.57342			6
2026.03.30	01:27:45.840	0.57339	0.57341			6
2026.03.30	01:27:50.644	0.57340	0.57342			6
2026.03.30	01:27:59.365	0.57338	0.57340			6
2026.03.30	01:28:00.264	0.57338				2
2026.03.30	01:28:00.564	0.57339	0.57341			6
2026.03.30	01:28:00.866	0.57340				2
2026.03.30	01:28:01.467	0.57341	0.57343			6
2026.03.30	01:28:01.767	0.57342	0.57344			6
2026.03.30	01:28:05.073	0.57343				2
2026.03.30	01:28:27.332		0.57345			4
2026.03.30	01:28:27.932	0.57344	0.57346			6
2026.03.30	01:28:28.235	0.57347	0.57349			6
2026.03.30	01:28:28.535	0.57349	0.57350			6
2026.03.30	01:28:28.832		0.57351			4
2026.03.30	01:28:30.334		0.57350			4
2026.03.30	01:28:31.539	0.57350	0.57351			6
2026.03.30	01:28:31.838	0.57348	0.57350			6
2026.03.30	01:28:33.039	0.57349	0.57351			6
2026.03.30	01:28:33.639	0.57348	0.57350			6
2026.03.30	01:28:33.939	0.57349	0.57351			6
2026.03.30	01:28:34.241	0.57348	0.57350			6
2026.03.30	01:28:34.542	0.57349	0.57351			6
2026.03.30	01:28:36.042	0.57348	0.57349			6
2026.03.30	01:28:37.243	0.57343	0.57345			6
2026.03.30	01:28:38.144	0.57342	0.57344			6
2026.03.30	01:28:40.543	0.57343				2
2026.03.30	01:28:41.148	0.57340	0.57341			6
2026.03.30	01:28:41.446	0.57342	0.57343			6
2026.03.30	01:28:41.748	0.57340	0.57342			6
2026.03.30	01:28:42.947		0.57341			4
2026.03.30	01:28:43.549	0.57339				2
2026.03.30	01:29:00.078	0.57339				2
2026.03.30	01:29:01.574	0.57336	0.57338			6
2026.03.30	01:29:01.876	0.57335	0.57337			6
2026.03.30	01:29:03.377	0.57336				2
2026.03.30	01:29:03.676	0.57335				2
2026.03.30	01:29:05.486	0.57337	0.57338			6
2026.03.30	01:29:05.781	0.57339	0.57341			6
2026.03.30	01:29:08.488	0.57341	0.57343			6
2026.03.30	01:29:08.789	0.57339	0.57341			6
2026.03.30	01:29:09.391	0.57336	0.57338			6
2026.03.30	01:29:09.988	0.57334	0.57336			6
2026.03.30	01:29:10.591	0.57337	0.57339			6
2026.03.30	01:29:10.891	0.57336	0.57338			6
2026.03.30	01:29:12.089	0.57335	0.57337			6
2026.03.30	01:29:17.800	0.57337	0.57339			6
2026.03.30	01:29:18.100	0.57335	0.57337			6
2026.03.30	01:29:18.401	0.57336	0.57338			6
2026.03.30	01:29:19.001	0.57335	0.57337			6
2026.03.30	01:29:20.208	0.57336	0.57338			6
2026.03.30	01:29:21.413	0.57339	0.57341			6
2026.03.30	01:29:22.612	0.57336	0.57338			6
2026.03.30	01:29:26.517	0.57334	0.57336			6
2026.03.30	01:29:26.816	0.57336	0.57337			6
2026.03.30	01:29:28.619	0.57334	0.57336			6
2026.03.30	01:29:29.222	0.57335	0.57337			6
2026.03.30	01:29:29.524	0.57338	0.57340			6
2026.03.30	01:29:38.530	0.57339				2
2026.03.30	01:29:38.831		0.57341			4
2026.03.30	01:29:43.030	0.57337	0.57339			6
2026.03.30	01:29:43.334	0.57336	0.57338			6
2026.03.30	01:29:44.835	0.57337	0.57339			6
2026.03.30	01:29:52.343		0.57338			4
2026.03.30	01:29:52.943	0.57336				2
2026.03.30	01:29:55.647	0.57338	0.57340			6
2026.03.30	01:29:58.958	0.57337	0.57339			6
2026.03.30	01:29:59.257	0.57334	0.57336			6
2026.03.30	01:30:00.164	0.57335				2
2026.03.30	01:30:00.462	0.57333	0.57335			6
2026.03.30	01:30:00.758	0.57334	0.57336			6
2026.03.30	01:30:02.259	0.57335	0.57337			6
2026.03.30	01:30:03.761	0.57336				2
2026.03.30	01:30:04.063		0.57338			4
2026.03.30	01:30:06.467	0.57334	0.57336			6
2026.03.30	01:30:06.765	0.57335	0.57337			6
2026.03.30	01:30:07.069	0.57336	0.57338			6
2026.03.30	01:30:09.777	0.57339	0.57340			6
2026.03.30	01:30:10.076	0.57341	0.57342			6
2026.03.30	01:30:10.674		0.57343			4
2026.03.30	01:30:10.974		0.57342			4
2026.03.30	01:30:11.277	0.57340				2
2026.03.30	01:30:15.180	0.57339	0.57341			6
2026.03.30	01:30:16.078	0.57340	0.57342			6
2026.03.30	01:30:19.380	0.57339	0.57341			6
2026.03.30	01:30:19.680	0.57338	0.57340			6
2026.03.30	01:30:21.185	0.57337	0.57339			6
2026.03.30	01:30:21.482	0.57338	0.57340			6
2026.03.30	01:30:22.384	0.57339				2
2026.03.30	01:30:22.987	0.57336	0.57338			6
2026.03.30	01:30:24.490	0.57335	0.57337			6
2026.03.30	01:30:24.786	0.57337	0.57339			6
2026.03.30	01:30:26.589	0.57336	0.57338			6
2026.03.30	01:30:29.296	0.57337				2
2026.03.30	01:30:29.896	0.57336				2
2026.03.30	01:30:31.703		0.57337			4
2026.03.30	01:30:34.407		0.57338			4
2026.03.30	01:30:35.008		0.57337			4
2026.03.30	01:30:38.310		0.57338			4
2026.03.30	01:30:38.610	0.57337	0.57339			6
2026.03.30	01:30:38.912	0.57339	0.57341			6
2026.03.30	01:30:39.812	0.57338	0.57340			6
2026.03.30	01:30:42.215	0.57339				2
2026.03.30	01:30:42.518	0.57338				2
2026.03.30	01:30:43.119	0.57339				2
2026.03.30	01:30:44.019	0.57338				2
2026.03.30	01:30:45.519	0.57339				2
2026.03.30	01:30:46.420	0.57338				2
2026.03.30	01:30:47.325	0.57337	0.57338			6
2026.03.30	01:30:47.625	0.57336				2
2026.03.30	01:30:47.925		0.57337			4
2026.03.30	01:30:48.224	0.57337	0.57339			6
2026.03.30	01:30:53.928		0.57338			4
2026.03.30	01:30:57.235		0.57339			4
2026.03.30	01:30:58.432	0.57336	0.57338			6
2026.03.30	01:31:00.235	0.57336				2
2026.03.30	01:31:00.837	0.57335	0.57337			6
2026.03.30	01:31:04.739	0.57336				2
2026.03.30	01:31:10.455		0.57338			4
2026.03.30	01:31:11.053	0.57337				2
2026.03.30	01:31:11.352	0.57336				2
2026.03.30	01:31:11.960	0.57337	0.57339			6
2026.03.30	01:31:13.461	0.57336	0.57338			6
2026.03.30	01:31:15.568	0.57337				2
2026.03.30	01:31:16.167	0.57336				2
2026.03.30	01:31:16.767	0.57337				2
2026.03.30	01:31:18.571	0.57336				2
2026.03.30	01:31:20.678	0.57337				2
2026.03.30	01:31:22.178	0.57339	0.57340			6
2026.03.30	01:31:22.478	0.57340	0.57341			6
2026.03.30	01:31:22.775	0.57339	0.57340			6
2026.03.30	01:31:23.377	0.57338				2
2026.03.30	01:31:28.181	0.57339	0.57341			6
2026.03.30	01:31:29.983	0.57340				2
2026.03.30	01:31:30.583	0.57339				2
2026.03.30	01:31:32.087	0.57340				2
2026.03.30	01:31:32.389	0.57338	0.57340			6
2026.03.30	01:31:34.491	0.57337	0.57339			6
2026.03.30	01:31:34.788		0.57338			4
2026.03.30	01:31:36.592	0.57336				2
2026.03.30	01:31:40.497	0.57338	0.57340			6
2026.03.30	01:31:40.798		0.57339			4
2026.03.30	01:31:42.903	0.57337				2
2026.03.30	01:31:47.103	0.57338	0.57340			6
2026.03.30	01:31:49.810	0.57339				2
2026.03.30	01:31:50.109	0.57338				2
2026.03.30	01:31:50.712		0.57339			4
2026.03.30	01:31:51.013	0.57336	0.57338			6
2026.03.30	01:31:51.614	0.57337	0.57339			6
2026.03.30	01:31:52.213	0.57338	0.57340			6
2026.03.30	01:31:53.416	0.57339				2
2026.03.30	01:31:54.919		0.57341			4
2026.03.30	01:31:55.216	0.57340				2
2026.03.30	01:32:00.025	0.57340				2
2026.03.30	01:32:00.326	0.57341	0.57342			6
2026.03.30	01:32:01.825	0.57340				2
2026.03.30	01:32:05.429	0.57336	0.57338			6
2026.03.30	01:32:05.727		0.57337			4
2026.03.30	01:32:06.328		0.57338			4
2026.03.30	01:32:06.629	0.57337				2
2026.03.30	01:32:07.229	0.57336				2
2026.03.30	01:32:09.330	0.57337				2
2026.03.30	01:32:11.130	0.57336				2
2026.03.30	01:32:12.337	0.57337				2
2026.03.30	01:32:15.339		0.57339			4
2026.03.30	01:32:18.042	0.57338				2
2026.03.30	01:32:18.343	0.57337				2
2026.03.30	01:32:20.445		0.57338			4
2026.03.30	01:32:21.946	0.57339	0.57341			6
2026.03.30	01:32:24.046	0.57338	0.57340			6
2026.03.30	01:32:24.346	0.57339				2
2026.03.30	01:32:24.947	0.57340	0.57341			6
2026.03.30	01:32:25.247	0.57341	0.57343			6
2026.03.30	01:32:27.948	0.57342				2
2026.03.30	01:32:28.251	0.57341				2
2026.03.30	01:32:29.451		0.57342			4
2026.03.30	01:32:33.366	0.57339	0.57340			6
2026.03.30	01:32:33.666		0.57341			4
2026.03.30	01:32:33.968	0.57341	0.57342			6
2026.03.30	01:32:36.668	0.57340				2
2026.03.30	01:32:39.372	0.57342	0.57344			6
2026.03.30	01:32:41.776	0.57349	0.57351			6
2026.03.30	01:32:42.073	0.57348	0.57350			6
2026.03.30	01:32:42.673	0.57349				2
2026.03.30	01:32:43.271	0.57347				2
2026.03.30	01:32:44.475	0.57345	0.57348			6
2026.03.30	01:32:44.774	0.57346	0.57349			6
2026.03.30	01:32:45.077	0.57345	0.57348			6
2026.03.30	01:32:55.286	0.57343	0.57346			6
2026.03.30	01:32:57.386	0.57344				2
2026.03.30	01:33:00.093	0.57344				2
2026.03.30	01:33:02.797	0.57343	0.57345			6
2026.03.30	01:33:03.096	0.57344	0.57346			6
2026.03.30	01:33:05.799	0.57347	0.57349			6
2026.03.30	01:33:09.403	0.57341	0.57343			6
2026.03.30	01:33:10.306		0.57344			4
2026.03.30	01:33:13.014	0.57339	0.57342			6
2026.03.30	01:33:16.321	0.57340	0.57343			6
2026.03.30	01:33:20.526		0.57342			4
2026.03.30	01:33:22.933	0.57338	0.57340			6
2026.03.30	01:33:23.227	0.57335	0.57338			6
2026.03.30	01:33:27.128	0.57336	0.57339			6
2026.03.30	01:33:28.032	0.57337	0.57340			6
2026.03.30	01:33:32.234	0.57342	0.57345			6
2026.03.30	01:33:37.342	0.57338	0.57340			6
2026.03.30	01:33:37.639	0.57336	0.57339			6
2026.03.30	01:33:38.238		0.57340			4
2026.03.30	01:33:40.640	0.57331	0.57334			6
2026.03.30	01:33:40.943	0.57330				2
2026.03.30	01:33:42.445	0.57331				2
2026.03.30	01:33:42.743	0.57334	0.57337			6
2026.03.30	01:33:45.145		0.57336			4
2026.03.30	01:33:46.047	0.57333	0.57334			6
2026.03.30	01:33:46.346	0.57330	0.57332			6
2026.03.30	01:33:55.659	0.57331	0.57335			6
2026.03.30	01:33:58.062	0.57328	0.57332			6
2026.03.30	01:33:58.363	0.57329				2
2026.03.30	01:33:59.562	0.57330				2
2026.03.30	01:34:00.169	0.57331	0.57334			6
2026.03.30	01:34:03.171	0.57332	0.57336			6
2026.03.30	01:34:03.467	0.57334	0.57337			6
2026.03.30	01:34:03.768		0.57338			4
2026.03.30	01:34:04.069	0.57333	0.57337			6
2026.03.30	01:34:05.269	0.57335	0.57338			6
2026.03.30	01:34:05.571	0.57334				2
2026.03.30	01:34:06.769	0.57335				2
2026.03.30	01:34:08.574	0.57331	0.57335			6
2026.03.30	01:34:17.884	0.57332	0.57336			6
2026.03.30	01:34:18.184	0.57331	0.57335			6
2026.03.30	01:34:20.295		0.57333			4
2026.03.30	01:34:20.590	0.57328	0.57332			6
2026.03.30	01:34:25.398	0.57327	0.57331			6
2026.03.30	01:34:29.310	0.57324	0.57328			6
2026.03.30	01:34:30.509	0.57325				2
2026.03.30	01:34:31.709		0.57326			4
2026.03.30	01:34:32.010		0.57329			4
2026.03.30	01:34:32.309	0.57326				2
2026.03.30	01:34:32.609	0.57325				2
2026.03.30	01:34:35.013	0.57326	0.57330			6
2026.03.30	01:34:35.915	0.57327	0.57331			6
2026.03.30	01:34:37.119	0.57323	0.57327			6
2026.03.30	01:34:37.419	0.57324	0.57328			6
2026.03.30	01:34:38.616	0.57325				2
2026.03.30	01:34:40.422	0.57324				2
2026.03.30	01:34:41.325	0.57325				2
2026.03.30	01:34:43.424	0.57324				2
2026.03.30	01:34:44.026	0.57322	0.57325			6
2026.03.30	01:34:45.225	0.57321				2
2026.03.30	01:34:45.827	0.57322				2
2026.03.30	01:34:46.127	0.57323	0.57327			6
2026.03.30	01:34:47.027		0.57326			4
2026.03.30	01:34:47.930		0.57327			4
2026.03.30	01:34:48.228		0.57326			4
2026.03.30	01:34:56.334	0.57325	0.57328			6
2026.03.30	01:34:57.836	0.57326	0.57329			6
2026.03.30	01:34:58.136	0.57327	0.57330			6
2026.03.30	01:35:00.243	0.57327				2
2026.03.30	01:35:00.546	0.57331	0.57334			6
2026.03.30	01:35:00.842	0.57330	0.57333			6
2026.03.30	01:35:01.142		0.57334			4
2026.03.30	01:35:02.341	0.57334	0.57338			6
2026.03.30	01:35:02.642	0.57333	0.57337			6
2026.03.30	01:35:05.346	0.57335	0.57338			6
2026.03.30	01:35:05.645	0.57334				2
2026.03.30	01:35:05.944	0.57335				2
2026.03.30	01:35:06.245	0.57338	0.57342			6
2026.03.30	01:35:06.844	0.57339				2
2026.03.30	01:35:09.248		0.57343			4
2026.03.30	01:35:09.546	0.57337	0.57341			6
2026.03.30	01:35:10.448	0.57336	0.57340			6
2026.03.30	01:35:10.750	0.57337	0.57341			6
2026.03.30	01:35:11.351	0.57336	0.57340			6
2026.03.30	01:35:13.454	0.57335	0.57339			6
2026.03.30	01:35:14.358	0.57334	0.57338			6
2026.03.30	01:35:20.679	0.57335	0.57339			6
2026.03.30	01:35:22.188	0.57334	0.57337			6
2026.03.30	01:35:22.485	0.57332	0.57336			6
2026.03.30	01:35:23.085	0.57331	0.57335			6
2026.03.30	01:35:23.387	0.57333	0.57337			6
2026.03.30	01:35:25.488	0.57332	0.57336			6
2026.03.30	01:35:25.787	0.57334	0.57338			6
2026.03.30	01:35:27.589		0.57337			4
2026.03.30	01:35:36.003	0.57332	0.57335			6
2026.03.30	01:35:38.403	0.57331	0.57334			6
2026.03.30	01:35:40.805	0.57330	0.57333			6
2026.03.30	01:35:41.107	0.57329	0.57332			6
2026.03.30	01:35:47.112	0.57328	0.57331			6
2026.03.30	01:35:48.913	0.57329	0.57332			6
2026.03.30	01:35:51.016	0.57328	0.57331			6
2026.03.30	01:35:53.420	0.57329				2
2026.03.30	01:35:55.530	0.57330				2
2026.03.30	01:35:55.829	0.57332	0.57334			6
2026.03.30	01:35:56.125	0.57331				2
2026.03.30	01:35:57.327	0.57332				2
2026.03.30	01:35:57.625	0.57330	0.57332			6
2026.03.30	01:36:00.030	0.57330				2
2026.03.30	01:36:05.436	0.57332	0.57334			6
2026.03.30	01:36:06.038	0.57331	0.57333			6
2026.03.30	01:36:08.444	0.57330	0.57332			6
2026.03.30	01:36:08.741	0.57329	0.57331			6
2026.03.30	01:36:09.038	0.57330	0.57332			6
2026.03.30	01:36:12.341	0.57331	0.57333			6
2026.03.30	01:36:15.050	0.57330	0.57332			6
2026.03.30	01:36:15.946	0.57329	0.57331			6
2026.03.30	01:36:16.844	0.57327	0.57329			6
2026.03.30	01:36:18.347	0.57328	0.57330			6
2026.03.30	01:36:19.247		0.57329			4
2026.03.30	01:36:19.846		0.57330			4
2026.03.30	01:36:22.548	0.57329	0.57331			6
2026.03.30	01:36:27.655	0.57328	0.57329			6
2026.03.30	01:36:28.862	0.57327				2
2026.03.30	01:36:33.967	0.57328				2
2026.03.30	01:36:34.269	0.57327				2
2026.03.30	01:36:34.872	0.57328				2
2026.03.30	01:36:35.771	0.57327				2
2026.03.30	01:36:36.073	0.57328				2
2026.03.30	01:36:37.572	0.57329	0.57331			6
2026.03.30	01:36:37.875		0.57330			4
2026.03.30	01:36:40.575	0.57328				2
2026.03.30	01:36:42.680	0.57327	0.57328			6
2026.03.30	01:36:45.681	0.57326				2
2026.03.30	01:36:46.882	0.57325	0.57326			6
2026.03.30	01:36:47.183	0.57322	0.57324			6
2026.03.30	01:36:49.291	0.57321	0.57323			6
2026.03.30	01:36:55.601	0.57322				2
2026.03.30	01:36:55.904	0.57321				2
2026.03.30	01:36:56.206	0.57320	0.57322			6
2026.03.30	01:36:56.505	0.57321				2
2026.03.30	01:36:59.214	0.57319	0.57321			6
2026.03.30	01:37:00.114	0.57319				2
2026.03.30	01:37:02.216	0.57320				2
2026.03.30	01:37:02.821	0.57319				2
2026.03.30	01:37:03.119	0.57317	0.57319			6
2026.03.30	01:37:04.618	0.57318				2
2026.03.30	01:37:04.918	0.57317				2
2026.03.30	01:37:05.519	0.57319	0.57320			6
2026.03.30	01:37:05.819		0.57321			4
2026.03.30	01:37:06.722	0.57321	0.57323			6
2026.03.30	01:37:08.526	0.57323	0.57324			6
2026.03.30	01:37:09.725	0.57322				2
2026.03.30	01:37:11.526	0.57324	0.57326			6
2026.03.30	01:37:12.426	0.57325	0.57327			6
2026.03.30	01:37:15.128	0.57326	0.57328			6
2026.03.30	01:37:16.328	0.57325	0.57327			6
2026.03.30	01:37:18.440		0.57326			4
2026.03.30	01:37:18.734	0.57322	0.57324			6
2026.03.30	01:37:19.939	0.57321	0.57322			6
2026.03.30	01:37:20.237	0.57319	0.57321			6
2026.03.30	01:37:22.035	0.57320	0.57322			6
2026.03.30	01:37:25.944	0.57317	0.57319			6
2026.03.30	01:37:28.347	0.57316	0.57318			6
2026.03.30	01:37:32.852	0.57320	0.57322			6
2026.03.30	01:37:39.167	0.57321	0.57323			6
2026.03.30	01:37:41.275	0.57320	0.57322			6
2026.03.30	01:37:50.293	0.57318	0.57320			6
2026.03.30	01:37:50.589	0.57319	0.57321			6
2026.03.30	01:37:51.791	0.57320	0.57322			6
2026.03.30	01:37:54.194	0.57319	0.57320			6
2026.03.30	01:37:54.494	0.57316	0.57318			6
2026.03.30	01:37:55.693	0.57315	0.57317			6
2026.03.30	01:37:58.096	0.57314	0.57316			6
2026.03.30	01:37:58.397	0.57315	0.57317			6
2026.03.30	01:38:00.201	0.57315				2
2026.03.30	01:38:04.402	0.57316	0.57318			6
2026.03.30	01:38:05.610	0.57315	0.57317			6
2026.03.30	01:38:10.416	0.57317	0.57318			6
2026.03.30	01:38:10.718	0.57315	0.57316			6
2026.03.30	01:38:18.526	0.57313	0.57315			6
2026.03.30	01:38:20.030	0.57314				2
2026.03.30	01:38:20.330	0.57313				2
2026.03.30	01:38:24.834	0.57314				2
2026.03.30	01:38:25.134		0.57316			4
2026.03.30	01:38:25.435	0.57315				2
2026.03.30	01:38:26.037	0.57314				2
2026.03.30	01:38:26.638	0.57316	0.57318			6
2026.03.30	01:38:27.238		0.57317			4
2026.03.30	01:38:27.539		0.57318			4
2026.03.30	01:38:30.241	0.57315	0.57317			6
2026.03.30	01:38:31.142	0.57316				2
2026.03.30	01:38:33.846		0.57318			4
2026.03.30	01:38:34.446		0.57317			4
2026.03.30	01:38:35.046		0.57318			4
2026.03.30	01:38:38.955	0.57318	0.57319			6
2026.03.30	01:38:42.257	0.57319	0.57320			6
2026.03.30	01:38:42.558		0.57321			4
2026.03.30	01:38:46.767	0.57321	0.57322			6
2026.03.30	01:38:47.964		0.57323			4
2026.03.30	01:38:48.564	0.57322	0.57324			6
2026.03.30	01:38:48.867	0.57321	0.57322			6
2026.03.30	01:38:49.468	0.57320				2
2026.03.30	01:38:51.870	0.57322	0.57324			6
2026.03.30	01:38:52.771	0.57323				2
2026.03.30	01:38:53.670	0.57321	0.57322			6
2026.03.30	01:38:55.474	0.57320				2
2026.03.30	01:38:56.675	0.57321				2
2026.03.30	01:38:56.974	0.57320				2
2026.03.30	01:38:57.579	0.57319	0.57321			6
2026.03.30	01:38:57.876	0.57318	0.57320			6
2026.03.30	01:38:59.977	0.57320	0.57321			6
2026.03.30	01:39:00.280	0.57321	0.57323			6
2026.03.30	01:39:00.579	0.57320	0.57322			6
2026.03.30	01:39:01.478	0.57317	0.57319			6
2026.03.30	01:39:01.781	0.57318	0.57320			6
2026.03.30	01:39:03.278	0.57319	0.57321			6
2026.03.30	01:39:03.582	0.57317	0.57319			6
2026.03.30	01:39:03.882	0.57319	0.57321			6
2026.03.30	01:39:05.983	0.57320	0.57322			6
2026.03.30	01:39:12.294	0.57319	0.57321			6
2026.03.30	01:39:14.098	0.57320	0.57322			6
2026.03.30	01:39:14.395	0.57319	0.57321			6
2026.03.30	01:39:14.695	0.57320	0.57322			6
2026.03.30	01:39:14.994	0.57319	0.57321			6
2026.03.30	01:39:15.300	0.57318	0.57320			6
2026.03.30	01:39:18.298	0.57319				2
2026.03.30	01:39:18.901	0.57320	0.57321			6
2026.03.30	01:39:22.502		0.57322			4
2026.03.30	01:39:22.800		0.57321			4
2026.03.30	01:39:24.901		0.57322			4
2026.03.30	01:39:26.102		0.57321			4
2026.03.30	01:39:30.006	0.57319				2
2026.03.30	01:39:31.507	0.57320	0.57322			6
2026.03.30	01:39:32.110	0.57322	0.57323			6
2026.03.30	01:39:33.912		0.57324			4
2026.03.30	01:39:35.415	0.57320	0.57322			6
2026.03.30	01:39:37.216	0.57319	0.57321			6
2026.03.30	01:39:38.717	0.57317	0.57319			6
2026.03.30	01:39:39.016	0.57318				2
2026.03.30	01:39:42.021	0.57317				2
2026.03.30	01:40:00.043	0.57317				2
2026.03.30	01:40:00.643	0.57320	0.57322			6
2026.03.30	01:40:02.447	0.57323	0.57324			6
2026.03.30	01:40:04.243	0.57321	0.57323			6
2026.03.30	01:40:04.545	0.57322				2
2026.03.30	01:40:08.149		0.57324			4
2026.03.30	01:40:08.750	0.57321	0.57323			6
2026.03.30	01:40:11.149	0.57320	0.57321			6
2026.03.30	01:40:11.449	0.57319				2
2026.03.30	01:40:14.156	0.57320				2
2026.03.30	01:40:14.758	0.57319				2
2026.03.30	01:40:15.058		0.57320			4
2026.03.30	01:40:15.356	0.57314	0.57315			6
2026.03.30	01:40:16.259	0.57313	0.57316			6
2026.03.30	01:40:30.384	0.57314				2
2026.03.30	01:41:00.128	0.57314				2
2026.03.30	01:41:09.137	0.57315				2
2026.03.30	01:41:09.439		0.57317			4
2026.03.30	01:41:10.639	0.57314	0.57315			6
2026.03.30	01:41:10.938	0.57313				2
2026.03.30	01:41:12.141	0.57314	0.57316			6
2026.03.30	01:41:13.341		0.57315			4
2026.03.30	01:41:17.243	0.57313				2
2026.03.30	01:41:17.547	0.57314				2
2026.03.30	01:41:19.946	0.57313				2
2026.03.30	01:41:20.844	0.57314				2
2026.03.30	01:41:22.346		0.57316			4
2026.03.30	01:41:27.151		0.57315			4
2026.03.30	01:41:30.754		0.57316			4
2026.03.30	01:41:31.052	0.57313	0.57315			6
2026.03.30	01:41:37.960	0.57314				2
2026.03.30	01:41:38.263	0.57313				2
2026.03.30	01:41:42.768	0.57315	0.57316			6
2026.03.30	01:41:44.571		0.57317			4
2026.03.30	01:41:44.868	0.57316				2
2026.03.30	01:41:45.471	0.57315				2
2026.03.30	01:41:45.769		0.57316			4
2026.03.30	01:41:47.572	0.57314				2
2026.03.30	01:41:47.872		0.57315			4
2026.03.30	01:41:50.876	0.57313				2
2026.03.30	01:41:51.475	0.57314				2
2026.03.30	01:41:53.579	0.57313				2
2026.03.30	01:41:55.692		0.57314			4
2026.03.30	01:41:58.399	0.57311	0.57313			6
2026.03.30	01:41:59.301	0.57310	0.57312			6
2026.03.30	01:41:59.602	0.57311	0.57313			6
2026.03.30	01:42:00.202	0.57311				2
2026.03.30	01:42:01.104	0.57312				2
2026.03.30	01:42:02.304	0.57311				2
2026.03.30	01:42:03.205	0.57312	0.57314			6
2026.03.30	01:42:03.504		0.57313			4
2026.03.30	01:42:08.612	0.57311				2
2026.03.30	01:42:11.017	0.57312				2
2026.03.30	01:42:14.920	0.57311				2
2026.03.30	01:42:16.423	0.57312	0.57314			6
2026.03.30	01:42:18.223	0.57311	0.57313			6
2026.03.30	01:42:18.521		0.57312			4
2026.03.30	01:42:18.825	0.57310				2
2026.03.30	01:42:21.223	0.57311				2
2026.03.30	01:42:21.823	0.57310				2
2026.03.30	01:42:26.929	0.57311	0.57313			6
2026.03.30	01:42:28.130	0.57312				2
2026.03.30	01:42:31.134	0.57311				2
2026.03.30	01:42:32.637	0.57312				2
2026.03.30	01:42:34.138	0.57311				2
2026.03.30	01:42:34.441	0.57305	0.57307			6
2026.03.30	01:42:34.740	0.57304	0.57306			6
2026.03.30	01:42:35.338	0.57303				2
2026.03.30	01:42:36.540	0.57305	0.57308			6
2026.03.30	01:42:39.542	0.57304	0.57307			6
2026.03.30	01:42:39.843	0.57303	0.57306			6
2026.03.30	01:42:41.046	0.57304	0.57307			6
2026.03.30	01:42:47.947	0.57303	0.57306			6
2026.03.30	01:42:50.053	0.57302	0.57305			6
2026.03.30	01:43:00.262	0.57302	0.57304			6
2026.03.30	01:43:01.162	0.57303	0.57306			6
2026.03.30	01:43:01.461	0.57304	0.57307			6
2026.03.30	01:43:01.761	0.57303	0.57306			6
2026.03.30	01:43:02.360	0.57304				2
2026.03.30	01:43:03.266	0.57305	0.57307			6
2026.03.30	01:43:03.563	0.57306	0.57308			6
2026.03.30	01:43:04.163	0.57305				2
2026.03.30	01:43:07.767	0.57303	0.57306			6
2026.03.30	01:43:12.278	0.57304				2
2026.03.30	01:43:12.878	0.57306	0.57308			6
2026.03.30	01:43:13.174	0.57305				2
2026.03.30	01:43:13.477	0.57304	0.57307			6
2026.03.30	01:43:15.278	0.57305	0.57308			6
2026.03.30	01:43:18.285	0.57306	0.57309			6
2026.03.30	01:43:18.588	0.57307				2
2026.03.30	01:43:22.186		0.57310			4
2026.03.30	01:43:23.687	0.57308	0.57311			6
2026.03.30	01:43:30.600	0.57307	0.57310			6
2026.03.30	01:43:31.202	0.57305	0.57308			6
2026.03.30	01:43:32.404	0.57306	0.57309			6
2026.03.30	01:43:34.808	0.57303	0.57306			6
2026.03.30	01:43:37.512	0.57302	0.57305			6
2026.03.30	01:43:37.815	0.57301	0.57304			6
2026.03.30	01:43:39.015	0.57302				2
2026.03.30	01:43:39.315	0.57303				2
2026.03.30	01:43:44.421	0.57302				2
2026.03.30	01:43:45.319	0.57303				2
2026.03.30	01:43:46.827	0.57301	0.57303			6
2026.03.30	01:43:47.126	0.57302	0.57304			6
2026.03.30	01:43:47.422	0.57304	0.57306			6
2026.03.30	01:43:48.021	0.57303				2
2026.03.30	01:43:50.427	0.57300	0.57303			6
2026.03.30	01:43:54.329	0.57301	0.57304			6
2026.03.30	01:43:57.033	0.57302	0.57305			6
2026.03.30	01:43:57.331	0.57303				2
2026.03.30	01:44:00.035	0.57303				2
2026.03.30	01:44:08.748	0.57304				2
2026.03.30	01:44:10.245		0.57306			4
2026.03.30	01:44:10.849	0.57305	0.57307			6
2026.03.30	01:44:11.451	0.57306	0.57308			6
2026.03.30	01:44:12.353		0.57309			4
2026.03.30	01:44:14.151		0.57308			4
2026.03.30	01:44:15.055	0.57307	0.57309			6
2026.03.30	01:44:21.670	0.57308	0.57310			6
2026.03.30	01:44:21.965	0.57307	0.57309			6
2026.03.30	01:44:23.470	0.57306	0.57308			6
2026.03.30	01:44:23.767	0.57304	0.57306			6
2026.03.30	01:44:26.169	0.57306	0.57308			6
2026.03.30	01:44:27.371	0.57304	0.57307			6
2026.03.30	01:44:28.271	0.57305	0.57308			6
2026.03.30	01:44:32.481	0.57302	0.57305			6
2026.03.30	01:44:32.779	0.57301	0.57304			6
2026.03.30	01:44:42.994	0.57300	0.57303			6
2026.03.30	01:44:43.296	0.57301	0.57304			6
2026.03.30	01:44:46.302	0.57302				2
2026.03.30	01:44:46.902	0.57303	0.57305			6
2026.03.30	01:44:51.414	0.57304	0.57306			6
2026.03.30	01:44:58.915	0.57303	0.57305			6
2026.03.30	01:45:00.114	0.57303				2
2026.03.30	01:45:07.621	0.57302	0.57304			6
2026.03.30	01:45:11.222	0.57303				2
2026.03.30	01:45:11.522	0.57302				2
2026.03.30	01:45:16.794	0.57306	0.57308			6
2026.03.30	01:45:17.066	0.57305	0.57307			6
2026.03.30	01:45:18.858	0.57304	0.57306			6
2026.03.30	01:45:21.561	0.57303	0.57305			6
2026.03.30	01:45:22.460	0.57304	0.57306			6
2026.03.30	01:45:24.866	0.57303	0.57305			6
2026.03.30	01:45:27.327		0.57304			4
2026.03.30	01:45:28.226		0.57305			4
2026.03.30	01:45:29.127		0.57304			4
2026.03.30	01:45:30.326	0.57302				2
2026.03.30	01:45:36.034	0.57303	0.57305			6
2026.03.30	01:45:39.940	0.57304				2
2026.03.30	01:45:40.838	0.57303				2
2026.03.30	01:45:43.541	0.57304				2
2026.03.30	01:45:44.442	0.57303				2
2026.03.30	01:45:45.341	0.57302	0.57304			6
2026.03.30	01:45:50.747		0.57303			4
2026.03.30	01:45:51.349	0.57303	0.57304			6
2026.03.30	01:45:52.247		0.57305			4
2026.03.30	01:45:52.551	0.57304				2
2026.03.30	01:45:53.452	0.57303				2
2026.03.30	01:45:55.550	0.57304				2
2026.03.30	01:45:55.852	0.57303				2
2026.03.30	01:46:00.053	0.57303				2
2026.03.30	01:46:00.355	0.57304				2
2026.03.30	01:46:01.859	0.57303				2
2026.03.30	01:46:07.263	0.57304				2
2026.03.30	01:46:08.461	0.57303				2
2026.03.30	01:46:12.662	0.57304	0.57306			6
2026.03.30	01:46:17.169		0.57305			4
2026.03.30	01:46:20.469	0.57303				2
2026.03.30	01:46:27.078	0.57304				2
2026.03.30	01:46:29.783	0.57303				2
2026.03.30	01:46:32.788	0.57304	0.57306			6
2026.03.30	01:46:33.388		0.57305			4
2026.03.30	01:46:34.586	0.57305	0.57307			6
2026.03.30	01:46:42.997	0.57304	0.57305			6
2026.03.30	01:46:44.200	0.57303				2
2026.03.30	01:46:44.799	0.57304				2
2026.03.30	01:46:46.603		0.57306			4
2026.03.30	01:46:46.901		0.57305			4
2026.03.30	01:46:47.202		0.57306			4
2026.03.30	01:46:47.798		0.57305			4
2026.03.30	01:46:48.099		0.57306			4
2026.03.30	01:46:50.202		0.57305			4
2026.03.30	01:46:51.703		0.57306			4
2026.03.30	01:46:58.908		0.57305			4
2026.03.30	01:47:00.114	0.57304				2
2026.03.30	01:47:00.414		0.57306			4
2026.03.30	01:47:01.612		0.57305			4
2026.03.30	01:47:04.317		0.57306			4
2026.03.30	01:47:05.516		0.57305			4
2026.03.30	01:47:05.819	0.57306	0.57308			6
2026.03.30	01:47:06.118	0.57307				2
2026.03.30	01:47:07.322		0.57309			4
2026.03.30	01:47:07.621	0.57308				2
2026.03.30	01:47:09.419	0.57307				2
2026.03.30	01:47:17.829	0.57306	0.57308			6
2026.03.30	01:47:29.237	0.57307				2
2026.03.30	01:47:29.840	0.57305	0.57306			6
2026.03.30	01:47:32.238	0.57304				2
2026.03.30	01:47:33.740		0.57305			4
2026.03.30	01:47:38.847		0.57306			4
2026.03.30	01:47:43.050	0.57306	0.57307			6
2026.03.30	01:47:43.352	0.57305				2
2026.03.30	01:47:43.649	0.57306				2
2026.03.30	01:47:45.154	0.57305				2
2026.03.30	01:47:45.452	0.57306				2
2026.03.30	01:47:45.752	0.57305				2
2026.03.30	01:47:46.052	0.57306				2
2026.03.30	01:47:46.355	0.57305				2
2026.03.30	01:47:46.657	0.57306				2
2026.03.30	01:47:49.961	0.57305				2
2026.03.30	01:47:52.358	0.57306				2
2026.03.30	01:47:52.959	0.57305				2
2026.03.30	01:47:53.260	0.57308	0.57309			6
2026.03.30	01:47:53.563	0.57307				2
2026.03.30	01:47:56.565	0.57308	0.57310			6
2026.03.30	01:47:59.574	0.57309				2
2026.03.30	01:48:00.172	0.57309				2
2026.03.30	01:48:02.577		0.57311			4
2026.03.30	01:48:04.077	0.57310				2
2026.03.30	01:48:06.179	0.57305	0.57306			6
2026.03.30	01:48:06.480	0.57304				2
2026.03.30	01:48:20.597	0.57305	0.57307			6
2026.03.30	01:48:21.199	0.57304	0.57306			6
2026.03.30	01:48:28.709	0.57303	0.57305			6
2026.03.30	01:48:30.213	0.57304	0.57306			6
2026.03.30	01:48:40.421		0.57305			4
2026.03.30	01:48:41.022	0.57303				2
2026.03.30	01:48:44.331	0.57305	0.57307			6
2026.03.30	01:48:44.629	0.57306	0.57308			6
2026.03.30	01:48:45.827	0.57307	0.57309			6
2026.03.30	01:48:50.632		0.57308			4
2026.03.30	01:48:50.933		0.57309			4
2026.03.30	01:48:52.136	0.57306	0.57308			6
2026.03.30	01:49:00.250	0.57306				2
2026.03.30	01:49:02.951	0.57308	0.57310			6
2026.03.30	01:49:03.252	0.57306	0.57308			6
2026.03.30	01:49:15.260	0.57307				2
2026.03.30	01:49:17.059	0.57306				2
2026.03.30	01:49:33.576		0.57307			4
2026.03.30	01:49:33.875		0.57308			4
2026.03.30	01:49:34.479	0.57308	0.57310			6
2026.03.30	01:49:34.778		0.57309			4
2026.03.30	01:49:35.082		0.57310			4
2026.03.30	01:49:36.278	0.57309				2
2026.03.30	01:49:36.877	0.57308	0.57309			6
2026.03.30	01:49:37.176		0.57310			4
2026.03.30	01:49:43.182	0.57309				2
2026.03.30	01:49:43.481	0.57308				2
2026.03.30	01:49:48.290	0.57309				2
