<DATE>	<TIME>	<BID>	<ASK>	<LAST>	<VOLUME>	<FLAGS>
2026.01.22	00:03:30.537	0.58358	0.58448			6
2026.01.22	00:04:00.199	0.58354	0.58434			6
2026.01.22	00:04:17.935	0.58349	0.58424			6
2026.01.22	00:04:24.058	0.58358	0.58423			6
2026.01.22	00:04:25.932	0.58359	0.58424			6
2026.01.22	00:04:37.731	0.58364	0.58429			6
2026.01.22	00:04:47.757	0.58369				2
2026.01.22	00:04:48.078	0.58378	0.58446			6
2026.01.22	00:04:55.539	0.58396	0.58452			6
2026.01.22	00:05:00.204	0.58396				2
2026.01.22	00:05:55.539		0.58452			4
2026.01.22	00:06:00.198	0.58396				2
2026.01.22	00:06:55.772		0.58452			4
2026.01.22	00:07:00.281	0.58396				2
2026.01.22	00:07:41.423	0.58394	0.58450			6
2026.01.22	00:08:00.053	0.58394				2
2026.01.22	00:08:05.832	0.58410	0.58459			6
2026.01.22	00:08:06.174	0.58405	0.58461			6
2026.01.22	00:08:12.299	0.58410				2
2026.01.22	00:08:39.044		0.58460			4
2026.01.22	00:08:52.341		0.58461			4
2026.01.22	00:09:00.325	0.58410				2
2026.01.22	00:09:20.315		0.58460			4
2026.01.22	00:10:00.373	0.58406	0.58461			6
2026.01.22	00:10:12.542	0.58405				2
2026.01.22	00:10:14.796	0.58409	0.58465			6
2026.01.22	00:10:18.973	0.58410	0.58466			6
2026.01.22	00:10:29.603	0.58405	0.58461			6
2026.01.22	00:11:00.213	0.58405				2
2026.01.22	00:11:01.866	0.58390	0.58444			6
2026.01.22	00:11:02.170		0.58443			4
2026.01.22	00:11:06.339	0.58398				2
2026.01.22	00:11:10.511	0.58390				2
2026.01.22	00:11:11.504	0.58398				2
2026.01.22	00:11:19.184	0.58396	0.58446			6
2026.01.22	00:11:19.530		0.58445			4
2026.01.22	00:11:22.744	0.58389				2
2026.01.22	00:11:23.999	0.58396				2
2026.01.22	00:11:29.168	0.58389				2
2026.01.22	00:11:30.123	0.58396				2
2026.01.22	00:11:35.593	0.58389				2
2026.01.22	00:11:36.548	0.58396				2
2026.01.22	00:12:00.035	0.58396				2
2026.01.22	00:12:19.612		0.58445			4
2026.01.22	00:12:46.306		0.58441			4
2026.01.22	00:12:48.866		0.58445			4
2026.01.22	00:13:00.110	0.58396				2
2026.01.22	00:13:49.053		0.58445			4
2026.01.22	00:14:00.295	0.58396				2
2026.01.22	00:14:13.446	0.58395				2
2026.01.22	00:14:49.226		0.58445			4
2026.01.22	00:15:00.071	0.58395				2
2026.01.22	00:15:03.331	0.58409				2
2026.01.22	00:15:03.635	0.58395				2
2026.01.22	00:15:04.241	0.58409				2
2026.01.22	00:15:04.563	0.58395				2
2026.01.22	00:15:04.887	0.58409				2
2026.01.22	00:15:05.189	0.58395				2
2026.01.22	00:15:05.491	0.58409				2
2026.01.22	00:15:05.793	0.58395				2
2026.01.22	00:15:06.141	0.58409				2
2026.01.22	00:15:06.444	0.58395				2
2026.01.22	00:18:56.913	0.58395	0.58456			6
2026.01.22	00:18:57.352		0.58445			4
2026.01.22	00:19:00.336	0.58395				2
2026.01.22	00:19:57.601		0.58445			4
2026.01.22	00:20:00.211	0.58395				2
2026.01.22	00:20:00.560		0.58456			4
2026.01.22	00:20:25.559	0.58394	0.58451			6
2026.01.22	00:21:00.325	0.58394				2
2026.01.22	00:21:38.168		0.58451			4
2026.01.22	00:22:07.967	0.58394				2
2026.01.22	00:22:40.900		0.58451			4
2026.01.22	00:23:00.466	0.58394				2
2026.01.22	00:23:50.325		0.58451			4
2026.01.22	00:24:01.137	0.58394				2
2026.01.22	00:24:52.979		0.58451			4
2026.01.22	00:25:00.315	0.58394				2
2026.01.22	00:25:42.304	0.58393				2
2026.01.22	00:25:55.867		0.58451			4
2026.01.22	00:26:00.397	0.58393				2
2026.01.22	00:27:00.325	0.58393	0.58451			6
2026.01.22	00:28:02.093	0.58393	0.58451			6
2026.01.22	00:29:00.313	0.58393				2
2026.01.22	00:29:04.869		0.58451			4
2026.01.22	00:29:22.683	0.58392				2
2026.01.22	00:29:48.912		0.58455			4
2026.01.22	00:29:50.313		0.58456			4
2026.01.22	00:30:00.731	0.58386				2
2026.01.22	00:30:01.044	0.58380	0.58454			6
2026.01.22	00:30:01.626	0.58378				2
2026.01.22	00:30:02.147	0.58374				2
2026.01.22	00:30:03.528		0.58453			4
2026.01.22	00:30:06.510		0.58454			4
2026.01.22	00:30:07.773	0.58377	0.58455			6
2026.01.22	00:30:10.365	0.58387	0.58456			6
2026.01.22	00:30:10.682	0.58390				2
2026.01.22	00:30:11.038	0.58392	0.58457			6
2026.01.22	00:30:11.476		0.58456			4
2026.01.22	00:30:11.811		0.58455			4
2026.01.22	00:30:13.568		0.58454			4
2026.01.22	00:30:14.780	0.58385	0.58455			6
2026.01.22	00:30:15.669		0.58456			4
2026.01.22	00:30:16.756	0.58391	0.58458			6
2026.01.22	00:30:17.079	0.58392	0.58457			6
2026.01.22	00:30:17.486		0.58456			4
2026.01.22	00:30:18.379	0.58391	0.58457			6
2026.01.22	00:30:18.737	0.58392				2
2026.01.22	00:30:19.046		0.58458			4
2026.01.22	00:30:19.349		0.58456			4
2026.01.22	00:30:20.718	0.58393				2
2026.01.22	00:30:21.040	0.58392				2
2026.01.22	00:30:21.376	0.58402	0.58448			6
2026.01.22	00:30:23.555	0.58401				2
2026.01.22	00:30:25.938	0.58397	0.58445			6
2026.01.22	00:30:27.346	0.58399				2
2026.01.22	00:30:31.922	0.58398				2
2026.01.22	00:30:51.167	0.58399				2
2026.01.22	00:30:51.505	0.58400				2
2026.01.22	00:30:51.947	0.58399				2
2026.01.22	00:31:00.404	0.58399				2
2026.01.22	00:31:20.239	0.58389				2
2026.01.22	00:31:20.546	0.58387				2
2026.01.22	00:31:30.325		0.58445			4
2026.01.22	00:31:30.976	0.58399				2
2026.01.22	00:31:32.355	0.58388				2
2026.01.22	00:31:32.689	0.58387				2
2026.01.22	00:31:33.040	0.58386				2
2026.01.22	00:31:35.864	0.58384				2
2026.01.22	00:31:40.974	0.58385				2
2026.01.22	00:31:45.618	0.58397				2
2026.01.22	00:31:46.361	0.58384				2
2026.01.22	00:31:46.671		0.58446			4
2026.01.22	00:31:48.530	0.58398	0.58444			6
2026.01.22	00:31:49.668	0.58399	0.58446			6
2026.01.22	00:31:49.984	0.58385				2
2026.01.22	00:31:55.432	0.58395	0.58445			6
2026.01.22	00:31:55.758	0.58396				2
2026.01.22	00:31:56.288		0.58446			4
2026.01.22	00:32:00.074	0.58396				2
2026.01.22	00:32:01.059	0.58388				2
2026.01.22	00:32:02.138	0.58387	0.58444			6
2026.01.22	00:32:06.785		0.58443			4
2026.01.22	00:32:12.280	0.58388	0.58444			6
2026.01.22	00:32:12.584	0.58394				2
2026.01.22	00:32:15.702	0.58389	0.58441			6
2026.01.22	00:32:21.577	0.58392				2
2026.01.22	00:32:23.030	0.58389				2
2026.01.22	00:32:23.436	0.58392				2
2026.01.22	00:32:24.359	0.58389				2
2026.01.22	00:32:24.879	0.58394	0.58444			6
2026.01.22	00:32:25.322	0.58389	0.58443			6
2026.01.22	00:32:25.643	0.58393	0.58442			6
2026.01.22	00:32:30.283	0.58394	0.58444			6
2026.01.22	00:32:31.130		0.58443			4
2026.01.22	00:32:43.278	0.58393	0.58444			6
2026.01.22	00:32:43.639	0.58394	0.58443			6
2026.01.22	00:32:48.252	0.58390	0.58441			6
2026.01.22	00:32:48.632	0.58388				2
2026.01.22	00:32:58.236	0.58389	0.58440			6
2026.01.22	00:32:59.427	0.58393	0.58443			6
2026.01.22	00:32:59.772	0.58392				2
2026.01.22	00:33:00.809	0.58392				2
2026.01.22	00:33:02.310	0.58391	0.58442			6
2026.01.22	00:33:04.819	0.58390	0.58441			6
2026.01.22	00:33:06.925		0.58440			4
2026.01.22	00:33:08.491	0.58393	0.58441			6
2026.01.22	00:33:10.372	0.58395	0.58445			6
2026.01.22	00:33:10.728	0.58393	0.58442			6
2026.01.22	00:33:14.754	0.58394				2
2026.01.22	00:33:16.578	0.58391	0.58440			6
2026.01.22	00:33:30.809	0.58393	0.58441			6
2026.01.22	00:33:31.449		0.58442			4
2026.01.22	00:33:41.748	0.58392				2
2026.01.22	00:33:51.017	0.58393	0.58443			6
2026.01.22	00:34:00.810	0.58393				2
2026.01.22	00:34:01.224	0.58392	0.58442			6
2026.01.22	00:34:23.280	0.58398	0.58451			6
2026.01.22	00:34:23.688	0.58397	0.58454			6
2026.01.22	00:34:24.005	0.58398	0.58460			6
2026.01.22	00:34:24.309		0.58457			4
2026.01.22	00:34:25.315	0.58400				2
2026.01.22	00:34:25.739		0.58453			4
2026.01.22	00:34:28.335		0.58450			4
2026.01.22	00:34:31.001	0.58399	0.58451			6
2026.01.22	00:34:33.852		0.58449			4
2026.01.22	00:34:37.821		0.58451			4
2026.01.22	00:34:39.746		0.58452			4
2026.01.22	00:34:40.310	0.58396				2
2026.01.22	00:34:40.619	0.58397	0.58449			6
2026.01.22	00:34:47.325		0.58448			4
2026.01.22	00:34:48.850		0.58450			4
2026.01.22	00:34:57.172		0.58452			4
2026.01.22	00:34:59.203		0.58451			4
2026.01.22	00:35:00.722	0.58398	0.58452			6
2026.01.22	00:35:01.162	0.58397	0.58451			6
2026.01.22	00:35:01.478		0.58448			4
2026.01.22	00:35:03.769	0.58399				2
2026.01.22	00:35:04.268		0.58449			4
2026.01.22	00:35:04.783		0.58448			4
2026.01.22	00:35:05.968		0.58449			4
2026.01.22	00:35:06.363		0.58448			4
2026.01.22	00:35:14.559	0.58400	0.58450			6
2026.01.22	00:35:15.003	0.58397				2
2026.01.22	00:35:15.323		0.58449			4
2026.01.22	00:35:15.676	0.58396	0.58450			6
2026.01.22	00:35:16.066		0.58447			4
2026.01.22	00:35:18.852	0.58398	0.58450			6
2026.01.22	00:35:19.160	0.58397				2
2026.01.22	00:35:19.463	0.58398	0.58451			6
2026.01.22	00:35:20.181	0.58399	0.58447			6
2026.01.22	00:35:23.264		0.58451			4
2026.01.22	00:35:23.852	0.58401				2
2026.01.22	00:35:27.102		0.58448			4
2026.01.22	00:35:29.377	0.58397	0.58452			6
2026.01.22	00:35:29.801	0.58398	0.58449			6
2026.01.22	00:35:30.107	0.58399				2
2026.01.22	00:35:30.413	0.58401	0.58448			6
2026.01.22	00:35:30.915	0.58398	0.58450			6
2026.01.22	00:35:31.222	0.58401	0.58449			6
2026.01.22	00:35:31.527	0.58399				2
2026.01.22	00:35:31.829	0.58397	0.58450			6
2026.01.22	00:35:32.139	0.58396				2
2026.01.22	00:35:32.490	0.58401	0.58447			6
2026.01.22	00:35:32.883	0.58397	0.58451			6
2026.01.22	00:35:33.497	0.58401	0.58448			6
2026.01.22	00:35:38.291		0.58450			4
2026.01.22	00:35:38.835		0.58448			4
2026.01.22	00:35:39.168		0.58450			4
2026.01.22	00:35:48.853	0.58403				2
2026.01.22	00:35:49.456		0.58449			4
2026.01.22	00:35:49.782		0.58451			4
2026.01.22	00:35:50.410		0.58449			4
2026.01.22	00:35:50.715		0.58450			4
2026.01.22	00:35:51.795		0.58449			4
2026.01.22	00:35:52.112		0.58450			4
2026.01.22	00:35:52.434		0.58449			4
2026.01.22	00:35:52.752		0.58450			4
2026.01.22	00:35:53.075		0.58449			4
2026.01.22	00:35:53.917		0.58450			4
2026.01.22	00:36:01.517	0.58403				2
2026.01.22	00:36:07.174		0.58449			4
2026.01.22	00:36:11.449		0.58450			4
2026.01.22	00:36:14.017		0.58451			4
2026.01.22	00:36:14.844		0.58450			4
2026.01.22	00:36:21.404		0.58449			4
2026.01.22	00:36:22.041		0.58451			4
2026.01.22	00:36:22.364		0.58449			4
2026.01.22	00:36:23.027		0.58450			4
2026.01.22	00:36:23.669		0.58449			4
2026.01.22	00:36:23.997	0.58398	0.58450			6
2026.01.22	00:36:24.793		0.58447			4
2026.01.22	00:36:25.232	0.58397	0.58453			6
2026.01.22	00:36:25.566	0.58399	0.58448			6
2026.01.22	00:36:26.201	0.58397	0.58447			6
2026.01.22	00:36:27.071	0.58398	0.58446			6
2026.01.22	00:36:27.389	0.58399	0.58448			6
2026.01.22	00:36:27.710	0.58403				2
2026.01.22	00:36:28.017	0.58399	0.58447			6
2026.01.22	00:36:28.733		0.58448			4
2026.01.22	00:36:33.855	0.58397	0.58451			6
2026.01.22	00:36:34.277	0.58396	0.58450			6
2026.01.22	00:36:34.594	0.58397	0.58446			6
2026.01.22	00:36:35.045	0.58396				2
2026.01.22	00:36:35.368	0.58397	0.58447			6
2026.01.22	00:36:35.758	0.58400	0.58450			6
2026.01.22	00:36:36.104	0.58398	0.58448			6
2026.01.22	00:36:40.994	0.58400	0.58450			6
2026.01.22	00:36:41.570	0.58398	0.58446			6
2026.01.22	00:36:42.721	0.58397	0.58448			6
2026.01.22	00:36:45.884	0.58399	0.58447			6
2026.01.22	00:36:46.304	0.58398				2
2026.01.22	00:36:50.660	0.58397	0.58449			6
2026.01.22	00:36:51.138	0.58398				2
2026.01.22	00:36:51.537	0.58399	0.58448			6
2026.01.22	00:36:51.857	0.58398				2
2026.01.22	00:36:52.180	0.58399				2
2026.01.22	00:36:55.727		0.58449			4
2026.01.22	00:37:00.970	0.58399	0.58448			6
2026.01.22	00:37:03.132	0.58400	0.58449			6
2026.01.22	00:37:03.826	0.58398	0.58448			6
2026.01.22	00:37:04.165	0.58399	0.58447			6
2026.01.22	00:37:04.755	0.58397				2
2026.01.22	00:37:05.116	0.58396	0.58451			6
2026.01.22	00:37:05.425	0.58398				2
2026.01.22	00:37:05.736	0.58399	0.58447			6
2026.01.22	00:37:07.854	0.58398				2
2026.01.22	00:37:08.251	0.58397	0.58446			6
2026.01.22	00:37:08.577	0.58399	0.58447			6
2026.01.22	00:37:09.273	0.58398				2
2026.01.22	00:37:09.583	0.58399				2
2026.01.22	00:37:10.258	0.58397	0.58450			6
2026.01.22	00:37:16.035	0.58399	0.58448			6
2026.01.22	00:37:16.386	0.58398	0.58446			6
2026.01.22	00:37:17.296	0.58397				2
2026.01.22	00:37:17.850	0.58399	0.58448			6
2026.01.22	00:37:30.977		0.58449			4
2026.01.22	00:37:31.385	0.58398	0.58446			6
2026.01.22	00:37:31.687	0.58400	0.58448			6
2026.01.22	00:37:32.077	0.58399	0.58447			6
2026.01.22	00:37:35.562	0.58398	0.58446			6
2026.01.22	00:37:41.495	0.58399	0.58449			6
2026.01.22	00:37:42.387	0.58400	0.58448			6
2026.01.22	00:37:42.835	0.58399	0.58447			6
2026.01.22	00:37:43.178	0.58400	0.58446			6
2026.01.22	00:37:43.601		0.58448			4
2026.01.22	00:37:45.626	0.58399				2
2026.01.22	00:37:45.970	0.58401				2
2026.01.22	00:37:55.304	0.58400				2
2026.01.22	00:38:04.378	0.58400				2
2026.01.22	00:38:05.516	0.58399				2
2026.01.22	00:38:06.131	0.58398	0.58450			6
2026.01.22	00:38:06.939	0.58399	0.58451			6
2026.01.22	00:38:08.402	0.58400	0.58449			6
2026.01.22	00:38:10.377	0.58403	0.58450			6
2026.01.22	00:38:11.001		0.58451			4
2026.01.22	00:38:11.441	0.58402	0.58450			6
2026.01.22	00:38:12.282	0.58405	0.58453			6
2026.01.22	00:38:13.000	0.58408	0.58456			6
2026.01.22	00:38:14.859	0.58407	0.58455			6
2026.01.22	00:38:15.702		0.58456			4
2026.01.22	00:38:16.587		0.58457			4
2026.01.22	00:38:16.945	0.58408	0.58456			6
2026.01.22	00:38:17.319		0.58455			4
2026.01.22	00:38:18.343	0.58407	0.58454			6
2026.01.22	00:38:18.712	0.58408	0.58456			6
2026.01.22	00:38:19.364		0.58455			4
2026.01.22	00:38:20.125	0.58407				2
2026.01.22	00:38:20.451	0.58406	0.58454			6
2026.01.22	00:38:20.770		0.58453			4
2026.01.22	00:38:21.079		0.58452			4
2026.01.22	00:38:21.609	0.58400	0.58453			6
2026.01.22	00:38:22.777	0.58404	0.58451			6
2026.01.22	00:38:23.243	0.58401	0.58448			6
2026.01.22	00:38:23.555	0.58402	0.58449			6
2026.01.22	00:38:23.863	0.58404	0.58450			6
2026.01.22	00:38:24.331		0.58451			4
2026.01.22	00:38:24.647	0.58403	0.58450			6
2026.01.22	00:38:25.074	0.58405	0.58452			6
2026.01.22	00:38:25.430	0.58403	0.58450			6
2026.01.22	00:39:02.310	0.58400	0.58453			6
2026.01.22	00:39:02.778	0.58404	0.58451			6
2026.01.22	00:39:08.463	0.58406	0.58452			6
2026.01.22	00:39:08.785	0.58400	0.58454			6
2026.01.22	00:39:09.108	0.58403	0.58449			6
2026.01.22	00:39:09.425	0.58404	0.58451			6
2026.01.22	00:39:09.824	0.58401	0.58448			6
2026.01.22	00:39:12.305	0.58403				2
2026.01.22	00:39:13.047		0.58451			4
2026.01.22	00:39:13.377		0.58449			4
2026.01.22	00:39:13.807		0.58448			4
2026.01.22	00:39:14.195		0.58449			4
2026.01.22	00:39:14.506	0.58408	0.58455			6
2026.01.22	00:39:16.230	0.58409	0.58456			6
2026.01.22	00:39:18.066	0.58408	0.58455			6
2026.01.22	00:39:20.256	0.58407	0.58454			6
2026.01.22	00:39:20.597	0.58406	0.58452			6
2026.01.22	00:39:25.602		0.58453			4
2026.01.22	00:39:41.729		0.58452			4
2026.01.22	00:39:55.673	0.58403				2
2026.01.22	00:39:56.000	0.58407	0.58453			6
2026.01.22	00:40:14.512	0.58408	0.58454			6
2026.01.22	00:40:15.574	0.58409	0.58456			6
2026.01.22	00:40:16.034	0.58407	0.58453			6
2026.01.22	00:40:19.608	0.58406				2
2026.01.22	00:40:42.264	0.58409	0.58460			6
2026.01.22	00:40:44.306	0.58407	0.58462			6
2026.01.22	00:40:44.629	0.58406				2
2026.01.22	00:40:44.959		0.58461			4
2026.01.22	00:40:50.814	0.58408	0.58457			6
2026.01.22	00:40:51.150	0.58409	0.58458			6
2026.01.22	00:40:52.401		0.58457			4
2026.01.22	00:40:53.619	0.58410	0.58459			6
2026.01.22	00:40:53.959	0.58407				2
2026.01.22	00:40:57.085	0.58405	0.58458			6
2026.01.22	00:40:57.398		0.58457			4
2026.01.22	00:40:57.713	0.58406	0.58453			6
2026.01.22	00:40:58.039	0.58405	0.58452			6
2026.01.22	00:40:58.385		0.58456			4
2026.01.22	00:40:59.035	0.58407	0.58454			6
2026.01.22	00:40:59.423		0.58452			4
2026.01.22	00:40:59.730	0.58405				2
2026.01.22	00:41:03.953	0.58408	0.58455			6
2026.01.22	00:41:04.351	0.58407	0.58454			6
2026.01.22	00:41:04.988	0.58408	0.58455			6
2026.01.22	00:41:05.940	0.58409	0.58456			6
2026.01.22	00:41:06.724	0.58405	0.58457			6
2026.01.22	00:41:07.515	0.58406	0.58453			6
2026.01.22	00:41:07.822		0.58452			4
2026.01.22	00:41:08.182		0.58453			4
2026.01.22	00:41:12.494	0.58408	0.58454			6
2026.01.22	00:41:12.799	0.58406	0.58453			6
2026.01.22	00:41:13.123	0.58405	0.58451			6
2026.01.22	00:41:13.614	0.58406	0.58453			6
2026.01.22	00:41:14.298		0.58452			4
2026.01.22	00:41:15.307	0.58405	0.58451			6
2026.01.22	00:41:22.908		0.58452			4
2026.01.22	00:41:23.222	0.58406	0.58453			6
2026.01.22	00:41:23.616	0.58405	0.58451			6
2026.01.22	00:41:23.936	0.58407	0.58454			6
2026.01.22	00:41:29.052	0.58405	0.58452			6
2026.01.22	00:41:37.625		0.58451			4
2026.01.22	00:41:42.648	0.58407	0.58454			6
2026.01.22	00:41:43.041	0.58406	0.58453			6
2026.01.22	00:41:43.963	0.58411				2
2026.01.22	00:41:51.065		0.58454			4
2026.01.22	00:41:51.382		0.58453			4
2026.01.22	00:41:51.734		0.58452			4
2026.01.22	00:41:52.112		0.58453			4
2026.01.22	00:41:52.636		0.58452			4
2026.01.22	00:41:58.462	0.58410	0.58453			6
2026.01.22	00:41:59.787		0.58452			4
2026.01.22	00:42:02.820	0.58410				2
2026.01.22	00:42:07.740	0.58411	0.58454			6
2026.01.22	00:42:08.140		0.58453			4
2026.01.22	00:42:12.645	0.58410				2
2026.01.22	00:42:22.953	0.58411				2
2026.01.22	00:42:29.093		0.58452			4
2026.01.22	00:42:33.623		0.58453			4
2026.01.22	00:42:33.981		0.58454			4
2026.01.22	00:42:34.362		0.58452			4
2026.01.22	00:42:34.667		0.58454			4
2026.01.22	00:42:35.358		0.58453			4
2026.01.22	00:42:42.216		0.58452			4
2026.01.22	00:42:44.494		0.58453			4
2026.01.22	00:42:56.524		0.58452			4
2026.01.22	00:42:57.498	0.58410				2
2026.01.22	00:43:00.246	0.58410				2
2026.01.22	00:43:01.192		0.58453			4
2026.01.22	00:43:01.716		0.58452			4
2026.01.22	00:43:07.792	0.58411	0.58454			6
2026.01.22	00:43:08.693		0.58453			4
2026.01.22	00:43:09.436		0.58452			4
2026.01.22	00:43:10.154	0.58416	0.58461			6
2026.01.22	00:43:10.464	0.58412	0.58463			6
2026.01.22	00:43:11.539	0.58410	0.58465			6
2026.01.22	00:43:11.871		0.58461			4
2026.01.22	00:43:12.183		0.58464			4
2026.01.22	00:43:12.577		0.58459			4
2026.01.22	00:43:13.068		0.58460			4
2026.01.22	00:43:13.854		0.58459			4
2026.01.22	00:43:15.422		0.58458			4
2026.01.22	00:43:20.600		0.58459			4
2026.01.22	00:43:20.962		0.58458			4
2026.01.22	00:43:25.233		0.58460			4
2026.01.22	00:43:25.563		0.58455			4
2026.01.22	00:43:25.908		0.58458			4
2026.01.22	00:43:28.532	0.58411				2
2026.01.22	00:43:34.490		0.58455			4
2026.01.22	00:43:40.225	0.58409	0.58453			6
2026.01.22	00:43:48.398	0.58406	0.58454			6
2026.01.22	00:43:48.845		0.58455			4
2026.01.22	00:43:49.177		0.58452			4
2026.01.22	00:43:49.481	0.58410				2
2026.01.22	00:43:51.080	0.58409	0.58453			6
2026.01.22	00:43:51.460		0.58452			4
2026.01.22	00:43:52.619		0.58453			4
2026.01.22	00:43:52.977	0.58406	0.58454			6
2026.01.22	00:43:53.332		0.58453			4
2026.01.22	00:43:54.648	0.58405	0.58454			6
2026.01.22	00:43:54.969		0.58452			4
2026.01.22	00:43:55.419		0.58451			4
2026.01.22	00:43:58.593		0.58452			4
2026.01.22	00:44:04.753	0.58405	0.58451			6
2026.01.22	00:44:10.237	0.58406	0.58452			6
2026.01.22	00:44:10.571	0.58405				2
2026.01.22	00:44:13.883	0.58407				2
2026.01.22	00:44:14.217	0.58406	0.58453			6
2026.01.22	00:44:25.632	0.58408				2
2026.01.22	00:44:25.997	0.58407	0.58451			6
2026.01.22	00:44:26.301	0.58408	0.58453			6
2026.01.22	00:44:27.109	0.58407				2
2026.01.22	00:44:27.432		0.58452			4
2026.01.22	00:44:27.765	0.58408	0.58453			6
2026.01.22	00:44:28.867	0.58406	0.58452			6
2026.01.22	00:44:29.319	0.58405				2
2026.01.22	00:44:35.497	0.58407	0.58451			6
2026.01.22	00:44:35.811	0.58406	0.58452			6
2026.01.22	00:44:40.268	0.58407	0.58453			6
2026.01.22	00:44:41.003		0.58451			4
2026.01.22	00:44:51.166	0.58406	0.58452			6
2026.01.22	00:45:00.748	0.58406				2
2026.01.22	00:45:12.642	0.58419	0.58450			6
2026.01.22	00:45:14.819		0.58449			4
2026.01.22	00:45:25.226	0.58418				2
2026.01.22	00:45:26.029	0.58419				2
2026.01.22	00:45:26.601	0.58418				2
2026.01.22	00:45:29.363	0.58419	0.58448			6
2026.01.22	00:45:34.411	0.58420	0.58447			6
2026.01.22	00:45:35.530	0.58419	0.58451			6
2026.01.22	00:45:36.480		0.58450			4
2026.01.22	00:45:37.517		0.58451			4
2026.01.22	00:45:37.839		0.58449			4
2026.01.22	00:45:40.226	0.58417	0.58450			6
2026.01.22	00:45:40.608		0.58449			4
2026.01.22	00:45:41.547		0.58450			4
2026.01.22	00:45:46.268		0.58449			4
2026.01.22	00:45:49.871		0.58450			4
2026.01.22	00:45:50.343	0.58418				2
2026.01.22	00:45:51.369		0.58451			4
2026.01.22	00:45:55.225	0.58417	0.58450			6
2026.01.22	00:45:55.551	0.58418	0.58449			6
2026.01.22	00:45:57.532	0.58417				2
2026.01.22	00:45:58.856	0.58422	0.58455			6
2026.01.22	00:45:59.312	0.58417	0.58449			6
2026.01.22	00:45:59.763		0.58448			4
2026.01.22	00:46:00.521	0.58421	0.58456			6
2026.01.22	00:46:00.901	0.58422	0.58455			6
2026.01.22	00:46:01.224	0.58420	0.58447			6
2026.01.22	00:46:07.636	0.58413	0.58450			6
2026.01.22	00:46:08.049	0.58412	0.58449			6
2026.01.22	00:46:08.691		0.58450			4
2026.01.22	00:46:09.013		0.58449			4
2026.01.22	00:46:09.339		0.58448			4
2026.01.22	00:46:10.225	0.58413				2
2026.01.22	00:46:10.626	0.58421	0.58449			6
2026.01.22	00:46:10.976	0.58412	0.58448			6
2026.01.22	00:46:11.611	0.58421	0.58449			6
2026.01.22	00:46:12.244	0.58411	0.58448			6
2026.01.22	00:46:12.550	0.58412	0.58447			6
2026.01.22	00:46:14.437	0.58422	0.58449			6
2026.01.22	00:46:14.753	0.58415	0.58447			6
2026.01.22	00:46:15.058	0.58413	0.58446			6
2026.01.22	00:46:15.453	0.58412	0.58447			6
2026.01.22	00:46:16.526	0.58413	0.58446			6
2026.01.22	00:46:16.870	0.58412	0.58447			6
2026.01.22	00:46:18.480	0.58410	0.58446			6
2026.01.22	00:46:19.131		0.58445			4
2026.01.22	00:46:23.267		0.58446			4
2026.01.22	00:46:25.898		0.58447			4
2026.01.22	00:46:26.621		0.58446			4
2026.01.22	00:46:26.945		0.58447			4
2026.01.22	00:46:28.308		0.58446			4
2026.01.22	00:46:49.055		0.58444			4
2026.01.22	00:46:49.370		0.58443			4
2026.01.22	00:47:00.324	0.58410				2
2026.01.22	00:47:03.315	0.58403	0.58449			6
2026.01.22	00:47:06.219		0.58447			4
2026.01.22	00:47:06.871	0.58410	0.58444			6
2026.01.22	00:47:07.642	0.58408				2
2026.01.22	00:47:16.125	0.58410	0.58443			6
2026.01.22	00:47:18.484	0.58409				2
2026.01.22	00:47:22.268	0.58408	0.58444			6
2026.01.22	00:47:24.875		0.58443			4
2026.01.22	00:47:25.202		0.58444			4
2026.01.22	00:47:27.518		0.58443			4
2026.01.22	00:47:32.785		0.58444			4
2026.01.22	00:47:38.326		0.58445			4
2026.01.22	00:47:41.154		0.58443			4
2026.01.22	00:47:44.632		0.58441			4
2026.01.22	00:47:44.959		0.58442			4
2026.01.22	00:47:47.829		0.58443			4
2026.01.22	00:47:49.818		0.58444			4
2026.01.22	00:47:51.173	0.58421				2
2026.01.22	00:47:54.436	0.58408	0.58433			6
2026.01.22	00:47:54.878		0.58444			4
2026.01.22	00:47:58.464		0.58443			4
2026.01.22	00:47:58.823	0.58410	0.58444			6
2026.01.22	00:48:00.315	0.58410				2
2026.01.22	00:48:01.545	0.58409	0.58445			6
2026.01.22	00:48:02.023	0.58411	0.58443			6
2026.01.22	00:48:03.665	0.58412	0.58442			6
2026.01.22	00:48:04.721	0.58411	0.58443			6
2026.01.22	00:48:05.269	0.58410	0.58444			6
2026.01.22	00:48:06.011	0.58409	0.58445			6
2026.01.22	00:48:11.193	0.58410	0.58444			6
2026.01.22	00:48:11.512	0.58409	0.58445			6
2026.01.22	00:48:12.819	0.58410	0.58444			6
2026.01.22	00:48:13.166	0.58408	0.58446			6
2026.01.22	00:48:13.508	0.58410	0.58444			6
2026.01.22	00:48:18.184	0.58408	0.58446			6
2026.01.22	00:48:20.495	0.58410	0.58444			6
2026.01.22	00:48:20.811	0.58409	0.58445			6
2026.01.22	00:48:21.177	0.58408	0.58446			6
2026.01.22	00:48:22.093	0.58409	0.58445			6
2026.01.22	00:48:24.661	0.58407	0.58447			6
2026.01.22	00:48:38.315	0.58408	0.58446			6
2026.01.22	00:48:52.148	0.58407	0.58447			6
2026.01.22	00:48:52.896	0.58408	0.58446			6
2026.01.22	00:48:56.600	0.58406				2
2026.01.22	00:48:57.274		0.58447			4
2026.01.22	00:49:03.484	0.58406				2
2026.01.22	00:49:03.920		0.58448			4
2026.01.22	00:49:04.285		0.58447			4
2026.01.22	00:49:04.979		0.58449			4
2026.01.22	00:49:07.220		0.58446			4
2026.01.22	00:49:10.216		0.58447			4
2026.01.22	00:49:11.205		0.58448			4
2026.01.22	00:49:16.444		0.58447			4
2026.01.22	00:49:20.580		0.58448			4
2026.01.22	00:49:21.221		0.58449			4
2026.01.22	00:49:21.539		0.58448			4
2026.01.22	00:49:25.225	0.58408	0.58449			6
2026.01.22	00:49:27.303		0.58448			4
2026.01.22	00:49:28.374		0.58446			4
2026.01.22	00:49:29.209		0.58447			4
2026.01.22	00:49:31.637		0.58446			4
2026.01.22	00:49:32.277		0.58448			4
2026.01.22	00:49:39.070		0.58449			4
2026.01.22	00:49:47.025		0.58447			4
2026.01.22	00:49:48.004		0.58448			4
2026.01.22	00:49:48.351		0.58447			4
2026.01.22	00:49:49.282		0.58448			4
2026.01.22	00:49:54.402		0.58447			4
2026.01.22	00:50:00.305	0.58408				2
2026.01.22	00:50:06.801	0.58407	0.58448			6
2026.01.22	00:50:13.517		0.58449			4
2026.01.22	00:50:27.302		0.58451			4
2026.01.22	00:50:32.140		0.58450			4
2026.01.22	00:50:36.474		0.58451			4
2026.01.22	00:50:36.792		0.58450			4
2026.01.22	00:50:37.115		0.58451			4
2026.01.22	00:50:37.440		0.58450			4
2026.01.22	00:50:40.227	0.58409				2
2026.01.22	00:50:42.240		0.58449			4
2026.01.22	00:50:42.557		0.58450			4
2026.01.22	00:50:43.602		0.58449			4
2026.01.22	00:50:44.271		0.58450			4
2026.01.22	00:50:44.592		0.58451			4
2026.01.22	00:50:45.256		0.58450			4
2026.01.22	00:50:45.578		0.58449			4
2026.01.22	00:50:45.895		0.58450			4
2026.01.22	00:50:50.325	0.58406				2
2026.01.22	00:50:50.628	0.58408	0.58448			6
2026.01.22	00:50:53.829		0.58449			4
2026.01.22	00:50:55.106	0.58411	0.58450			6
2026.01.22	00:50:55.468		0.58451			4
2026.01.22	00:50:55.786		0.58450			4
2026.01.22	00:50:56.751		0.58449			4
2026.01.22	00:51:00.376	0.58410				2
2026.01.22	00:51:00.695		0.58450			4
2026.01.22	00:51:06.229		0.58446			4
2026.01.22	00:51:11.149	0.58411				2
2026.01.22	00:51:21.215		0.58445			4
2026.01.22	00:51:24.825		0.58446			4
2026.01.22	00:51:32.038		0.58445			4
2026.01.22	00:51:38.244		0.58446			4
2026.01.22	00:51:55.102	0.58408				2
2026.01.22	00:52:01.765	0.58408	0.58445			6
2026.01.22	00:52:02.087		0.58444			4
2026.01.22	00:52:05.472		0.58445			4
2026.01.22	00:52:08.325		0.58444			4
2026.01.22	00:52:09.669		0.58445			4
2026.01.22	00:52:10.227	0.58412				2
2026.01.22	00:52:20.145	0.58408	0.58444			6
2026.01.22	00:52:21.182		0.58445			4
2026.01.22	00:52:22.112		0.58444			4
2026.01.22	00:52:29.498		0.58443			4
2026.01.22	00:52:34.267		0.58444			4
2026.01.22	00:52:37.681		0.58445			4
2026.01.22	00:52:38.029		0.58446			4
2026.01.22	00:52:38.999		0.58445			4
2026.01.22	00:52:39.383		0.58444			4
2026.01.22	00:52:41.299	0.58409	0.58443			6
2026.01.22	00:52:49.583	0.58410				2
2026.01.22	00:52:52.969		0.58442			4
2026.01.22	00:52:53.945	0.58411	0.58441			6
2026.01.22	00:52:54.428	0.58412	0.58440			6
2026.01.22	00:53:01.019	0.58412	0.58441			6
2026.01.22	00:53:01.492		0.58440			4
2026.01.22	00:53:08.690		0.58441			4
2026.01.22	00:53:09.017	0.58411				2
2026.01.22	00:53:09.339	0.58410	0.58442			6
2026.01.22	00:53:13.386	0.58411	0.58441			6
2026.01.22	00:53:14.387	0.58412	0.58440			6
2026.01.22	00:53:19.148	0.58411	0.58441			6
2026.01.22	00:53:20.207	0.58412	0.58440			6
2026.01.22	00:53:21.152	0.58411	0.58441			6
2026.01.22	00:53:23.536	0.58412				2
2026.01.22	00:53:24.195	0.58411				2
2026.01.22	00:53:28.571	0.58412	0.58440			6
2026.01.22	00:53:28.948	0.58411	0.58441			6
2026.01.22	00:53:30.268	0.58412	0.58440			6
2026.01.22	00:53:30.583		0.58441			4
2026.01.22	00:53:30.904	0.58411				2
2026.01.22	00:53:32.253	0.58410	0.58443			6
2026.01.22	00:53:32.708	0.58411	0.58442			6
2026.01.22	00:53:33.652		0.58441			4
2026.01.22	00:53:35.558	0.58410	0.58442			6
2026.01.22	00:53:36.062	0.58409	0.58443			6
2026.01.22	00:53:38.076	0.58408				2
2026.01.22	00:53:40.240	0.58407				2
2026.01.22	00:53:41.505	0.58408	0.58442			6
2026.01.22	00:53:43.342	0.58410	0.58441			6
2026.01.22	00:53:43.882	0.58409	0.58442			6
2026.01.22	00:53:46.268	0.58408				2
2026.01.22	00:53:46.869	0.58410	0.58441			6
2026.01.22	00:53:47.212	0.58409	0.58442			6
2026.01.22	00:53:47.550	0.58408				2
2026.01.22	00:53:48.368		0.58443			4
2026.01.22	00:53:54.995	0.58407				2
2026.01.22	00:53:55.632	0.58409	0.58442			6
2026.01.22	00:53:56.029	0.58408	0.58443			6
2026.01.22	00:53:56.760		0.58442			4
2026.01.22	00:53:57.204	0.58407	0.58443			6
2026.01.22	00:53:57.509	0.58408				2
2026.01.22	00:53:57.836	0.58407				2
2026.01.22	00:53:58.400	0.58408	0.58442			6
2026.01.22	00:53:58.871	0.58406	0.58443			6
2026.01.22	00:53:59.313	0.58410				2
2026.01.22	00:54:00.387	0.58410				2
2026.01.22	00:54:05.104	0.58409				2
2026.01.22	00:54:05.602	0.58408	0.58444			6
2026.01.22	00:54:06.969	0.58407	0.58445			6
2026.01.22	00:54:10.240	0.58406	0.58446			6
2026.01.22	00:54:16.013		0.58447			4
2026.01.22	00:54:18.373	0.58405				2
2026.01.22	00:54:23.470		0.58448			4
2026.01.22	00:54:26.297		0.58447			4
2026.01.22	00:54:27.078		0.58448			4
2026.01.22	00:54:30.067	0.58404				2
2026.01.22	00:54:32.024	0.58405				2
2026.01.22	00:54:32.764		0.58447			4
2026.01.22	00:54:33.146	0.58407	0.58445			6
2026.01.22	00:54:34.212		0.58446			4
2026.01.22	00:54:40.521	0.58404	0.58451			6
2026.01.22	00:54:41.620		0.58450			4
2026.01.22	00:54:44.586		0.58451			4
2026.01.22	00:54:49.386	0.58406				2
2026.01.22	00:54:50.607		0.58450			4
2026.01.22	00:54:54.267		0.58449			4
2026.01.22	00:54:59.981		0.58448			4
2026.01.22	00:55:00.384	0.58406	0.58440			6
2026.01.22	00:55:03.793	0.58405	0.58441			6
2026.01.22	00:55:04.422	0.58404				2
2026.01.22	00:55:09.323	0.58407	0.58445			6
2026.01.22	00:55:10.567	0.58408				2
2026.01.22	00:55:13.458	0.58405	0.58447			6
2026.01.22	00:55:13.932	0.58407	0.58445			6
2026.01.22	00:55:19.702	0.58404	0.58442			6
2026.01.22	00:55:21.705	0.58407	0.58445			6
2026.01.22	00:55:27.562	0.58408	0.58444			6
2026.01.22	00:55:34.277	0.58407	0.58445			6
2026.01.22	00:55:34.622	0.58408	0.58444			6
2026.01.22	00:55:37.503	0.58407	0.58446			6
2026.01.22	00:55:38.656	0.58403	0.58443			6
2026.01.22	00:55:41.132	0.58407	0.58446			6
2026.01.22	00:55:44.384	0.58406				2
2026.01.22	00:55:50.168	0.58407				2
2026.01.22	00:55:53.468	0.58406				2
2026.01.22	00:56:00.069	0.58406				2
2026.01.22	00:56:16.868		0.58447			4
2026.01.22	00:56:28.994	0.58405				2
2026.01.22	00:56:41.137		0.58446			4
2026.01.22	00:56:42.387	0.58404				2
2026.01.22	00:56:44.470	0.58405				2
2026.01.22	00:56:50.382	0.58404				2
2026.01.22	00:56:52.267		0.58447			4
2026.01.22	00:56:54.314		0.58446			4
2026.01.22	00:56:58.112		0.58443			4
2026.01.22	00:56:59.383		0.58444			4
2026.01.22	00:57:00.232	0.58404				2
2026.01.22	00:57:01.568		0.58443			4
2026.01.22	00:57:04.328		0.58444			4
2026.01.22	00:57:06.846	0.58403	0.58447			6
2026.01.22	00:57:07.164	0.58404	0.58444			6
2026.01.22	00:57:08.507	0.58403	0.58447			6
2026.01.22	00:57:11.661	0.58404	0.58444			6
2026.01.22	00:57:12.000	0.58403	0.58448			6
2026.01.22	00:57:12.321	0.58404	0.58444			6
2026.01.22	00:57:15.670	0.58403				2
2026.01.22	00:57:24.538		0.58446			4
2026.01.22	00:57:35.769		0.58447			4
2026.01.22	00:57:37.037	0.58406	0.58451			6
2026.01.22	00:57:38.298	0.58410				2
2026.01.22	00:57:46.326	0.58407	0.58452			6
2026.01.22	00:58:00.127	0.58407				2
2026.01.22	00:58:46.455		0.58452			4
2026.01.22	00:58:52.229	0.58409	0.58450			6
2026.01.22	00:58:54.065	0.58408	0.58451			6
2026.01.22	00:59:00.464	0.58408				2
2026.01.22	00:59:02.168	0.58409	0.58450			6
2026.01.22	00:59:07.268	0.58408	0.58451			6
2026.01.22	00:59:25.394	0.58405	0.58454			6
2026.01.22	00:59:26.654	0.58407	0.58452			6
2026.01.22	00:59:39.240	0.58405	0.58454			6
2026.01.22	00:59:40.251	0.58406	0.58451			6
2026.01.22	00:59:40.923	0.58407	0.58452			6
2026.01.22	00:59:41.640	0.58406	0.58453			6
2026.01.22	00:59:42.340	0.58408	0.58451			6
2026.01.22	00:59:42.740	0.58406	0.58453			6
2026.01.22	00:59:48.045	0.58405	0.58454			6
2026.01.22	00:59:48.932	0.58407	0.58450			6
2026.01.22	00:59:51.036		0.58452			4
2026.01.22	01:00:00.065	0.58407				2
2026.01.22	01:00:00.370	0.58410	0.58449			6
2026.01.22	01:00:00.673		0.58451			4
2026.01.22	01:00:01.136	0.58412	0.58450			6
2026.01.22	01:00:02.326		0.58447			4
2026.01.22	01:00:02.629		0.58446			4
2026.01.22	01:00:03.581	0.58411				2
2026.01.22	01:00:04.231	0.58410	0.58447			6
2026.01.22	01:00:05.185	0.58414	0.58446			6
2026.01.22	01:00:06.443		0.58445			4
2026.01.22	01:00:07.389	0.58422				2
2026.01.22	01:00:10.172	0.58423				2
2026.01.22	01:00:10.479		0.58446			4
2026.01.22	01:00:10.802		0.58447			4
2026.01.22	01:00:12.858	0.58432	0.58440			6
2026.01.22	01:00:18.177	0.58433				2
2026.01.22	01:00:20.688	0.58423	0.58450			6
2026.01.22	01:00:21.005	0.58432	0.58439			6
2026.01.22	01:00:22.243	0.58434	0.58441			6
2026.01.22	01:00:23.213		0.58442			4
2026.01.22	01:00:25.376	0.58435				2
2026.01.22	01:00:25.714	0.58418	0.58445			6
2026.01.22	01:00:26.019		0.58441			4
2026.01.22	01:00:40.568		0.58440			4
2026.01.22	01:00:41.517		0.58439			4
2026.01.22	01:00:45.330		0.58441			4
2026.01.22	01:00:46.377		0.58440			4
2026.01.22	01:00:48.691		0.58439			4
2026.01.22	01:00:49.647		0.58437			4
2026.01.22	01:00:51.222		0.58439			4
2026.01.22	01:00:52.201		0.58438			4
2026.01.22	01:01:00.131	0.58425	0.58427			6
2026.01.22	01:01:01.383		0.58428			4
2026.01.22	01:01:03.562	0.58424	0.58427			6
2026.01.22	01:01:05.423	0.58423	0.58426			6
2026.01.22	01:01:13.532	0.58424	0.58427			6
2026.01.22	01:01:16.662	0.58423	0.58426			6
2026.01.22	01:01:16.964	0.58424	0.58427			6
2026.01.22	01:01:17.292		0.58426			4
2026.01.22	01:01:18.216		0.58427			4
2026.01.22	01:01:19.151	0.58423	0.58426			6
2026.01.22	01:01:24.147	0.58424				2
2026.01.22	01:01:27.282	0.58423	0.58425			6
2026.01.22	01:01:30.720	0.58424	0.58426			6
2026.01.22	01:01:35.082	0.58423	0.58425			6
2026.01.22	01:01:42.290	0.58422	0.58424			6
2026.01.22	01:01:43.214	0.58423	0.58425			6
2026.01.22	01:01:45.703	0.58422	0.58424			6
2026.01.22	01:01:51.644	0.58423	0.58425			6
2026.01.22	01:02:00.127	0.58423				2
2026.01.22	01:02:11.649	0.58422	0.58424			6
2026.01.22	01:02:12.255		0.58425			4
2026.01.22	01:02:18.199		0.58424			4
2026.01.22	01:02:18.501	0.58423	0.58425			6
2026.01.22	01:02:18.829	0.58422	0.58424			6
2026.01.22	01:02:19.133	0.58423	0.58425			6
2026.01.22	01:02:19.434	0.58422				2
2026.01.22	01:02:25.353		0.58424			4
2026.01.22	01:02:30.324	0.58423	0.58425			6
2026.01.22	01:02:30.626	0.58422	0.58424			6
2026.01.22	01:02:39.660	0.58423	0.58425			6
2026.01.22	01:02:52.200	0.58422				2
2026.01.22	01:03:00.048	0.58422				2
2026.01.22	01:03:00.350	0.58423	0.58426			6
2026.01.22	01:03:10.985	0.58424	0.58427			6
2026.01.22	01:03:11.313	0.58423	0.58426			6
2026.01.22	01:03:30.688	0.58422	0.58425			6
2026.01.22	01:03:33.799	0.58421	0.58424			6
2026.01.22	01:03:34.102	0.58418	0.58421			6
2026.01.22	01:03:35.354		0.58422			4
2026.01.22	01:03:38.618	0.58417	0.58421			6
2026.01.22	01:03:41.229	0.58414	0.58418			6
2026.01.22	01:03:41.578	0.58413	0.58417			6
2026.01.22	01:03:47.653	0.58412	0.58416			6
2026.01.22	01:03:54.425		0.58415			4
2026.01.22	01:04:00.047	0.58412				2
2026.01.22	01:04:04.125	0.58413				2
2026.01.22	01:04:20.410	0.58412	0.58414			6
2026.01.22	01:04:21.342		0.58415			4
2026.01.22	01:04:28.258		0.58414			4
2026.01.22	01:04:37.323		0.58415			4
2026.01.22	01:04:39.233		0.58414			4
2026.01.22	01:04:42.352	0.58411				2
2026.01.22	01:04:45.259	0.58412				2
2026.01.22	01:05:00.231	0.58412				2
2026.01.22	01:05:00.536	0.58411	0.58413			6
2026.01.22	01:05:01.167	0.58410				2
2026.01.22	01:05:01.772	0.58411	0.58414			6
2026.01.22	01:05:02.425	0.58410				2
2026.01.22	01:05:05.641	0.58413	0.58416			6
2026.01.22	01:05:05.945	0.58414	0.58418			6
2026.01.22	01:05:10.203	0.58413	0.58417			6
2026.01.22	01:05:11.811	0.58414	0.58418			6
2026.01.22	01:05:12.115	0.58415	0.58416			6
2026.01.22	01:05:13.416	0.58416	0.58419			6
2026.01.22	01:05:14.371	0.58415	0.58416			6
2026.01.22	01:05:15.022	0.58416	0.58419			6
2026.01.22	01:05:15.324	0.58415	0.58416			6
2026.01.22	01:05:15.627		0.58419			4
2026.01.22	01:05:21.799	0.58410	0.58414			6
2026.01.22	01:05:22.452	0.58411	0.58415			6
2026.01.22	01:05:22.801	0.58410	0.58414			6
2026.01.22	01:05:23.804	0.58403	0.58407			6
2026.01.22	01:05:24.456	0.58402	0.58406			6
2026.01.22	01:05:26.038	0.58406	0.58410			6
2026.01.22	01:05:26.669	0.58405	0.58409			6
2026.01.22	01:05:27.017	0.58408	0.58412			6
2026.01.22	01:05:27.669	0.58407	0.58410			6
2026.01.22	01:05:27.970	0.58405	0.58409			6
2026.01.22	01:05:28.925	0.58404	0.58408			6
2026.01.22	01:05:37.098	0.58405	0.58409			6
2026.01.22	01:05:38.355		0.58408			4
2026.01.22	01:05:39.312	0.58404	0.58407			6
2026.01.22	01:05:40.616	0.58401	0.58404			6
2026.01.22	01:05:41.571	0.58402	0.58405			6
2026.01.22	01:05:50.247		0.58404			4
2026.01.22	01:06:00.208	0.58402				2
2026.01.22	01:06:29.876	0.58401	0.58403			6
2026.01.22	01:06:33.648	0.58402	0.58404			6
2026.01.22	01:06:34.596	0.58401	0.58403			6
2026.01.22	01:06:50.122	0.58400				2
2026.01.22	01:07:00.135	0.58400				2
2026.01.22	01:07:00.440	0.58401	0.58404			6
2026.01.22	01:07:01.740	0.58400	0.58403			6
2026.01.22	01:07:10.419	0.58401				2
2026.01.22	01:07:11.647	0.58400	0.58402			6
2026.01.22	01:07:14.140	0.58401	0.58403			6
2026.01.22	01:07:30.156	0.58400	0.58402			6
2026.01.22	01:07:35.143	0.58401	0.58403			6
2026.01.22	01:07:36.426	0.58400				2
2026.01.22	01:07:37.432	0.58401				2
2026.01.22	01:07:38.383	0.58400				2
2026.01.22	01:07:40.993	0.58401				2
2026.01.22	01:07:44.179	0.58400				2
2026.01.22	01:07:48.676	0.58401	0.58404			6
2026.01.22	01:07:51.283		0.58403			4
2026.01.22	01:07:52.206		0.58404			4
2026.01.22	01:07:54.153	0.58400	0.58403			6
2026.01.22	01:07:55.098	0.58399				2
2026.01.22	01:07:56.403	0.58400	0.58404			6
2026.01.22	01:08:00.267	0.58400				2
2026.01.22	01:08:00.576	0.58399	0.58403			6
2026.01.22	01:08:03.932	0.58400	0.58404			6
2026.01.22	01:08:05.235		0.58403			4
2026.01.22	01:08:10.747	0.58401	0.58404			6
2026.01.22	01:08:19.176	0.58402				2
2026.01.22	01:08:21.984	0.58401	0.58403			6
2026.01.22	01:08:24.160		0.58404			4
2026.01.22	01:08:34.167	0.58402				2
2026.01.22	01:08:41.313		0.58405			4
2026.01.22	01:08:42.946	0.58401	0.58404			6
2026.01.22	01:08:53.235		0.58405			4
2026.01.22	01:08:55.146		0.58404			4
2026.01.22	01:09:00.314	0.58401				2
2026.01.22	01:09:00.616	0.58400	0.58403			6
2026.01.22	01:09:01.267		0.58404			4
2026.01.22	01:09:02.524	0.58401	0.58405			6
2026.01.22	01:09:07.375	0.58402	0.58406			6
2026.01.22	01:09:11.202		0.58405			4
2026.01.22	01:09:20.288	0.58403				2
2026.01.22	01:09:25.271	0.58402				2
2026.01.22	01:09:27.561	0.58406	0.58409			6
2026.01.22	01:09:27.866	0.58407	0.58410			6
2026.01.22	01:09:28.167		0.58411			4
2026.01.22	01:09:29.122	0.58408	0.58412			6
2026.01.22	01:09:29.471	0.58407	0.58411			6
2026.01.22	01:09:32.081	0.58408	0.58412			6
2026.01.22	01:09:36.595	0.58406	0.58410			6
2026.01.22	01:09:39.457	0.58402	0.58406			6
2026.01.22	01:09:40.108	0.58403	0.58407			6
2026.01.22	01:09:41.061	0.58402	0.58406			6
2026.01.22	01:09:46.227	0.58403				2
2026.01.22	01:09:49.092	0.58402	0.58405			6
2026.01.22	01:09:51.349	0.58403	0.58406			6
2026.01.22	01:09:52.653	0.58402	0.58405			6
2026.01.22	01:09:54.259		0.58406			4
2026.01.22	01:09:55.213		0.58405			4
2026.01.22	01:09:57.469	0.58400	0.58403			6
2026.01.22	01:09:57.772	0.58399	0.58402			6
2026.01.22	01:09:58.726	0.58400	0.58403			6
2026.01.22	01:09:59.378	0.58399	0.58402			6
2026.01.22	01:10:00.030	0.58399				2
2026.01.22	01:10:00.685	0.58396	0.58399			6
2026.01.22	01:10:01.988	0.58397	0.58400			6
2026.01.22	01:10:02.334	0.58396				2
2026.01.22	01:10:06.249		0.58399			4
2026.01.22	01:10:12.025	0.58394	0.58397			6
2026.01.22	01:10:12.377		0.58396			4
2026.01.22	01:10:13.325	0.58393				2
2026.01.22	01:10:14.581	0.58394	0.58397			6
2026.01.22	01:10:18.192	0.58390	0.58393			6
2026.01.22	01:10:18.800	0.58389	0.58392			6
2026.01.22	01:10:19.147		0.58393			4
2026.01.22	01:10:22.339	0.58391	0.58395			6
2026.01.22	01:10:28.434		0.58394			4
2026.01.22	01:10:34.303	0.58392				2
2026.01.22	01:10:44.256		0.58393			4
2026.01.22	01:10:45.193	0.58391				2
2026.01.22	01:10:46.444	0.58392	0.58394			6
2026.01.22	01:10:48.621	0.58391	0.58393			6
2026.01.22	01:10:49.228	0.58390	0.58392			6
2026.01.22	01:10:51.110	0.58391	0.58393			6
2026.01.22	01:10:53.919	0.58390	0.58392			6
2026.01.22	01:10:55.171	0.58392	0.58394			6
2026.01.22	01:11:00.139	0.58392				2
2026.01.22	01:11:01.368	0.58393	0.58395			6
2026.01.22	01:11:01.996	0.58392	0.58394			6
2026.01.22	01:11:02.313		0.58395			4
2026.01.22	01:11:05.208	0.58393				2
2026.01.22	01:11:05.829	0.58392	0.58394			6
2026.01.22	01:11:06.132	0.58391	0.58393			6
2026.01.22	01:11:07.384	0.58390				2
2026.01.22	01:11:09.671	0.58389	0.58392			6
2026.01.22	01:11:15.144	0.58390				2
2026.01.22	01:11:16.372	0.58389	0.58391			6
2026.01.22	01:11:25.392	0.58390				2
2026.01.22	01:11:26.012	0.58389				2
2026.01.22	01:12:00.026	0.58389				2
2026.01.22	01:12:14.345	0.58388				2
2026.01.22	01:12:16.583		0.58391			4
2026.01.22	01:12:17.235	0.58389				2
2026.01.22	01:12:24.037	0.58388	0.58390			6
2026.01.22	01:12:39.317		0.58391			4
2026.01.22	01:12:43.183	0.58387	0.58390			6
2026.01.22	01:12:44.137		0.58391			4
2026.01.22	01:12:46.395		0.58390			4
2026.01.22	01:13:00.245	0.58387				2
2026.01.22	01:13:07.623	0.58388	0.58391			6
2026.01.22	01:13:51.283		0.58392			4
2026.01.22	01:13:57.103		0.58391			4
2026.01.22	01:14:00.012	0.58388				2
2026.01.22	01:14:04.232		0.58392			4
2026.01.22	01:14:05.238		0.58391			4
2026.01.22	01:14:21.300	0.58389				2
2026.01.22	01:14:24.109	0.58388				2
2026.01.22	01:14:31.538	0.58387	0.58390			6
2026.01.22	01:14:31.841		0.58389			4
2026.01.22	01:14:32.188		0.58390			4
2026.01.22	01:14:37.408	0.58388				2
2026.01.22	01:14:37.714		0.58392			4
2026.01.22	01:14:38.666		0.58391			4
2026.01.22	01:14:39.319		0.58392			4
2026.01.22	01:14:48.301		0.58391			4
2026.01.22	01:14:54.423	0.58389				2
2026.01.22	01:15:00.045	0.58389				2
2026.01.22	01:15:00.349	0.58388				2
2026.01.22	01:15:06.122	0.58389				2
2026.01.22	01:15:31.375	0.58388				2
2026.01.22	01:15:31.710	0.58389	0.58392			6
2026.01.22	01:15:33.013	0.58388	0.58391			6
2026.01.22	01:15:33.317	0.58389				2
2026.01.22	01:15:40.466	0.58392	0.58393			6
2026.01.22	01:15:40.768	0.58394	0.58396			6
2026.01.22	01:15:41.401	0.58393	0.58397			6
2026.01.22	01:15:46.917	0.58392	0.58396			6
2026.01.22	01:15:48.825	0.58393	0.58397			6
2026.01.22	01:15:53.337		0.58396			4
2026.01.22	01:15:59.156	0.58390	0.58392			6
2026.01.22	01:16:00.080	0.58390				2
2026.01.22	01:16:00.411	0.58389	0.58393			6
2026.01.22	01:16:02.669	0.58393	0.58396			6
2026.01.22	01:16:02.972	0.58395	0.58399			6
2026.01.22	01:16:13.362	0.58396				2
2026.01.22	01:16:15.926	0.58395	0.58398			6
2026.01.22	01:16:19.139	0.58396	0.58399			6
2026.01.22	01:16:20.192		0.58398			4
2026.01.22	01:16:35.468		0.58397			4
2026.01.22	01:16:53.890		0.58398			4
2026.01.22	01:17:00.108	0.58396				2
2026.01.22	01:17:00.439		0.58397			4
2026.01.22	01:17:37.538		0.58398			4
2026.01.22	01:17:48.132	0.58395				2
2026.01.22	01:17:48.434	0.58396				2
2026.01.22	01:17:49.358	0.58395				2
2026.01.22	01:17:54.554	0.58396				2
2026.01.22	01:18:00.123	0.58396				2
2026.01.22	01:18:02.390	0.58397				2
2026.01.22	01:18:37.664		0.58398			4
2026.01.22	01:18:40.144	0.58396				2
2026.01.22	01:18:42.133		0.58399			4
2026.01.22	01:18:43.085		0.58398			4
2026.01.22	01:18:48.554		0.58399			4
2026.01.22	01:19:00.142	0.58396				2
2026.01.22	01:19:01.401	0.58397	0.58400			6
2026.01.22	01:19:16.556	0.58396	0.58399			6
2026.01.22	01:19:20.169	0.58395				2
2026.01.22	01:19:20.470	0.58396				2
2026.01.22	01:20:00.118	0.58396				2
2026.01.22	01:20:00.467		0.58397			4
2026.01.22	01:20:00.770	0.58393	0.58395			6
2026.01.22	01:20:01.073	0.58392				2
2026.01.22	01:20:06.643	0.58393	0.58396			6
2026.01.22	01:20:08.249	0.58392				2
2026.01.22	01:20:13.414	0.58393				2
2026.01.22	01:20:20.143		0.58395			4
2026.01.22	01:20:26.065	0.58394	0.58396			6
2026.01.22	01:20:29.193	0.58393	0.58395			6
2026.01.22	01:20:31.985	0.58392	0.58394			6
2026.01.22	01:20:33.236	0.58391				2
2026.01.22	01:20:41.221	0.58390				2
2026.01.22	01:20:42.876	0.58389	0.58391			6
2026.01.22	01:20:43.178	0.58388				2
2026.01.22	01:20:47.184	0.58389				2
2026.01.22	01:20:51.451	0.58388				2
2026.01.22	01:20:52.105	0.58389				2
2026.01.22	01:20:52.409	0.58388				2
2026.01.22	01:21:00.133	0.58388				2
2026.01.22	01:21:00.438	0.58389				2
2026.01.22	01:21:03.046		0.58392			4
2026.01.22	01:21:04.954	0.58388	0.58390			6
2026.01.22	01:21:12.432	0.58389				2
2026.01.22	01:21:14.912		0.58391			4
2026.01.22	01:21:27.355	0.58388				2
2026.01.22	01:21:29.296	0.58389				2
2026.01.22	01:21:34.284	0.58388				2
2026.01.22	01:21:35.263	0.58389				2
2026.01.22	01:21:38.375	0.58388				2
2026.01.22	01:21:40.283	0.58389				2
2026.01.22	01:21:42.142	0.58388				2
2026.01.22	01:21:44.401	0.58389				2
2026.01.22	01:21:45.957	0.58386	0.58388			6
2026.01.22	01:21:46.276	0.58385	0.58389			6
2026.01.22	01:21:47.261	0.58384	0.58388			6
2026.01.22	01:21:51.381	0.58385	0.58389			6
2026.01.22	01:21:56.502	0.58384	0.58388			6
2026.01.22	01:21:56.851	0.58385	0.58389			6
2026.01.22	01:21:57.291		0.58388			4
2026.01.22	01:21:59.812		0.58387			4
2026.01.22	01:22:00.295	0.58386				2
2026.01.22	01:22:01.234	0.58387	0.58388			6
2026.01.22	01:22:01.863	0.58386	0.58387			6
2026.01.22	01:22:02.168	0.58387	0.58388			6
2026.01.22	01:22:02.487	0.58386	0.58387			6
2026.01.22	01:22:02.790	0.58387	0.58388			6
2026.01.22	01:22:03.118	0.58386	0.58387			6
2026.01.22	01:22:03.422	0.58387	0.58388			6
2026.01.22	01:22:03.724	0.58386				2
2026.01.22	01:22:04.679	0.58385	0.58387			6
2026.01.22	01:22:12.477		0.58386			4
2026.01.22	01:22:12.780	0.58384				2
2026.01.22	01:22:13.411	0.58385				2
2026.01.22	01:22:14.334	0.58384	0.58387			6
2026.01.22	01:22:16.922	0.58382	0.58385			6
2026.01.22	01:22:17.225		0.58386			4
2026.01.22	01:22:18.607	0.58380	0.58384			6
2026.01.22	01:22:18.933	0.58381				2
2026.01.22	01:22:19.889	0.58380				2
2026.01.22	01:22:21.847	0.58381				2
2026.01.22	01:22:23.752	0.58380				2
2026.01.22	01:22:30.177		0.58383			4
2026.01.22	01:22:34.342	0.58381				2
2026.01.22	01:22:39.936	0.58379	0.58381			6
2026.01.22	01:22:40.264	0.58380				2
2026.01.22	01:22:40.568	0.58379				2
2026.01.22	01:22:41.186		0.58382			4
2026.01.22	01:22:41.519	0.58378	0.58381			6
2026.01.22	01:22:43.125	0.58377				2
2026.01.22	01:22:45.384	0.58378				2
2026.01.22	01:22:48.295		0.58380			4
2026.01.22	01:22:53.236	0.58377	0.58381			6
2026.01.22	01:22:54.220		0.58380			4
2026.01.22	01:22:57.433		0.58379			4
2026.01.22	01:22:58.704	0.58378	0.58380			6
2026.01.22	01:23:00.263	0.58378				2
2026.01.22	01:23:02.148	0.58377	0.58379			6
2026.01.22	01:23:03.400	0.58376	0.58380			6
2026.01.22	01:23:04.339	0.58377				2
2026.01.22	01:23:07.219	0.58378				2
2026.01.22	01:23:08.167	0.58377				2
2026.01.22	01:23:11.384		0.58381			4
2026.01.22	01:23:12.339		0.58380			4
2026.01.22	01:23:14.251	0.58378				2
2026.01.22	01:23:15.523	0.58377	0.58379			6
2026.01.22	01:23:17.381		0.58380			4
2026.01.22	01:23:19.321		0.58379			4
2026.01.22	01:23:24.992	0.58378				2
2026.01.22	01:23:25.308	0.58377				2
2026.01.22	01:23:25.942	0.58378				2
2026.01.22	01:23:26.864	0.58377				2
2026.01.22	01:23:39.041		0.58378			4
2026.01.22	01:23:39.343	0.58376	0.58380			6
2026.01.22	01:23:42.405		0.58379			4
2026.01.22	01:23:44.062	0.58377	0.58380			6
2026.01.22	01:23:45.364		0.58381			4
2026.01.22	01:23:50.232	0.58376	0.58380			6
2026.01.22	01:23:50.537	0.58377	0.58381			6
2026.01.22	01:23:52.144		0.58380			4
2026.01.22	01:23:54.399	0.58378				2
2026.01.22	01:23:57.812	0.58377	0.58379			6
2026.01.22	01:24:00.019	0.58377				2
2026.01.22	01:24:01.878	0.58378	0.58380			6
2026.01.22	01:24:02.196		0.58379			4
2026.01.22	01:24:03.134	0.58377				2
2026.01.22	01:24:03.434		0.58380			4
2026.01.22	01:24:06.645	0.58378	0.58381			6
2026.01.22	01:24:06.962	0.58377	0.58380			6
2026.01.22	01:24:08.650	0.58376				2
2026.01.22	01:24:15.430		0.58379			4
2026.01.22	01:24:16.780	0.58377	0.58380			6
2026.01.22	01:24:17.432		0.58379			4
2026.01.22	01:24:27.394	0.58378				2
2026.01.22	01:24:28.325	0.58377	0.58380			6
2026.01.22	01:24:32.190	0.58378				2
2026.01.22	01:24:34.399		0.58379			4
2026.01.22	01:24:38.735	0.58377				2
2026.01.22	01:24:39.039	0.58379	0.58380			6
2026.01.22	01:24:41.541	0.58378	0.58379			6
2026.01.22	01:24:43.100	0.58379	0.58380			6
2026.01.22	01:24:44.032	0.58378	0.58379			6
2026.01.22	01:25:00.292	0.58378				2
2026.01.22	01:25:00.595	0.58379	0.58381			6
2026.01.22	01:25:03.149		0.58382			4
2026.01.22	01:25:04.105		0.58383			4
2026.01.22	01:25:06.362	0.58380				2
2026.01.22	01:25:09.223		0.58382			4
2026.01.22	01:25:22.315	0.58379				2
2026.01.22	01:25:23.269	0.58380				2
2026.01.22	01:25:36.718		0.58381			4
2026.01.22	01:25:40.435	0.58379	0.58382			6
2026.01.22	01:25:41.390		0.58383			4
2026.01.22	01:25:43.344		0.58382			4
2026.01.22	01:25:45.256	0.58375	0.58378			6
2026.01.22	01:25:48.164		0.58379			4
2026.01.22	01:25:50.727		0.58378			4
2026.01.22	01:25:53.284	0.58374				2
2026.01.22	01:25:53.633	0.58375				2
2026.01.22	01:26:00.009	0.58375				2
2026.01.22	01:26:01.309	0.58374				2
2026.01.22	01:26:03.312	0.58375				2
2026.01.22	01:26:08.432		0.58377			4
2026.01.22	01:26:44.621	0.58379	0.58381			6
2026.01.22	01:26:44.925	0.58380	0.58382			6
2026.01.22	01:26:45.242	0.58379				2
2026.01.22	01:26:45.574		0.58383			4
2026.01.22	01:26:57.370	0.58380				2
2026.01.22	01:27:00.282	0.58380				2
2026.01.22	01:27:00.608	0.58379	0.58382			6
2026.01.22	01:27:03.240	0.58380				2
2026.01.22	01:27:37.283	0.58379				2
2026.01.22	01:27:37.614	0.58380	0.58383			6
2026.01.22	01:27:37.916	0.58379	0.58382			6
2026.01.22	01:27:40.174	0.58380				2
2026.01.22	01:27:57.361	0.58385	0.58387			6
2026.01.22	01:27:58.305	0.58384				2
2026.01.22	01:27:58.612	0.58383				2
2026.01.22	01:28:00.214	0.58383				2
2026.01.22	01:28:01.171	0.58384				2
2026.01.22	01:28:01.520	0.58383	0.58386			6
2026.01.22	01:28:02.172		0.58387			4
2026.01.22	01:28:09.347		0.58386			4
2026.01.22	01:28:15.421	0.58384				2
2026.01.22	01:28:17.325		0.58387			4
2026.01.22	01:28:19.235		0.58386			4
2026.01.22	01:28:25.455	0.58385	0.58387			6
2026.01.22	01:28:27.314		0.58386			4
2026.01.22	01:28:30.423	0.58384				2
2026.01.22	01:28:33.237	0.58385				2
2026.01.22	01:28:33.858	0.58384				2
2026.01.22	01:28:35.716	0.58383	0.58385			6
2026.01.22	01:28:36.346	0.58382				2
2026.01.22	01:28:40.205		0.58384			4
2026.01.22	01:28:44.582	0.58383	0.58385			6
2026.01.22	01:28:47.058	0.58382	0.58384			6
2026.01.22	01:29:00.238	0.58382				2
2026.01.22	01:29:01.794	0.58383				2
2026.01.22	01:29:02.100		0.58385			4
2026.01.22	01:29:11.132	0.58384	0.58386			6
2026.01.22	01:29:23.122	0.58383				2
2026.01.22	01:29:25.377	0.58384				2
2026.01.22	01:29:34.358	0.58383				2
2026.01.22	01:29:35.355	0.58384				2
2026.01.22	01:29:36.610	0.58385	0.58387			6
2026.01.22	01:29:37.261	0.58384	0.58388			6
2026.01.22	01:29:38.214		0.58387			4
2026.01.22	01:29:46.248	0.58385				2
2026.01.22	01:29:53.167	0.58384				2
2026.01.22	01:29:56.441	0.58385				2
2026.01.22	01:30:00.249	0.58385				2
2026.01.22	01:30:04.629	0.58384	0.58386			6
2026.01.22	01:30:05.887	0.58385	0.58387			6
2026.01.22	01:30:06.214	0.58384				2
2026.01.22	01:30:17.518	0.58383				2
2026.01.22	01:30:18.163		0.58386			4
2026.01.22	01:30:19.126		0.58387			4
2026.01.22	01:30:20.418		0.58386			4
2026.01.22	01:30:28.098	0.58384	0.58387			6
2026.01.22	01:30:31.007	0.58379	0.58381			6
2026.01.22	01:30:32.304	0.58378				2
2026.01.22	01:30:39.089		0.58382			4
2026.01.22	01:30:40.697	0.58379				2
2026.01.22	01:30:43.561	0.58378				2
2026.01.22	01:30:45.224	0.58379				2
2026.01.22	01:30:45.869	0.58376	0.58379			6
2026.01.22	01:30:47.169	0.58375				2
2026.01.22	01:30:49.080	0.58376				2
2026.01.22	01:30:49.428	0.58375				2
2026.01.22	01:30:49.732	0.58374	0.58378			6
2026.01.22	01:30:51.038	0.58373	0.58377			6
2026.01.22	01:30:52.992	0.58374	0.58378			6
2026.01.22	01:30:53.303		0.58377			4
2026.01.22	01:31:00.070	0.58374				2
2026.01.22	01:31:02.632	0.58376	0.58379			6
2026.01.22	01:31:04.585	0.58377	0.58380			6
2026.01.22	01:31:04.888	0.58376	0.58379			6
2026.01.22	01:31:06.496	0.58377	0.58380			6
2026.01.22	01:31:06.843	0.58378	0.58381			6
2026.01.22	01:31:15.177	0.58379				2
2026.01.22	01:31:34.249	0.58380				2
2026.01.22	01:31:34.872	0.58379				2
2026.01.22	01:31:53.273	0.58380				2
2026.01.22	01:31:54.223	0.58379				2
2026.01.22	01:32:00.150	0.58379				2
2026.01.22	01:32:07.064		0.58381			4
2026.01.22	01:32:24.206	0.58378				2
2026.01.22	01:32:26.145	0.58379				2
2026.01.22	01:32:27.369		0.58382			4
2026.01.22	01:32:32.215		0.58381			4
2026.01.22	01:32:32.837	0.58378	0.58380			6
2026.01.22	01:32:33.139		0.58381			4
2026.01.22	01:32:35.901	0.58374	0.58376			6
2026.01.22	01:32:36.206	0.58373	0.58377			6
2026.01.22	01:32:41.168		0.58376			4
2026.01.22	01:32:41.472	0.58369	0.58372			6
2026.01.22	01:32:46.901	0.58368				2
2026.01.22	01:32:52.206	0.58369				2
2026.01.22	01:32:53.845		0.58373			4
2026.01.22	01:32:54.147		0.58372			4
2026.01.22	01:32:58.964	0.58368	0.58371			6
2026.01.22	01:33:00.011	0.58368				2
2026.01.22	01:33:01.269	0.58369				2
2026.01.22	01:33:05.359	0.58367	0.58369			6
2026.01.22	01:33:06.289	0.58366				2
2026.01.22	01:33:07.591	0.58364	0.58367			6
2026.01.22	01:33:07.897	0.58367	0.58370			6
2026.01.22	01:33:08.243	0.58368	0.58371			6
2026.01.22	01:33:16.322	0.58369				2
2026.01.22	01:33:20.085	0.58374	0.58376			6
2026.01.22	01:33:20.386		0.58378			4
2026.01.22	01:33:28.227		0.58377			4
2026.01.22	01:33:33.433	0.58375				2
2026.01.22	01:33:49.335		0.58376			4
2026.01.22	01:33:50.259		0.58377			4
2026.01.22	01:33:50.561	0.58374	0.58376			6
2026.01.22	01:33:53.377	0.58375				2
2026.01.22	01:33:54.321	0.58374				2
2026.01.22	01:33:56.211	0.58375				2
2026.01.22	01:34:00.293	0.58375				2
2026.01.22	01:34:20.577	0.58376	0.58377			6
2026.01.22	01:34:21.813	0.58379	0.58380			6
2026.01.22	01:34:22.130	0.58378	0.58381			6
2026.01.22	01:34:23.418		0.58382			4
2026.01.22	01:34:33.200		0.58381			4
2026.01.22	01:34:37.417	0.58379				2
2026.01.22	01:34:46.171	0.58380	0.58382			6
2026.01.22	01:34:47.104		0.58381			4
2026.01.22	01:34:53.328	0.58379				2
2026.01.22	01:35:00.056	0.58379				2
2026.01.22	01:35:43.209		0.58382			4
2026.01.22	01:35:45.120		0.58381			4
2026.01.22	01:35:53.150		0.58382			4
2026.01.22	01:35:55.103	0.58378	0.58381			6
2026.01.22	01:35:58.396	0.58375	0.58377			6
2026.01.22	01:35:58.721	0.58374				2
2026.01.22	01:36:01.343	0.58374				2
2026.01.22	01:36:10.668		0.58375			4
2026.01.22	01:36:10.972	0.58372				2
2026.01.22	01:36:12.274		0.58376			4
2026.01.22	01:36:14.247		0.58375			4
2026.01.22	01:36:17.628	0.58370	0.58372			6
2026.01.22	01:36:17.944	0.58369				2
2026.01.22	01:36:18.254	0.58368				2
2026.01.22	01:36:19.284		0.58371			4
2026.01.22	01:36:22.609	0.58366	0.58370			6
2026.01.22	01:36:22.914	0.58367				2
2026.01.22	01:36:29.538	0.58368				2
2026.01.22	01:36:30.190	0.58367				2
2026.01.22	01:36:32.194		0.58369			4
2026.01.22	01:36:32.500	0.58365	0.58367			6
2026.01.22	01:36:33.116	0.58364	0.58368			6
2026.01.22	01:36:35.687	0.58363	0.58367			6
2026.01.22	01:36:38.869	0.58364	0.58368			6
2026.01.22	01:36:40.173	0.58363	0.58367			6
2026.01.22	01:36:40.817	0.58357	0.58360			6
2026.01.22	01:36:41.124	0.58354	0.58358			6
2026.01.22	01:36:41.433		0.58357			4
2026.01.22	01:36:42.386		0.58358			4
2026.01.22	01:36:45.642	0.58355	0.58357			6
2026.01.22	01:36:45.945	0.58357	0.58361			6
2026.01.22	01:36:50.368	0.58352	0.58356			6
2026.01.22	01:36:58.093	0.58353				2
2026.01.22	01:36:59.395	0.58357	0.58360			6
2026.01.22	01:37:00.003	0.58357				2
2026.01.22	01:37:00.348		0.58361			4
2026.01.22	01:37:01.567	0.58358				2
2026.01.22	01:37:02.085	0.58357				2
2026.01.22	01:37:04.363		0.58360			4
2026.01.22	01:37:12.391	0.58358				2
2026.01.22	01:37:15.828	0.58357	0.58359			6
2026.01.22	01:37:16.462	0.58358	0.58360			6
2026.01.22	01:37:16.778	0.58357	0.58359			6
2026.01.22	01:37:19.876	0.58358	0.58360			6
2026.01.22	01:37:26.425	0.58359	0.58361			6
2026.01.22	01:37:35.804	0.58364	0.58366			6
2026.01.22	01:37:37.359	0.58363	0.58367			6
2026.01.22	01:37:41.227	0.58364	0.58368			6
2026.01.22	01:37:43.161	0.58365				2
2026.01.22	01:37:43.510	0.58367	0.58370			6
2026.01.22	01:37:43.812	0.58368	0.58371			6
2026.01.22	01:37:44.116	0.58369	0.58373			6
2026.01.22	01:37:45.415		0.58372			4
2026.01.22	01:37:46.418		0.58373			4
2026.01.22	01:37:47.370		0.58372			4
2026.01.22	01:37:54.179		0.58371			4
2026.01.22	01:37:56.738	0.58368	0.58370			6
2026.01.22	01:38:00.171	0.58368				2
2026.01.22	01:38:00.805	0.58367	0.58369			6
2026.01.22	01:38:05.464		0.58368			4
2026.01.22	01:38:05.769	0.58361	0.58363			6
2026.01.22	01:38:06.386	0.58360				2
2026.01.22	01:38:09.974	0.58362	0.58366			6
2026.01.22	01:38:12.182	0.58363				2
2026.01.22	01:38:12.922	0.58362				2
2026.01.22	01:38:13.231	0.58363				2
2026.01.22	01:38:15.687	0.58361	0.58365			6
2026.01.22	01:38:17.297	0.58362				2
2026.01.22	01:38:20.164	0.58360	0.58363			6
2026.01.22	01:38:24.419		0.58362			4
2026.01.22	01:38:28.184	0.58359	0.58361			6
2026.01.22	01:38:30.059	0.58360	0.58362			6
2026.01.22	01:38:30.362	0.58359	0.58361			6
2026.01.22	01:38:40.651		0.58360			4
2026.01.22	01:38:44.697		0.58361			4
2026.01.22	01:38:58.398	0.58360				2
2026.01.22	01:39:00.257	0.58359				2
2026.01.22	01:39:02.736	0.58360	0.58362			6
2026.01.22	01:39:12.405	0.58361				2
2026.01.22	01:39:13.027	0.58360				2
2026.01.22	01:39:21.454	0.58359	0.58361			6
2026.01.22	01:39:23.615	0.58360	0.58362			6
2026.01.22	01:39:30.469	0.58361	0.58363			6
2026.01.22	01:39:30.773	0.58362	0.58364			6
2026.01.22	01:39:31.392	0.58361	0.58365			6
2026.01.22	01:39:34.636	0.58362				2
2026.01.22	01:39:35.590	0.58361	0.58364			6
2026.01.22	01:39:35.898	0.58362	0.58365			6
2026.01.22	01:39:43.370		0.58364			4
2026.01.22	01:39:46.785	0.58363	0.58365			6
2026.01.22	01:39:58.320		0.58366			4
2026.01.22	01:40:00.229	0.58363				2
2026.01.22	01:40:00.882	0.58362	0.58365			6
2026.01.22	01:40:08.308	0.58363				2
2026.01.22	01:40:14.532	0.58364				2
2026.01.22	01:40:14.834	0.58363	0.58364			6
2026.01.22	01:40:15.457	0.58364	0.58365			6
2026.01.22	01:40:15.760	0.58363	0.58364			6
2026.01.22	01:40:16.089	0.58364	0.58365			6
2026.01.22	01:40:16.392	0.58363	0.58364			6
2026.01.22	01:40:16.695	0.58364	0.58365			6
2026.01.22	01:40:17.012	0.58363	0.58364			6
2026.01.22	01:40:17.316	0.58364	0.58365			6
2026.01.22	01:40:18.251	0.58363	0.58366			6
2026.01.22	01:40:25.669	0.58359	0.58362			6
2026.01.22	01:40:28.880	0.58356	0.58360			6
2026.01.22	01:40:29.486	0.58355	0.58359			6
2026.01.22	01:40:30.137		0.58358			4
2026.01.22	01:40:30.443	0.58354	0.58357			6
2026.01.22	01:40:32.396	0.58353				2
2026.01.22	01:40:40.321	0.58354				2
2026.01.22	01:40:46.140	0.58355				2
2026.01.22	01:40:50.806	0.58354	0.58356			6
2026.01.22	01:40:51.108	0.58355	0.58357			6
2026.01.22	01:41:00.115	0.58355				2
2026.01.22	01:41:02.304	0.58357	0.58359			6
2026.01.22	01:41:02.954	0.58358				2
2026.01.22	01:41:03.274		0.58360			4
2026.01.22	01:41:04.225	0.58357				2
2026.01.22	01:41:10.331	0.58358				2
2026.01.22	01:41:10.681	0.58357				2
2026.01.22	01:41:12.590	0.58358				2
2026.01.22	01:41:20.766	0.58357	0.58359			6
2026.01.22	01:41:22.321	0.58356				2
2026.01.22	01:41:22.975	0.58355	0.58357			6
2026.01.22	01:41:24.226	0.58354				2
2026.01.22	01:41:24.633	0.58355				2
2026.01.22	01:41:25.634	0.58353	0.58356			6
2026.01.22	01:41:30.146		0.58355			4
2026.01.22	01:41:30.450	0.58351	0.58353			6
2026.01.22	01:41:31.100	0.58352				2
2026.01.22	01:41:36.225		0.58354			4
2026.01.22	01:41:40.435	0.58353				2
2026.01.22	01:41:57.556	0.58352				2
2026.01.22	01:42:00.035	0.58352				2
2026.01.22	01:42:00.669		0.58353			4
2026.01.22	01:42:00.970		0.58354			4
2026.01.22	01:42:02.239	0.58353	0.58355			6
2026.01.22	01:42:04.426		0.58354			4
2026.01.22	01:42:05.331	0.58352				2
2026.01.22	01:42:05.635	0.58353				2
2026.01.22	01:42:09.368		0.58355			4
2026.01.22	01:42:41.076	0.58352	0.58354			6
2026.01.22	01:42:42.379		0.58355			4
2026.01.22	01:42:45.642	0.58351	0.58354			6
2026.01.22	01:42:50.157	0.58353	0.58356			6
2026.01.22	01:42:51.414	0.58352				2
2026.01.22	01:42:52.367		0.58355			4
2026.01.22	01:42:54.974	0.58353	0.58356			6
2026.01.22	01:43:00.093	0.58352	0.58355			6
2026.01.22	01:43:00.398	0.58353	0.58356			6
2026.01.22	01:43:00.745	0.58352	0.58355			6
2026.01.22	01:43:03.005	0.58355	0.58357			6
2026.01.22	01:43:04.282	0.58354				2
2026.01.22	01:43:11.794		0.58356			4
2026.01.22	01:43:21.433	0.58355				2
2026.01.22	01:43:25.849	0.58354				2
2026.01.22	01:43:34.427	0.58355				2
2026.01.22	01:43:35.355	0.58354				2
2026.01.22	01:43:42.154	0.58355				2
2026.01.22	01:43:42.472	0.58354				2
2026.01.22	01:43:43.407		0.58357			4
2026.01.22	01:44:00.122	0.58354				2
2026.01.22	01:44:01.381	0.58355				2
2026.01.22	01:44:02.333	0.58354	0.58356			6
2026.01.22	01:44:03.283		0.58357			4
2026.01.22	01:44:05.193		0.58356			4
2026.01.22	01:44:15.428	0.58355	0.58357			6
2026.01.22	01:44:16.352	0.58354	0.58358			6
2026.01.22	01:44:17.549	0.58355				2
2026.01.22	01:44:17.899	0.58357	0.58361			6
2026.01.22	01:44:28.422		0.58360			4
2026.01.22	01:44:31.636		0.58361			4
2026.01.22	01:44:35.399		0.58360			4
2026.01.22	01:44:39.867	0.58354	0.58357			6
2026.01.22	01:44:40.214		0.58358			4
2026.01.22	01:44:40.518		0.58357			4
2026.01.22	01:44:44.676	0.58353				2
2026.01.22	01:44:47.245	0.58354				2
2026.01.22	01:44:52.415		0.58356			4
2026.01.22	01:44:54.289	0.58353				2
2026.01.22	01:44:55.225	0.58354				2
2026.01.22	01:44:58.053	0.58358	0.58360			6
2026.01.22	01:44:59.290	0.58357	0.58361			6
2026.01.22	01:45:00.289	0.58358				2
2026.01.22	01:45:00.593	0.58359	0.58362			6
2026.01.22	01:45:00.899	0.58358				2
2026.01.22	01:45:01.799	0.58362	0.58366			6
2026.01.22	01:45:04.044	0.58361	0.58365			6
2026.01.22	01:45:06.176	0.58362				2
2026.01.22	01:45:06.611		0.58366			4
2026.01.22	01:45:08.109		0.58365			4
2026.01.22	01:45:09.680	0.58365	0.58368			6
2026.01.22	01:45:09.982	0.58364				2
2026.01.22	01:45:12.026		0.58367			4
2026.01.22	01:45:22.419	0.58365				2
2026.01.22	01:45:31.773	0.58366	0.58368			6
2026.01.22	01:45:32.405	0.58365				2
2026.01.22	01:45:33.358	0.58366				2
2026.01.22	01:45:35.841	0.58367	0.58369			6
2026.01.22	01:45:36.173		0.58370			4
2026.01.22	01:45:51.429	0.58368				2
2026.01.22	01:45:55.797	0.58366	0.58368			6
2026.01.22	01:45:56.115	0.58364				2
2026.01.22	01:45:56.443	0.58363	0.58367			6
2026.01.22	01:45:56.748	0.58362	0.58366			6
2026.01.22	01:46:00.314	0.58362				2
2026.01.22	01:46:02.417		0.58365			4
2026.01.22	01:46:08.393	0.58363				2
2026.01.22	01:46:29.283	0.58364				2
2026.01.22	01:46:30.239	0.58363				2
2026.01.22	01:46:31.841	0.58364				2
2026.01.22	01:46:46.217	0.58363				2
2026.01.22	01:46:51.558	0.58364	0.58366			6
2026.01.22	01:46:58.772	0.58363	0.58365			6
2026.01.22	01:47:00.024	0.58363				2
2026.01.22	01:47:03.234	0.58362				2
2026.01.22	01:47:09.361	0.58359	0.58362			6
2026.01.22	01:47:09.708	0.58360	0.58363			6
2026.01.22	01:47:10.010	0.58359	0.58362			6
2026.01.22	01:47:10.313		0.58363			4
2026.01.22	01:47:21.351		0.58362			4
2026.01.22	01:47:25.215	0.58360				2
2026.01.22	01:47:34.248	0.58359	0.58363			6
2026.01.22	01:47:36.202	0.58360				2
2026.01.22	01:47:37.157	0.58363	0.58364			6
2026.01.22	01:47:37.458	0.58365	0.58368			6
2026.01.22	01:47:38.111	0.58364				2
2026.01.22	01:47:48.397	0.58365				2
2026.01.22	01:47:50.630	0.58363	0.58366			6
2026.01.22	01:47:51.308	0.58362	0.58365			6
2026.01.22	01:47:52.262		0.58366			4
2026.01.22	01:47:55.122	0.58363	0.58367			6
2026.01.22	01:48:00.292	0.58363	0.58366			6
2026.01.22	01:48:04.154		0.58365			4
2026.01.22	01:48:05.382		0.58366			4
2026.01.22	01:48:05.687	0.58367	0.58371			6
2026.01.22	01:48:06.665		0.58370			4
2026.01.22	01:48:09.874	0.58365	0.58369			6
2026.01.22	01:48:16.404	0.58366				2
2026.01.22	01:48:18.315	0.58365	0.58368			6
2026.01.22	01:48:19.270	0.58366	0.58369			6
2026.01.22	01:48:19.921	0.58365	0.58368			6
2026.01.22	01:48:20.271	0.58366				2
2026.01.22	01:48:22.750	0.58367	0.58369			6
2026.01.22	01:48:41.148	0.58368				2
2026.01.22	01:48:53.290	0.58367				2
2026.01.22	01:49:00.116	0.58367				2
2026.01.22	01:49:22.900		0.58369			4
2026.01.22	01:49:23.503	0.58368				2
2026.01.22	01:49:28.170	0.58367				2
2026.01.22	01:49:28.520	0.58368				2
2026.01.22	01:49:30.378	0.58367				2
2026.01.22	01:49:34.895	0.58368	0.58370			6
2026.01.22	01:49:39.363	0.58367				2
2026.01.22	01:49:48.349	0.58368				2
2026.01.22	01:49:50.299	0.58367				2
2026.01.22	01:49:56.377		0.58369			4
2026.01.22	01:50:00.138	0.58368	0.58370			6
2026.01.22	01:50:01.393	0.58367	0.58371			6
2026.01.22	01:50:05.687	0.58375	0.58379			6
2026.01.22	01:50:07.288	0.58374	0.58378			6
2026.01.22	01:50:11.342	0.58377	0.58381			6
2026.01.22	01:50:11.683	0.58378				2
2026.01.22	01:50:20.699	0.58379	0.58382			6
2026.01.22	01:50:21.322		0.58381			4
2026.01.22	01:50:22.327	0.58378				2
2026.01.22	01:50:25.132	0.58379	0.58382			6
2026.01.22	01:50:27.389		0.58381			4
2026.01.22	01:50:37.951	0.58380	0.58382			6
2026.01.22	01:50:50.753	0.58379	0.58381			6
2026.01.22	01:51:00.140	0.58379				2
2026.01.22	01:51:50.991		0.58381			4
2026.01.22	01:51:58.267	0.58378	0.58382			6
2026.01.22	01:52:00.269	0.58378	0.58381			6
2026.01.22	01:52:03.485	0.58380	0.58383			6
2026.01.22	01:52:03.819	0.58379	0.58382			6
2026.01.22	01:52:04.139		0.58383			4
2026.01.22	01:52:06.412	0.58378	0.58382			6
2026.01.22	01:52:11.926	0.58379				2
2026.01.22	01:52:14.188		0.58383			4
2026.01.22	01:52:16.149		0.58382			4
2026.01.22	01:52:20.970	0.58381	0.58384			6
2026.01.22	01:52:21.622	0.58380	0.58383			6
2026.01.22	01:52:29.346	0.58381				2
2026.01.22	01:52:38.046	0.58380	0.58382			6
2026.01.22	01:52:44.252	0.58379				2
2026.01.22	01:52:45.253	0.58380				2
2026.01.22	01:52:55.844	0.58379	0.58381			6
2026.01.22	01:52:57.401	0.58378	0.58382			6
2026.01.22	01:53:00.263	0.58378				2
2026.01.22	01:53:01.615	0.58379	0.58383			6
2026.01.22	01:53:10.325		0.58382			4
2026.01.22	01:53:16.260	0.58380				2
2026.01.22	01:53:22.505	0.58379	0.58381			6
2026.01.22	01:53:24.363	0.58378	0.58382			6
2026.01.22	01:53:30.214		0.58381			4
2026.01.22	01:53:32.475	0.58379	0.58382			6
2026.01.22	01:53:35.432		0.58381			4
2026.01.22	01:53:38.847	0.58380	0.58382			6
2026.01.22	01:53:40.401		0.58383			4
2026.01.22	01:53:42.011	0.58379	0.58382			6
2026.01.22	01:53:52.421	0.58378	0.58380			6
2026.01.22	01:53:53.354		0.58381			4
2026.01.22	01:53:59.172		0.58380			4
2026.01.22	01:54:00.098	0.58378				2
2026.01.22	01:54:06.003	0.58379				2
2026.01.22	01:54:10.039	0.58378				2
2026.01.22	01:54:12.225	0.58379				2
2026.01.22	01:54:12.528	0.58374	0.58376			6
2026.01.22	01:54:13.150	0.58375				2
2026.01.22	01:54:14.402	0.58373	0.58377			6
2026.01.22	01:54:16.125	0.58372	0.58376			6
2026.01.22	01:54:25.429	0.58373				2
2026.01.22	01:54:26.081	0.58372	0.58375			6
2026.01.22	01:54:29.292	0.58373				2
2026.01.22	01:54:30.548	0.58371	0.58373			6
2026.01.22	01:54:30.851	0.58369	0.58371			6
2026.01.22	01:54:32.124	0.58368	0.58372			6
2026.01.22	01:54:36.676	0.58369	0.58373			6
2026.01.22	01:54:36.986	0.58368	0.58372			6
2026.01.22	01:54:41.191		0.58371			4
2026.01.22	01:54:46.364	0.58369				2
2026.01.22	01:54:53.257	0.58368	0.58369			6
2026.01.22	01:54:53.560		0.58370			4
2026.01.22	01:54:57.608	0.58366	0.58368			6
2026.01.22	01:54:59.163	0.58365	0.58369			6
2026.01.22	01:55:00.162	0.58365				2
2026.01.22	01:55:00.467	0.58366				2
2026.01.22	01:55:01.422		0.58368			4
2026.01.22	01:55:06.526	0.58368	0.58370			6
2026.01.22	01:55:07.167		0.58371			4
2026.01.22	01:55:08.102		0.58370			4
2026.01.22	01:55:19.856	0.58369				2
2026.01.22	01:55:21.409		0.58371			4
2026.01.22	01:55:22.335		0.58370			4
2026.01.22	01:55:25.173		0.58371			4
2026.01.22	01:55:32.351	0.58370				2
2026.01.22	01:55:33.301	0.58369				2
2026.01.22	01:55:34.530		0.58370			4
2026.01.22	01:55:38.273		0.58371			4
2026.01.22	01:55:48.228		0.58370			4
2026.01.22	01:55:49.183		0.58371			4
2026.01.22	01:56:00.101	0.58369				2
2026.01.22	01:56:03.239	0.58372	0.58374			6
2026.01.22	01:56:04.167		0.58375			4
2026.01.22	01:56:05.456	0.58371				2
2026.01.22	01:56:06.111	0.58372				2
2026.01.22	01:56:06.421		0.58376			4
2026.01.22	01:56:07.295	0.58370	0.58374			6
2026.01.22	01:56:10.468	0.58371	0.58375			6
2026.01.22	01:56:13.118		0.58374			4
2026.01.22	01:56:14.794		0.58375			4
2026.01.22	01:56:17.289		0.58374			4
2026.01.22	01:56:21.185		0.58373			4
2026.01.22	01:56:29.584	0.58372	0.58374			6
2026.01.22	01:56:39.302		0.58373			4
2026.01.22	01:56:42.715	0.58371	0.58372			6
2026.01.22	01:56:43.638	0.58372	0.58373			6
2026.01.22	01:56:44.270	0.58371				2
2026.01.22	01:56:49.242	0.58372				2
2026.01.22	01:56:50.193	0.58371				2
2026.01.22	01:56:52.052	0.58372	0.58374			6
2026.01.22	01:56:53.280	0.58371				2
2026.01.22	01:56:54.565		0.58375			4
2026.01.22	01:56:55.217		0.58374			4
2026.01.22	01:56:59.383	0.58372				2
2026.01.22	01:57:00.004	0.58372				2
2026.01.22	01:57:02.193	0.58371	0.58373			6
2026.01.22	01:57:02.800	0.58372	0.58374			6
2026.01.22	01:57:08.420		0.58373			4
2026.01.22	01:57:10.929		0.58374			4
2026.01.22	01:57:13.110	0.58374	0.58375			6
2026.01.22	01:57:13.737	0.58373				2
2026.01.22	01:57:14.357	0.58372	0.58376			6
2026.01.22	01:57:17.253	0.58373				2
2026.01.22	01:57:20.162	0.58372	0.58375			6
2026.01.22	01:57:21.419	0.58373				2
2026.01.22	01:57:24.530	0.58372	0.58374			6
2026.01.22	01:57:25.482	0.58374	0.58375			6
2026.01.22	01:57:25.786	0.58376	0.58378			6
2026.01.22	01:57:26.406	0.58375	0.58379			6
2026.01.22	01:57:27.692		0.58377			4
2026.01.22	01:57:28.002	0.58374				2
2026.01.22	01:57:30.508		0.58378			4
2026.01.22	01:57:32.123	0.58375				2
2026.01.22	01:57:35.371		0.58377			4
2026.01.22	01:57:50.429	0.58377	0.58379			6
2026.01.22	01:57:50.731	0.58378	0.58380			6
2026.01.22	01:57:51.353	0.58377	0.58381			6
2026.01.22	01:58:00.578	0.58374	0.58377			6
2026.01.22	01:58:12.416	0.58375				2
2026.01.22	01:58:14.275	0.58374	0.58376			6
2026.01.22	01:58:15.831	0.58371	0.58374			6
2026.01.22	01:58:16.181		0.58375			4
2026.01.22	01:58:19.395		0.58374			4
2026.01.22	01:58:23.213	0.58372				2
2026.01.22	01:58:28.249	0.58373				2
2026.01.22	01:58:32.349	0.58371	0.58372			6
2026.01.22	01:58:33.301	0.58369				2
2026.01.22	01:58:37.216	0.58370				2
2026.01.22	01:58:38.138	0.58369				2
2026.01.22	01:58:38.777	0.58370	0.58373			6
2026.01.22	01:58:40.427	0.58371				2
2026.01.22	01:58:45.446	0.58372				2
2026.01.22	01:58:51.068	0.58370	0.58372			6
2026.01.22	01:58:57.056	0.58373	0.58374			6
2026.01.22	01:58:57.369	0.58372	0.58375			6
2026.01.22	01:59:00.178	0.58372	0.58376			6
2026.01.22	01:59:00.521	0.58373				2
2026.01.22	01:59:12.643		0.58377			4
2026.01.22	01:59:16.412		0.58376			4
2026.01.22	01:59:19.326	0.58374				2
2026.01.22	01:59:21.201		0.58375			4
2026.01.22	01:59:32.124	0.58373				2
2026.01.22	01:59:33.052	0.58374				2
2026.01.22	01:59:33.375	0.58373				2
2026.01.22	01:59:40.253	0.58374				2
2026.01.22	01:59:46.221	0.58373				2
2026.01.22	01:59:48.729		0.58374			4
2026.01.22	01:59:49.039	0.58370	0.58372			6
2026.01.22	01:59:49.651		0.58371			4
2026.01.22	01:59:50.282	0.58369	0.58372			6
2026.01.22	01:59:52.539	0.58368				2
2026.01.22	01:59:53.055	0.58369				2
2026.01.22	01:59:54.817	0.58372	0.58376			6
2026.01.22	02:00:00.317	0.58372				2
2026.01.22	02:00:02.116	0.58373	0.58377			6
2026.01.22	02:00:02.630	0.58374	0.58378			6
2026.01.22	02:00:05.243	0.58377	0.58380			6
2026.01.22	02:00:05.551	0.58378	0.58381			6
2026.01.22	02:00:06.844	0.58377	0.58380			6
2026.01.22	02:00:07.192		0.58381			4
2026.01.22	02:00:08.154	0.58376	0.58378			6
2026.01.22	02:00:08.460	0.58375				2
2026.01.22	02:00:09.573	0.58368	0.58372			6
2026.01.22	02:00:09.879	0.58367	0.58371			6
2026.01.22	02:00:10.738	0.58368				2
2026.01.22	02:00:15.377	0.58367	0.58369			6
2026.01.22	02:00:15.807		0.58370			4
2026.01.22	02:00:17.245		0.58371			4
2026.01.22	02:00:22.399		0.58370			4
2026.01.22	02:00:26.818	0.58366	0.58369			6
2026.01.22	02:00:27.165		0.58367			4
2026.01.22	02:00:27.470	0.58367	0.58369			6
2026.01.22	02:00:28.120	0.58366	0.58367			6
2026.01.22	02:00:28.422	0.58367	0.58369			6
2026.01.22	02:00:29.423	0.58366	0.58367			6
2026.01.22	02:00:29.726	0.58367	0.58369			6
2026.01.22	02:00:30.029	0.58366	0.58367			6
2026.01.22	02:00:30.378	0.58367	0.58369			6
2026.01.22	02:00:30.683	0.58366	0.58367			6
2026.01.22	02:00:31.028	0.58367	0.58369			6
2026.01.22	02:00:31.333	0.58365	0.58368			6
2026.01.22	02:00:32.288	0.58366	0.58369			6
2026.01.22	02:00:34.591	0.58365	0.58368			6
2026.01.22	02:00:35.547	0.58364	0.58367			6
2026.01.22	02:00:36.195		0.58368			4
2026.01.22	02:00:38.104	0.58365				2
2026.01.22	02:00:38.412	0.58364	0.58367			6
2026.01.22	02:00:38.742		0.58366			4
2026.01.22	02:00:40.662		0.58367			4
2026.01.22	02:00:42.922	0.58365	0.58368			6
2026.01.22	02:00:47.436	0.58367	0.58369			6
2026.01.22	02:00:47.741		0.58370			4
2026.01.22	02:00:50.953	0.58368				2
2026.01.22	02:00:53.811	0.58369	0.58371			6
2026.01.22	02:00:54.114	0.58368	0.58370			6
2026.01.22	02:00:59.130	0.58369	0.58371			6
2026.01.22	02:01:00.054	0.58369				2
2026.01.22	02:01:03.149	0.58371	0.58373			6
2026.01.22	02:01:03.452	0.58373	0.58375			6
2026.01.22	02:01:04.402	0.58372				2
2026.01.22	02:01:09.921		0.58376			4
2026.01.22	02:01:10.415		0.58375			4
2026.01.22	02:01:16.189	0.58373				2
2026.01.22	02:01:18.972	0.58374	0.58376			6
2026.01.22	02:01:20.224		0.58377			4
2026.01.22	02:01:21.208		0.58376			4
2026.01.22	02:01:22.131	0.58373				2
2026.01.22	02:01:24.370	0.58374				2
2026.01.22	02:01:24.672	0.58375	0.58377			6
2026.01.22	02:01:28.400	0.58374	0.58376			6
2026.01.22	02:01:29.053	0.58375	0.58377			6
2026.01.22	02:01:29.356	0.58374				2
2026.01.22	02:01:30.937	0.58378	0.58379			6
2026.01.22	02:01:31.245		0.58381			4
2026.01.22	02:01:35.538	0.58379				2
2026.01.22	02:01:35.845	0.58381	0.58384			6
2026.01.22	02:01:40.966	0.58382	0.58385			6
2026.01.22	02:01:41.270	0.58383	0.58386			6
2026.01.22	02:01:41.920	0.58381	0.58384			6
2026.01.22	02:01:42.224	0.58382	0.58385			6
2026.01.22	02:01:44.480		0.58386			4
2026.01.22	02:01:45.534		0.58385			4
2026.01.22	02:01:46.834		0.58386			4
2026.01.22	02:01:47.137	0.58383				2
2026.01.22	02:01:47.488	0.58386	0.58387			6
2026.01.22	02:01:47.794	0.58384				2
2026.01.22	02:01:50.283	0.58383	0.58386			6
2026.01.22	02:01:52.855	0.58382	0.58384			6
2026.01.22	02:01:53.159	0.58381	0.58383			6
2026.01.22	02:01:54.156		0.58384			4
2026.01.22	02:01:55.762	0.58382	0.58385			6
2026.01.22	02:01:59.624		0.58384			4
2026.01.22	02:02:00.278	0.58382	0.58385			6
2026.01.22	02:02:01.533	0.58383	0.58384			6
2026.01.22	02:02:01.882		0.58385			4
2026.01.22	02:02:03.458		0.58384			4
2026.01.22	02:02:06.566		0.58385			4
2026.01.22	02:02:06.869		0.58384			4
2026.01.22	02:02:07.803		0.58385			4
2026.01.22	02:02:12.771		0.58384			4
2026.01.22	02:02:13.395	0.58387	0.58388			6
2026.01.22	02:02:13.699	0.58388	0.58389			6
2026.01.22	02:02:14.016		0.58390			4
2026.01.22	02:02:14.323		0.58391			4
2026.01.22	02:02:16.887	0.58389	0.58392			6
2026.01.22	02:02:17.436		0.58391			4
2026.01.22	02:02:18.088	0.58388				2
2026.01.22	02:02:23.255		0.58390			4
2026.01.22	02:02:24.209		0.58391			4
2026.01.22	02:02:24.514		0.58390			4
2026.01.22	02:02:24.866		0.58391			4
2026.01.22	02:02:27.127		0.58390			4
2026.01.22	02:02:33.349		0.58389			4
2026.01.22	02:02:35.209		0.58390			4
2026.01.22	02:02:40.526		0.58389			4
2026.01.22	02:02:43.942		0.58390			4
2026.01.22	02:02:58.297		0.58391			4
2026.01.22	02:02:59.253		0.58390			4
2026.01.22	02:03:00.209	0.58388				2
2026.01.22	02:03:02.416		0.58389			4
2026.01.22	02:03:03.342	0.58385	0.58387			6
2026.01.22	02:03:03.670		0.58386			4
2026.01.22	02:03:04.277	0.58383	0.58387			6
2026.01.22	02:03:05.677	0.58384				2
2026.01.22	02:03:13.307		0.58386			4
2026.01.22	02:03:14.838	0.58385	0.58387			6
2026.01.22	02:03:15.789	0.58384	0.58386			6
2026.01.22	02:03:16.436	0.58385	0.58387			6
2026.01.22	02:03:17.973	0.58384	0.58386			6
2026.01.22	02:03:28.891	0.58383	0.58385			6
2026.01.22	02:03:31.698	0.58384	0.58386			6
2026.01.22	02:03:32.305	0.58383				2
2026.01.22	02:03:33.237	0.58384				2
2026.01.22	02:03:34.807	0.58383	0.58385			6
2026.01.22	02:03:35.139		0.58386			4
2026.01.22	02:03:36.093		0.58385			4
2026.01.22	02:03:47.397	0.58384				2
2026.01.22	02:03:48.351		0.58386			4
2026.01.22	02:03:57.366	0.58383	0.58385			6
2026.01.22	02:03:58.315		0.58386			4
2026.01.22	02:04:00.224	0.58383	0.58385			6
2026.01.22	02:04:10.519	0.58378	0.58380			6
2026.01.22	02:04:11.164		0.58381			4
2026.01.22	02:04:13.119	0.58374	0.58377			6
2026.01.22	02:04:13.422	0.58373	0.58376			6
2026.01.22	02:04:13.726		0.58377			4
2026.01.22	02:04:16.516	0.58372	0.58376			6
2026.01.22	02:04:20.393	0.58367	0.58371			6
2026.01.22	02:04:20.699	0.58362	0.58366			6
2026.01.22	02:04:21.045	0.58363				2
2026.01.22	02:04:25.268	0.58362				2
2026.01.22	02:04:26.259	0.58363				2
2026.01.22	02:04:27.501	0.58362				2
2026.01.22	02:04:31.834	0.58363	0.58367			6
2026.01.22	02:04:32.774		0.58366			4
2026.01.22	02:04:36.343	0.58367	0.58370			6
2026.01.22	02:04:37.258	0.58368	0.58371			6
2026.01.22	02:04:37.909	0.58367				2
2026.01.22	02:04:38.350		0.58370			4
2026.01.22	02:04:40.786	0.58368	0.58371			6
2026.01.22	02:04:41.769	0.58367	0.58370			6
2026.01.22	02:04:45.279	0.58368				2
2026.01.22	02:04:45.930	0.58367	0.58369			6
2026.01.22	02:04:49.363	0.58366	0.58368			6
2026.01.22	02:04:51.252	0.58364	0.58366			6
2026.01.22	02:04:51.570	0.58363	0.58365			6
2026.01.22	02:04:52.202		0.58366			4
2026.01.22	02:04:52.555		0.58365			4
2026.01.22	02:04:55.736		0.58364			4
2026.01.22	02:04:58.846		0.58365			4
2026.01.22	02:05:00.101	0.58363				2
2026.01.22	02:05:00.409	0.58362	0.58364			6
2026.01.22	02:05:00.730	0.58363	0.58365			6
2026.01.22	02:05:01.336	0.58362				2
2026.01.22	02:05:01.638	0.58363	0.58366			6
2026.01.22	02:05:01.952	0.58366	0.58368			6
2026.01.22	02:05:02.258	0.58367	0.58370			6
2026.01.22	02:05:02.593	0.58366				2
2026.01.22	02:05:05.404	0.58367				2
2026.01.22	02:05:10.773		0.58369			4
2026.01.22	02:05:11.727		0.58370			4
2026.01.22	02:05:12.378	0.58368				2
2026.01.22	02:05:14.859	0.58370	0.58372			6
2026.01.22	02:05:15.165	0.58371	0.58375			6
2026.01.22	02:05:15.841		0.58374			4
2026.01.22	02:05:16.144	0.58370	0.58373			6
2026.01.22	02:05:17.397		0.58374			4
2026.01.22	02:05:18.398		0.58373			4
2026.01.22	02:05:21.313	0.58371	0.58374			6
2026.01.22	02:05:24.247	0.58373	0.58376			6
2026.01.22	02:05:27.432	0.58374				2
2026.01.22	02:05:34.983	0.58377	0.58378			6
2026.01.22	02:05:35.290	0.58378	0.58380			6
2026.01.22	02:05:36.239	0.58377	0.58381			6
2026.01.22	02:05:37.216		0.58380			4
2026.01.22	02:05:37.524	0.58376				2
2026.01.22	02:05:42.390		0.58379			4
2026.01.22	02:05:44.343	0.58377	0.58380			6
2026.01.22	02:05:44.646	0.58378				2
2026.01.22	02:05:44.998	0.58377				2
2026.01.22	02:05:45.301	0.58376	0.58379			6
2026.01.22	02:05:45.646	0.58377	0.58380			6
2026.01.22	02:05:49.213	0.58376	0.58379			6
2026.01.22	02:05:52.426	0.58377				2
2026.01.22	02:06:00.228	0.58377				2
2026.01.22	02:06:00.531	0.58379	0.58380			6
2026.01.22	02:06:01.164		0.58381			4
2026.01.22	02:06:07.137	0.58378	0.58380			6
2026.01.22	02:06:10.896	0.58379	0.58381			6
2026.01.22	02:06:12.772	0.58378	0.58380			6
2026.01.22	02:06:17.741	0.58380	0.58381			6
2026.01.22	02:06:19.302	0.58379				2
2026.01.22	02:06:31.495	0.58383	0.58385			6
2026.01.22	02:06:33.052	0.58384				2
2026.01.22	02:06:33.356		0.58387			4
2026.01.22	02:06:36.122		0.58386			4
2026.01.22	02:06:36.441	0.58383	0.58387			6
2026.01.22	02:06:36.797		0.58386			4
2026.01.22	02:06:37.165	0.58384	0.58387			6
2026.01.22	02:06:37.859	0.58383				2
2026.01.22	02:06:39.409		0.58386			4
2026.01.22	02:06:40.408		0.58385			4
2026.01.22	02:06:41.364		0.58386			4
2026.01.22	02:06:42.936		0.58387			4
2026.01.22	02:06:43.423		0.58386			4
2026.01.22	02:06:44.423		0.58387			4
2026.01.22	02:06:45.022		0.58386			4
2026.01.22	02:06:47.632	0.58384				2
2026.01.22	02:06:49.242		0.58385			4
2026.01.22	02:06:52.351	0.58383				2
2026.01.22	02:07:00.130	0.58383				2
2026.01.22	02:07:00.781	0.58384				2
2026.01.22	02:07:06.096	0.58385	0.58386			6
2026.01.22	02:07:06.702	0.58383	0.58385			6
2026.01.22	02:07:31.341	0.58378	0.58380			6
2026.01.22	02:07:32.295		0.58381			4
2026.01.22	02:07:33.296	0.58377				2
2026.01.22	02:07:35.904		0.58380			4
2026.01.22	02:07:36.935		0.58381			4
2026.01.22	02:07:39.217	0.58374	0.58377			6
2026.01.22	02:07:40.590	0.58373				2
2026.01.22	02:07:44.757		0.58376			4
2026.01.22	02:07:47.538	0.58372	0.58375			6
2026.01.22	02:07:47.862	0.58373	0.58376			6
2026.01.22	02:07:52.353	0.58374				2
2026.01.22	02:07:57.687	0.58373	0.58375			6
2026.01.22	02:08:00.193	0.58373				2
2026.01.22	02:08:02.053	0.58374	0.58376			6
2026.01.22	02:08:02.684	0.58373	0.58375			6
2026.01.22	02:08:03.612	0.58374	0.58376			6
2026.01.22	02:08:05.177	0.58375	0.58377			6
2026.01.22	02:08:06.417	0.58374	0.58376			6
2026.01.22	02:08:07.046	0.58375	0.58377			6
2026.01.22	02:08:07.351	0.58374				2
2026.01.22	02:08:09.257		0.58376			4
2026.01.22	02:08:10.510	0.58377	0.58378			6
2026.01.22	02:08:10.817	0.58379	0.58381			6
2026.01.22	02:08:11.131	0.58378				2
2026.01.22	02:08:12.115	0.58377				2
2026.01.22	02:08:12.430	0.58373	0.58377			6
2026.01.22	02:08:17.297	0.58374				2
2026.01.22	02:08:17.940	0.58373				2
2026.01.22	02:08:18.573	0.58374	0.58378			6
2026.01.22	02:08:21.449		0.58377			4
2026.01.22	02:08:22.056		0.58378			4
2026.01.22	02:08:23.205		0.58377			4
2026.01.22	02:08:25.767	0.58373	0.58376			6
2026.01.22	02:08:30.281	0.58374				2
2026.01.22	02:08:34.351	0.58375				2
2026.01.22	02:09:00.236	0.58375				2
2026.01.22	02:09:02.397	0.58374				2
2026.01.22	02:09:06.244	0.58375				2
2026.01.22	02:09:07.192	0.58374				2
2026.01.22	02:09:10.707	0.58376	0.58377			6
2026.01.22	02:09:11.012	0.58374	0.58376			6
2026.01.22	02:09:14.222	0.58373				2
2026.01.22	02:09:15.175	0.58374	0.58377			6
2026.01.22	02:09:15.812	0.58373	0.58376			6
2026.01.22	02:09:17.382	0.58374				2
2026.01.22	02:09:20.286	0.58373				2
2026.01.22	02:09:25.409		0.58375			4
2026.01.22	02:09:27.014	0.58374	0.58376			6
2026.01.22	02:09:27.969	0.58373	0.58375			6
2026.01.22	02:09:30.229	0.58374	0.58376			6
2026.01.22	02:09:31.183	0.58373				2
2026.01.22	02:09:32.183	0.58372	0.58375			6
2026.01.22	02:09:32.488	0.58370	0.58372			6
2026.01.22	02:09:32.789	0.58369				2
2026.01.22	02:09:34.161	0.58370				2
2026.01.22	02:09:35.067	0.58369				2
2026.01.22	02:09:37.905		0.58373			4
2026.01.22	02:09:38.254		0.58372			4
2026.01.22	02:09:40.742	0.58370	0.58373			6
2026.01.22	02:09:41.881	0.58369	0.58372			6
2026.01.22	02:09:42.809	0.58368				2
2026.01.22	02:09:44.057	0.58369				2
2026.01.22	02:09:47.869	0.58372	0.58375			6
2026.01.22	02:09:48.172	0.58371	0.58372			6
2026.01.22	02:09:48.478	0.58368				2
2026.01.22	02:09:56.132	0.58369				2
2026.01.22	02:09:57.739	0.58368				2
2026.01.22	02:09:59.326	0.58369				2
2026.01.22	02:10:00.292	0.58369				2
2026.01.22	02:10:01.550	0.58368	0.58371			6
2026.01.22	02:10:04.112	0.58369				2
2026.01.22	02:10:05.667	0.58370	0.58372			6
2026.01.22	02:10:08.147	0.58369	0.58371			6
2026.01.22	02:10:09.400	0.58368				2
2026.01.22	02:10:11.338	0.58369				2
2026.01.22	02:10:17.256	0.58368	0.58370			6
2026.01.22	02:10:22.847	0.58369				2
2026.01.22	02:10:26.596	0.58370	0.58371			6
2026.01.22	02:10:26.912	0.58369	0.58370			6
2026.01.22	02:10:27.215	0.58370	0.58371			6
2026.01.22	02:10:28.149	0.58369				2
2026.01.22	02:10:30.962	0.58371	0.58372			6
2026.01.22	02:10:31.266	0.58373	0.58376			6
2026.01.22	02:10:32.269		0.58377			4
2026.01.22	02:10:32.587	0.58369	0.58372			6
2026.01.22	02:10:33.110	0.58368				2
2026.01.22	02:10:34.303		0.58371			4
2026.01.22	02:10:42.104	0.58369	0.58372			6
2026.01.22	02:10:45.361		0.58371			4
2026.01.22	02:10:59.990	0.58370				2
2026.01.22	02:11:00.322	0.58370				2
2026.01.22	02:11:02.786	0.58369				2
2026.01.22	02:11:18.363	0.58370	0.58372			6
2026.01.22	02:11:19.916	0.58369	0.58371			6
2026.01.22	02:11:21.772	0.58370	0.58372			6
2026.01.22	02:11:22.708		0.58371			4
2026.01.22	02:11:23.329	0.58368				2
2026.01.22	02:11:23.638	0.58373	0.58376			6
2026.01.22	02:11:24.268		0.58377			4
2026.01.22	02:11:33.393		0.58376			4
2026.01.22	02:11:36.309	0.58374				2
2026.01.22	02:11:38.819	0.58373	0.58375			6
2026.01.22	02:11:41.328	0.58374	0.58376			6
2026.01.22	02:11:41.646		0.58375			4
2026.01.22	02:11:46.314	0.58373				2
2026.01.22	02:11:47.264	0.58370	0.58372			6
2026.01.22	02:11:48.199	0.58369	0.58373			6
2026.01.22	02:11:49.154	0.58370				2
2026.01.22	02:11:49.459		0.58374			4
2026.01.22	02:11:53.423	0.58371				2
2026.01.22	02:11:55.367	0.58374	0.58376			6
2026.01.22	02:11:56.301	0.58373				2
2026.01.22	02:11:58.239	0.58374				2
2026.01.22	02:11:59.545	0.58373				2
2026.01.22	02:12:00.200	0.58373				2
2026.01.22	02:12:01.155	0.58374				2
2026.01.22	02:12:03.361	0.58373	0.58375			6
2026.01.22	02:12:03.983	0.58374	0.58376			6
2026.01.22	02:12:05.240	0.58373	0.58375			6
2026.01.22	02:12:05.567	0.58374	0.58376			6
2026.01.22	02:12:10.607	0.58375				2
2026.01.22	02:12:11.846	0.58377	0.58379			6
2026.01.22	02:12:12.794	0.58376	0.58377			6
2026.01.22	02:12:13.096	0.58377	0.58378			6
2026.01.22	02:12:13.401	0.58375				2
2026.01.22	02:12:13.749	0.58374	0.58377			6
2026.01.22	02:12:20.240		0.58378			4
2026.01.22	02:12:22.432	0.58375				2
2026.01.22	02:12:22.735	0.58376	0.58379			6
2026.01.22	02:12:23.437	0.58377				2
2026.01.22	02:12:24.391	0.58376				2
2026.01.22	02:12:26.098	0.58377				2
2026.01.22	02:12:29.227	0.58378				2
2026.01.22	02:12:32.068	0.58375	0.58377			6
2026.01.22	02:12:37.054	0.58376				2
2026.01.22	02:12:41.725	0.58375				2
2026.01.22	02:12:57.964	0.58377	0.58379			6
2026.01.22	02:12:58.268	0.58376	0.58377			6
2026.01.22	02:13:00.139	0.58376				2
2026.01.22	02:13:00.443	0.58375				2
2026.01.22	02:13:10.413	0.58374				2
2026.01.22	02:13:12.421	0.58376	0.58378			6
2026.01.22	02:13:13.343	0.58375				2
2026.01.22	02:13:15.330	0.58376				2
2026.01.22	02:13:33.509	0.58379	0.58381			6
2026.01.22	02:13:34.157	0.58378	0.58382			6
2026.01.22	02:13:35.339	0.58379				2
2026.01.22	02:13:47.212		0.58381			4
2026.01.22	02:13:51.250	0.58378				2
2026.01.22	02:13:53.436	0.58379				2
2026.01.22	02:14:00.313	0.58379				2
2026.01.22	02:14:04.348	0.58378				2
2026.01.22	02:14:07.321	0.58379				2
2026.01.22	02:14:11.354	0.58378				2
2026.01.22	02:14:11.664	0.58379	0.58382			6
2026.01.22	02:14:12.354	0.58380				2
2026.01.22	02:14:13.280	0.58379				2
2026.01.22	02:14:16.275	0.58380				2
2026.01.22	02:14:23.149	0.58379				2
2026.01.22	02:14:25.362		0.58381			4
2026.01.22	02:14:28.792	0.58375	0.58377			6
2026.01.22	02:14:29.423	0.58374	0.58376			6
2026.01.22	02:14:30.347		0.58377			4
2026.01.22	02:14:46.042	0.58378	0.58381			6
2026.01.22	02:14:46.384	0.58379				2
2026.01.22	02:14:47.306	0.58378				2
2026.01.22	02:15:00.306	0.58379				2
2026.01.22	02:15:06.228	0.58375	0.58377			6
2026.01.22	02:15:06.534	0.58374	0.58376			6
2026.01.22	02:15:07.183	0.58373				2
2026.01.22	02:15:12.029		0.58377			4
2026.01.22	02:15:13.321	0.58374	0.58378			6
2026.01.22	02:15:16.338		0.58377			4
2026.01.22	02:15:20.295	0.58375	0.58378			6
2026.01.22	02:15:20.616	0.58374	0.58376			6
2026.01.22	02:15:21.417	0.58375				2
2026.01.22	02:15:21.735		0.58377			4
2026.01.22	02:15:22.689	0.58376				2
2026.01.22	02:15:22.998		0.58378			4
2026.01.22	02:15:23.624	0.58377	0.58379			6
2026.01.22	02:15:23.945	0.58376	0.58378			6
2026.01.22	02:15:24.249	0.58377	0.58379			6
2026.01.22	02:15:24.552	0.58376	0.58378			6
2026.01.22	02:15:26.419	0.58378	0.58380			6
2026.01.22	02:15:52.528	0.58377	0.58379			6
2026.01.22	02:15:53.153	0.58376	0.58380			6
2026.01.22	02:15:53.810	0.58377				2
2026.01.22	02:15:54.135	0.58376				2
2026.01.22	02:15:55.616		0.58378			4
2026.01.22	02:15:58.116	0.58377				2
2026.01.22	02:15:58.980		0.58379			4
2026.01.22	02:16:00.550	0.58372	0.58375			6
2026.01.22	02:16:01.025		0.58376			4
2026.01.22	02:16:10.390	0.58373				2
2026.01.22	02:16:11.646		0.58374			4
2026.01.22	02:16:15.111		0.58375			4
2026.01.22	02:16:15.430		0.58374			4
2026.01.22	02:16:15.734	0.58370	0.58371			6
2026.01.22	02:16:16.066	0.58369				2
2026.01.22	02:16:16.383	0.58368				2
2026.01.22	02:16:22.256	0.58367	0.58370			6
2026.01.22	02:16:23.816	0.58368				2
2026.01.22	02:16:24.434	0.58367				2
2026.01.22	02:16:24.745	0.58365	0.58368			6
2026.01.22	02:16:25.083		0.58367			4
2026.01.22	02:16:25.386	0.58367	0.58370			6
2026.01.22	02:16:25.694	0.58366				2
2026.01.22	02:16:27.501	0.58367				2
2026.01.22	02:16:29.771	0.58368	0.58371			6
2026.01.22	02:16:30.387	0.58367				2
2026.01.22	02:16:32.201	0.58368				2
2026.01.22	02:16:35.423		0.58370			4
2026.01.22	02:16:37.302		0.58369			4
2026.01.22	02:16:38.632	0.58369	0.58370			6
2026.01.22	02:16:39.896		0.58371			4
2026.01.22	02:16:42.904	0.58370				2
2026.01.22	02:16:43.207	0.58369				2
2026.01.22	02:16:43.526	0.58371	0.58372			6
2026.01.22	02:16:44.178	0.58370	0.58371			6
2026.01.22	02:16:45.424	0.58371	0.58373			6
2026.01.22	02:16:49.144	0.58372				2
2026.01.22	02:16:50.400		0.58374			4
2026.01.22	02:16:53.860	0.58371	0.58373			6
2026.01.22	02:16:54.492	0.58373	0.58375			6
2026.01.22	02:16:54.812	0.58374	0.58376			6
2026.01.22	02:16:55.115	0.58373	0.58377			6
2026.01.22	02:16:57.356		0.58376			4
2026.01.22	02:16:57.659		0.58374			4
2026.01.22	02:17:00.268	0.58373				2
2026.01.22	02:17:02.845		0.58375			4
2026.01.22	02:17:06.287	0.58372	0.58374			6
2026.01.22	02:17:06.592	0.58370	0.58372			6
2026.01.22	02:17:07.240	0.58369	0.58373			6
2026.01.22	02:17:12.332	0.58370				2
2026.01.22	02:17:13.012	0.58369	0.58372			6
2026.01.22	02:17:14.951	0.58368	0.58371			6
2026.01.22	02:17:15.923	0.58367	0.58370			6
2026.01.22	02:17:16.274	0.58368				2
2026.01.22	02:17:20.337		0.58369			4
2026.01.22	02:17:20.640	0.58367	0.58368			6
2026.01.22	02:17:21.262		0.58369			4
2026.01.22	02:17:22.193	0.58366				2
2026.01.22	02:17:23.146	0.58367				2
2026.01.22	02:17:29.367	0.58368				2
2026.01.22	02:17:32.528		0.58370			4
2026.01.22	02:17:32.830	0.58367	0.58369			6
2026.01.22	02:17:37.197	0.58368	0.58370			6
2026.01.22	02:17:39.072	0.58367	0.58369			6
2026.01.22	02:17:39.404		0.58370			4
2026.01.22	02:17:40.404		0.58369			4
2026.01.22	02:17:45.424	0.58368	0.58370			6
2026.01.22	02:17:45.726	0.58367	0.58369			6
2026.01.22	02:17:46.978	0.58368	0.58370			6
2026.01.22	02:17:47.281	0.58367	0.58369			6
2026.01.22	02:17:49.764	0.58368				2
2026.01.22	02:17:51.346	0.58366	0.58367			6
2026.01.22	02:17:51.965	0.58365				2
2026.01.22	02:17:52.267	0.58364	0.58368			6
2026.01.22	02:17:54.401	0.58365				2
2026.01.22	02:17:57.358		0.58367			4
2026.01.22	02:17:57.666	0.58364				2
2026.01.22	02:17:59.967	0.58365	0.58368			6
2026.01.22	02:18:00.271	0.58365	0.58367			6
2026.01.22	02:18:02.796	0.58366	0.58368			6
2026.01.22	02:18:03.401	0.58365	0.58367			6
2026.01.22	02:18:05.893	0.58366	0.58368			6
2026.01.22	02:18:06.844	0.58368	0.58370			6
2026.01.22	02:18:07.161	0.58367	0.58371			6
2026.01.22	02:18:09.224	0.58368				2
2026.01.22	02:18:12.507	0.58369	0.58372			6
2026.01.22	02:18:15.375	0.58370	0.58373			6
2026.01.22	02:18:16.375		0.58372			4
2026.01.22	02:18:16.679	0.58369				2
2026.01.22	02:18:17.283	0.58368				2
2026.01.22	02:18:18.435	0.58369				2
2026.01.22	02:18:20.345	0.58370				2
2026.01.22	02:18:21.266	0.58369				2
2026.01.22	02:18:23.401	0.58370				2
2026.01.22	02:18:24.024	0.58369	0.58371			6
2026.01.22	02:18:24.656	0.58370	0.58372			6
2026.01.22	02:18:29.325	0.58371				2
2026.01.22	02:18:29.946	0.58370				2
2026.01.22	02:18:34.343	0.58371				2
2026.01.22	02:18:42.778	0.58370				2
2026.01.22	02:18:51.459	0.58371				2
2026.01.22	02:18:56.147	0.58370				2
2026.01.22	02:18:56.481	0.58371				2
2026.01.22	02:18:56.797	0.58370				2
2026.01.22	02:18:58.741	0.58371				2
2026.01.22	02:19:00.292	0.58371				2
2026.01.22	02:19:02.459	0.58374	0.58375			6
2026.01.22	02:19:03.707	0.58373				2
2026.01.22	02:19:04.356	0.58372	0.58376			6
2026.01.22	02:19:09.191		0.58375			4
2026.01.22	02:19:09.524		0.58376			4
2026.01.22	02:19:12.493	0.58369	0.58372			6
2026.01.22	02:19:14.147		0.58370			4
2026.01.22	02:19:14.495	0.58370	0.58372			6
2026.01.22	02:19:14.844	0.58369	0.58370			6
2026.01.22	02:19:15.146	0.58370	0.58372			6
2026.01.22	02:19:15.695	0.58369	0.58370			6
2026.01.22	02:19:16.606		0.58372			4
2026.01.22	02:19:16.929		0.58370			4
2026.01.22	02:19:17.257		0.58372			4
2026.01.22	02:19:17.656	0.58370				2
2026.01.22	02:19:18.200	0.58369				2
2026.01.22	02:19:20.423	0.58368				2
2026.01.22	02:19:21.424		0.58371			4
2026.01.22	02:19:21.727	0.58367				2
2026.01.22	02:19:22.377	0.58368				2
2026.01.22	02:19:23.331	0.58367				2
2026.01.22	02:19:24.286	0.58368				2
2026.01.22	02:19:25.244	0.58369	0.58372			6
2026.01.22	02:19:26.195	0.58368				2
2026.01.22	02:19:27.195	0.58369				2
2026.01.22	02:19:28.802	0.58370				2
2026.01.22	02:19:30.408		0.58371			4
2026.01.22	02:19:31.332	0.58371	0.58373			6
2026.01.22	02:19:33.217	0.58370				2
2026.01.22	02:19:33.566	0.58371	0.58374			6
2026.01.22	02:19:34.173		0.58373			4
2026.01.22	02:19:35.423	0.58372	0.58374			6
2026.01.22	02:19:36.999	0.58370	0.58372			6
2026.01.22	02:19:38.288	0.58369	0.58373			6
2026.01.22	02:19:39.589	0.58372	0.58376			6
2026.01.22	02:19:42.850	0.58369	0.58373			6
2026.01.22	02:19:52.437	0.58370				2
2026.01.22	02:19:54.347		0.58372			4
2026.01.22	02:19:58.414	0.58371				2
2026.01.22	02:20:00.317	0.58371				2
2026.01.22	02:20:03.448	0.58370				2
2026.01.22	02:20:10.624		0.58371			4
2026.01.22	02:20:10.928		0.58372			4
2026.01.22	02:20:11.617		0.58371			4
2026.01.22	02:20:31.413	0.58372	0.58373			6
2026.01.22	02:20:31.732	0.58371	0.58372			6
2026.01.22	02:20:32.388	0.58372	0.58373			6
2026.01.22	02:20:33.341	0.58371	0.58372			6
2026.01.22	02:20:34.297	0.58372	0.58373			6
2026.01.22	02:20:37.202	0.58371	0.58372			6
2026.01.22	02:20:38.460	0.58370				2
2026.01.22	02:20:39.111	0.58369				2
2026.01.22	02:20:45.215		0.58371			4
2026.01.22	02:20:45.537	0.58368	0.58370			6
2026.01.22	02:20:46.160	0.58370	0.58371			6
2026.01.22	02:20:48.098	0.58371	0.58372			6
2026.01.22	02:20:48.708		0.58374			4
2026.01.22	02:20:56.128	0.58372	0.58375			6
2026.01.22	02:20:56.779	0.58370	0.58373			6
2026.01.22	02:20:57.083		0.58371			4
2026.01.22	02:20:57.704	0.58371	0.58372			6
2026.01.22	02:20:58.124	0.58370	0.58371			6
2026.01.22	02:20:58.487	0.58369	0.58372			6
2026.01.22	02:21:00.094	0.58369				2
2026.01.22	02:21:00.443		0.58373			4
2026.01.22	02:21:01.007		0.58372			4
2026.01.22	02:21:10.430	0.58370				2
2026.01.22	02:21:11.355	0.58372	0.58374			6
2026.01.22	02:21:11.686	0.58373	0.58375			6
2026.01.22	02:21:12.289	0.58372	0.58376			6
2026.01.22	02:21:16.051	0.58373	0.58377			6
2026.01.22	02:21:17.006	0.58372	0.58376			6
2026.01.22	02:21:20.216	0.58373				2
2026.01.22	02:21:21.820	0.58375				2
2026.01.22	02:21:36.228	0.58374	0.58375			6
2026.01.22	02:21:41.292		0.58376			4
2026.01.22	02:21:45.678	0.58376	0.58378			6
2026.01.22	02:21:46.124	0.58377	0.58381			6
2026.01.22	02:21:47.094	0.58378				2
2026.01.22	02:21:50.973	0.58380				2
2026.01.22	02:21:51.352	0.58378				2
2026.01.22	02:21:55.496	0.58377				2
2026.01.22	02:21:56.919	0.58378				2
2026.01.22	02:21:59.411		0.58380			4
2026.01.22	02:22:00.029	0.58378				2
2026.01.22	02:22:01.616	0.58379				2
2026.01.22	02:22:05.047		0.58381			4
2026.01.22	02:22:05.378	0.58380				2
2026.01.22	02:22:05.682	0.58379				2
2026.01.22	02:22:06.299	0.58378	0.58382			6
2026.01.22	02:22:11.399	0.58379				2
2026.01.22	02:22:11.701	0.58381	0.58384			6
2026.01.22	02:22:12.034	0.58382	0.58385			6
2026.01.22	02:22:12.351	0.58381				2
2026.01.22	02:22:15.032	0.58382				2
2026.01.22	02:22:15.362	0.58381				2
2026.01.22	02:22:15.811	0.58382				2
2026.01.22	02:22:17.071	0.58381				2
2026.01.22	02:22:17.418	0.58382				2
2026.01.22	02:22:18.373	0.58381				2
2026.01.22	02:22:20.692	0.58379	0.58382			6
2026.01.22	02:22:21.113	0.58378	0.58381			6
2026.01.22	02:22:26.253	0.58376	0.58379			6
2026.01.22	02:22:29.164		0.58378			4
2026.01.22	02:22:38.296	0.58377	0.58379			6
2026.01.22	02:22:38.598		0.58378			4
2026.01.22	02:22:41.709		0.58379			4
2026.01.22	02:22:42.011	0.58376	0.58378			6
2026.01.22	02:22:42.330	0.58377	0.58379			6
2026.01.22	02:22:45.747	0.58376	0.58378			6
2026.01.22	02:22:46.077	0.58377	0.58379			6
2026.01.22	02:22:46.700	0.58376	0.58378			6
2026.01.22	02:22:47.002	0.58377	0.58379			6
2026.01.22	02:22:47.331	0.58376				2
2026.01.22	02:22:48.286	0.58377				2
2026.01.22	02:22:55.459	0.58376	0.58378			6
2026.01.22	02:22:55.780	0.58377	0.58379			6
2026.01.22	02:22:56.734	0.58376	0.58378			6
2026.01.22	02:22:57.338	0.58377				2
2026.01.22	02:22:57.645	0.58378	0.58380			6
2026.01.22	02:22:58.272		0.58381			4
2026.01.22	02:23:00.228	0.58378				2
2026.01.22	02:23:02.136		0.58380			4
2026.01.22	02:23:06.272	0.58379				2
2026.01.22	02:23:07.221		0.58381			4
2026.01.22	02:23:09.413		0.58380			4
2026.01.22	02:23:15.651	0.58380	0.58381			6
2026.01.22	02:23:19.093	0.58378	0.58380			6
2026.01.22	02:23:34.413	0.58379	0.58381			6
2026.01.22	02:23:35.321	0.58378				2
2026.01.22	02:23:36.403	0.58379				2
2026.01.22	02:23:37.328	0.58378				2
2026.01.22	02:23:39.409	0.58379				2
2026.01.22	02:23:42.540	0.58380	0.58382			6
2026.01.22	02:23:43.150	0.58379				2
2026.01.22	02:23:47.194		0.58383			4
2026.01.22	02:23:47.540	0.58380				2
2026.01.22	02:23:50.101	0.58382	0.58385			6
2026.01.22	02:23:50.750		0.58386			4
2026.01.22	02:23:58.146		0.58385			4
2026.01.22	02:24:00.089	0.58382	0.58384			6
2026.01.22	02:24:00.438		0.58385			4
2026.01.22	02:24:02.397	0.58386	0.58387			6
2026.01.22	02:24:13.048	0.58384	0.58386			6
2026.01.22	02:24:19.255	0.58383				2
2026.01.22	02:24:20.254	0.58384				2
2026.01.22	02:24:22.419	0.58383				2
2026.01.22	02:24:28.988	0.58384				2
2026.01.22	02:24:29.288	0.58383				2
2026.01.22	02:24:32.405	0.58384				2
2026.01.22	02:24:35.239	0.58383				2
2026.01.22	02:24:37.928	0.58384				2
2026.01.22	02:24:38.231	0.58383				2
2026.01.22	02:24:40.589	0.58378	0.58381			6
2026.01.22	02:24:42.197		0.58382			4
2026.01.22	02:24:48.368	0.58379	0.58381			6
2026.01.22	02:24:48.974		0.58382			4
2026.01.22	02:24:52.876	0.58380				2
2026.01.22	02:24:53.182	0.58381	0.58385			6
2026.01.22	02:24:53.489	0.58382	0.58386			6
2026.01.22	02:25:00.115	0.58383				2
2026.01.22	02:25:00.466	0.58384	0.58387			6
2026.01.22	02:25:05.234		0.58386			4
