<DATE>	<TIME>	<BID>	<ASK>	<LAST>	<VOLUME>	<FLAGS>
2026.06.01	00:03:30.794	0.59651	0.59815			6
2026.06.01	00:04:00.019	0.59651				2
2026.06.01	00:04:31.064		0.59815			4
2026.06.01	00:05:00.284	0.59640				2
2026.06.01	00:05:02.088	0.59647	0.59820			6
2026.06.01	00:05:02.387	0.59635				2
2026.06.01	00:05:20.744	0.59638				2
2026.06.01	00:06:00.191	0.59638				2
2026.06.01	00:06:02.299		0.59820			4
2026.06.01	00:06:31.811	0.59637				2
2026.06.01	00:06:46.267	0.59631				2
2026.06.01	00:07:00.120	0.59631				2
2026.06.01	00:07:01.924	0.59636				2
2026.06.01	00:07:02.526		0.59820			4
2026.06.01	00:07:16.365	0.59632				2
2026.06.01	00:07:31.725	0.59634				2
2026.06.01	00:08:00.025	0.59634				2
2026.06.01	00:08:01.532	0.59631				2
2026.06.01	00:08:02.732		0.59820			4
2026.06.01	00:08:16.875	0.59636				2
2026.06.01	00:09:00.233	0.59636				2
2026.06.01	00:09:02.336	0.59642				2
2026.06.01	00:09:02.638	0.59635				2
2026.06.01	00:09:02.939		0.59820			4
2026.06.01	00:09:20.701	0.59636				2
2026.06.01	00:09:36.652	0.59631				2
2026.06.01	00:09:40.263	0.59629	0.59810			6
2026.06.01	00:09:52.898	0.59627				2
2026.06.01	00:10:00.131	0.59627				2
2026.06.01	00:10:02.837		0.59814			4
2026.06.01	00:10:06.150	0.59633	0.59820			6
2026.06.01	00:10:51.891	0.59628	0.59819			6
2026.06.01	00:10:56.107	0.59633	0.59820			6
2026.06.01	00:11:00.022	0.59633				2
2026.06.01	00:11:20.785	0.59649				2
2026.06.01	00:11:23.794	0.59629				2
2026.06.01	00:11:46.066	0.59632				2
2026.06.01	00:11:46.667	0.59627	0.59818			6
2026.06.01	00:11:56.003	0.59635	0.59820			6
2026.06.01	00:12:00.220	0.59635				2
2026.06.01	00:12:17.086		0.59819			4
2026.06.01	00:12:24.913	0.59633				2
2026.06.01	00:12:47.191	0.59632				2
2026.06.01	00:13:00.010	0.59632				2
2026.06.01	00:13:02.092	0.59629				2
2026.06.01	00:13:02.399	0.59626	0.59817			6
2026.06.01	00:13:06.006	0.59638	0.59819			6
2026.06.01	00:13:06.607	0.59639				2
2026.06.01	00:13:12.023		0.59820			4
2026.06.01	00:13:16.234	0.59632				2
2026.06.01	00:13:26.175	0.59638				2
2026.06.01	00:13:36.113	0.59639				2
2026.06.01	00:13:36.712	0.59626	0.59817			6
2026.06.01	00:14:00.201	0.59626				2
2026.06.01	00:14:08.932	0.59627	0.59818			6
2026.06.01	00:15:00.122	0.59627				2
2026.06.01	00:15:02.832	0.59631	0.59820			6
2026.06.01	00:15:22.756	0.59629				2
2026.06.01	00:16:00.082	0.59629				2
2026.06.01	00:16:03.090		0.59820			4
2026.06.01	00:16:06.395	0.59621	0.59812			6
2026.06.01	00:16:09.106	0.59627	0.59818			6
2026.06.01	00:17:00.255	0.59627				2
2026.06.01	00:17:07.480	0.59637	0.59820			6
2026.06.01	00:17:33.347	0.59645	0.59836			6
2026.06.01	00:17:33.647	0.59649	0.59840			6
2026.06.01	00:17:35.451	0.59664	0.59855			6
2026.06.01	00:17:35.758	0.59663	0.59854			6
2026.06.01	00:17:38.167	0.59653	0.59844			6
2026.06.01	00:17:40.270	0.59655	0.59846			6
2026.06.01	00:17:40.869	0.59654	0.59845			6
2026.06.01	00:17:42.373	0.59647	0.59838			6
2026.06.01	00:17:58.322	0.59709	0.59891			6
2026.06.01	00:17:58.620		0.59900			4
2026.06.01	00:17:59.230	0.59704	0.59889			6
2026.06.01	00:18:00.130	0.59704				2
2026.06.01	00:18:02.842		0.59882			4
2026.06.01	00:18:03.744	0.59674	0.59857			6
2026.06.01	00:18:06.145	0.59704				2
2026.06.01	00:18:07.953	0.59674				2
2026.06.01	00:18:28.140		0.59863			4
2026.06.01	00:18:56.140	0.59670	0.59861			6
2026.06.01	00:19:00.049	0.59670				2
2026.06.01	00:19:02.760	0.59671	0.59862			6
2026.06.01	00:19:59.040	0.59719	0.59864			6
2026.06.01	00:19:59.641		0.59849			4
2026.06.01	00:20:00.236	0.59719				2
2026.06.01	00:20:09.261		0.59853			4
2026.06.01	00:20:19.491		0.59855			4
2026.06.01	00:20:26.110	0.59717				2
2026.06.01	00:21:00.121	0.59717				2
2026.06.01	00:21:19.685		0.59855			4
2026.06.01	00:21:24.495		0.59865			4
2026.06.01	00:21:29.110		0.59864			4
2026.06.01	00:21:30.313		0.59865			4
2026.06.01	00:21:35.411		0.59864			4
2026.06.01	00:21:44.113		0.59863			4
2026.06.01	00:21:48.011	0.59718	0.59890			6
2026.06.01	00:21:48.313		0.59862			4
2026.06.01	00:21:49.246	0.59715	0.59886			6
2026.06.01	00:21:50.150	0.59718				2
2026.06.01	00:21:50.451	0.59719	0.59864			6
2026.06.01	00:21:50.751	0.59715	0.59881			6
2026.06.01	00:21:51.051	0.59716	0.59861			6
2026.06.01	00:21:51.749	0.59717	0.59865			6
2026.06.01	00:21:52.051		0.59863			4
2026.06.01	00:21:52.901		0.59860			4
2026.06.01	00:21:53.201		0.59861			4
2026.06.01	00:21:54.052	0.59719	0.59859			6
2026.06.01	00:21:54.352	0.59715	0.59864			6
2026.06.01	00:21:54.954		0.59884			4
2026.06.01	00:21:55.257	0.59719	0.59861			6
2026.06.01	00:21:56.401		0.59886			4
2026.06.01	00:21:56.703		0.59868			4
2026.06.01	00:22:00.015	0.59719				2
2026.06.01	00:22:19.292		0.59857			4
2026.06.01	00:22:20.410		0.59858			4
2026.06.01	00:22:28.812		0.59857			4
2026.06.01	00:22:30.311		0.59858			4
2026.06.01	00:22:31.513		0.59857			4
2026.06.01	00:22:33.011		0.59856			4
2026.06.01	00:22:33.913		0.59857			4
2026.06.01	00:22:44.411		0.59856			4
2026.06.01	00:22:45.478		0.59857			4
2026.06.01	00:22:52.510		0.59856			4
2026.06.01	00:22:54.610	0.59717	0.59886			6
2026.06.01	00:22:54.912	0.59715	0.59859			6
2026.06.01	00:22:55.752	0.59714	0.59888			6
2026.06.01	00:22:56.351		0.59884			4
2026.06.01	00:22:57.396	0.59718	0.59862			6
2026.06.01	00:22:57.697	0.59714	0.59859			6
2026.06.01	00:22:58.598	0.59717	0.59878			6
2026.06.01	00:22:58.897	0.59718	0.59859			6
2026.06.01	00:22:59.200	0.59714	0.59884			6
2026.06.01	00:23:00.246	0.59714	0.59860			6
2026.06.01	00:23:00.546	0.59716	0.59856			6
2026.06.01	00:23:01.596	0.59719	0.59876			6
2026.06.01	00:23:01.898		0.59857			4
2026.06.01	00:23:03.897		0.59854			4
2026.06.01	00:23:04.197	0.59714	0.59855			6
2026.06.01	00:23:04.799	0.59719	0.59856			6
2026.06.01	00:23:05.099		0.59858			4
2026.06.01	00:23:05.399	0.59714	0.59855			6
2026.06.01	00:23:06.346	0.59717	0.59858			6
2026.06.01	00:23:07.500		0.59854			4
2026.06.01	00:23:08.110		0.59855			4
2026.06.01	00:23:08.412	0.59719	0.59872			6
2026.06.01	00:23:08.712	0.59716	0.59858			6
2026.06.01	00:23:09.012		0.59855			4
2026.06.01	00:23:09.796	0.59717	0.59857			6
2026.06.01	00:23:10.097		0.59854			4
2026.06.01	00:23:10.947	0.59716	0.59882			6
2026.06.01	00:23:12.097	0.59717	0.59858			6
2026.06.01	00:23:12.396	0.59715				2
2026.06.01	00:23:13.755		0.59856			4
2026.06.01	00:23:14.058		0.59857			4
2026.06.01	00:23:14.357	0.59718	0.59875			6
2026.06.01	00:23:14.657	0.59716	0.59857			6
2026.06.01	00:23:15.747		0.59889			4
2026.06.01	00:23:16.047		0.59890			4
2026.06.01	00:23:16.650	0.59719				2
2026.06.01	00:23:16.951	0.59718	0.59857			6
2026.06.01	00:23:17.251	0.59716	0.59856			6
2026.06.01	00:23:18.246	0.59715				2
2026.06.01	00:23:18.548		0.59857			4
2026.06.01	00:23:18.849		0.59881			4
2026.06.01	00:23:19.149	0.59719	0.59892			6
2026.06.01	00:23:19.449		0.59856			4
2026.06.01	00:23:19.750	0.59716				2
2026.06.01	00:23:20.750	0.59717	0.59881			6
2026.06.01	00:23:21.896	0.59719	0.59853			6
2026.06.01	00:23:22.198	0.59715	0.59881			6
2026.06.01	00:23:22.939		0.59870			4
2026.06.01	00:23:23.239	0.59718	0.59856			6
2026.06.01	00:23:23.542		0.59879			4
2026.06.01	00:23:23.842	0.59715	0.59856			6
2026.06.01	00:23:24.142		0.59870			4
2026.06.01	00:23:24.743	0.59718	0.59881			6
2026.06.01	00:23:25.044		0.59870			4
2026.06.01	00:23:27.913		0.59871			4
2026.06.01	00:23:36.913		0.59870			4
2026.06.01	00:23:55.210		0.59871			4
2026.06.01	00:23:56.713		0.59870			4
2026.06.01	00:24:00.610	0.59718				2
2026.06.01	00:24:09.911		0.59871			4
2026.06.01	00:24:11.410		0.59870			4
2026.06.01	00:24:24.765	0.59719				2
2026.06.01	00:24:26.033	0.59722				2
2026.06.01	00:24:26.333	0.59718				2
2026.06.01	00:24:32.903		0.59868			4
2026.06.01	00:25:00.283	0.59718				2
2026.06.01	00:25:33.067		0.59868			4
2026.06.01	00:26:00.163	0.59718				2
2026.06.01	00:26:22.746	0.59745	0.59892			6
2026.06.01	00:26:23.045	0.59716	0.59882			6
2026.06.01	00:26:23.348	0.59744	0.59885			6
2026.06.01	00:26:23.649	0.59746	0.59894			6
2026.06.01	00:26:23.950	0.59740				2
2026.06.01	00:26:24.252	0.59745	0.59887			6
2026.06.01	00:26:24.853		0.59888			4
2026.06.01	00:26:25.153		0.59894			4
2026.06.01	00:26:25.454	0.59718	0.59893			6
2026.06.01	00:26:25.755	0.59746	0.59882			6
2026.06.01	00:26:26.055	0.59717	0.59893			6
2026.06.01	00:26:26.359	0.59745	0.59887			6
2026.06.01	00:26:27.260	0.59746	0.59896			6
2026.06.01	00:26:27.561	0.59745				2
2026.06.01	00:26:27.862		0.59892			4
2026.06.01	00:26:28.161	0.59740	0.59875			6
2026.06.01	00:26:28.462	0.59746	0.59881			6
2026.06.01	00:26:28.762	0.59741	0.59887			6
2026.06.01	00:26:29.064	0.59745	0.59895			6
2026.06.01	00:26:29.365		0.59892			4
2026.06.01	00:26:29.667		0.59883			4
2026.06.01	00:26:29.967		0.59893			4
2026.06.01	00:26:30.273	0.59743	0.59882			6
2026.06.01	00:26:30.576	0.59746				2
2026.06.01	00:26:30.877	0.59744				2
2026.06.01	00:26:31.177	0.59745	0.59894			6
2026.06.01	00:26:31.479		0.59883			4
2026.06.01	00:26:32.082		0.59908			4
2026.06.01	00:26:32.381		0.59882			4
2026.06.01	00:26:32.682	0.59746	0.59884			6
2026.06.01	00:26:33.282	0.59745	0.59859			6
2026.06.01	00:26:34.490	0.59744				2
2026.06.01	00:26:34.791	0.59740				2
2026.06.01	00:26:35.092	0.59743				2
2026.06.01	00:26:35.391	0.59745				2
2026.06.01	00:26:36.593	0.59744				2
2026.06.01	00:26:36.893	0.59740				2
2026.06.01	00:26:37.194	0.59746				2
2026.06.01	00:26:37.495	0.59745				2
2026.06.01	00:26:38.398	0.59746				2
2026.06.01	00:27:00.087	0.59746				2
2026.06.01	00:27:15.734	0.59749	0.59849			6
2026.06.01	00:27:16.034		0.59853			4
2026.06.01	00:27:22.053	0.59762				2
2026.06.01	00:27:22.353	0.59761	0.59872			6
2026.06.01	00:27:32.275		0.59855			4
2026.06.01	00:27:39.795		0.59854			4
2026.06.01	00:28:00.269	0.59761				2
2026.06.01	00:28:15.931	0.59762				2
2026.06.01	00:28:34.004	0.59778				2
2026.06.01	00:28:34.306		0.59867			4
2026.06.01	00:28:50.865	0.59776				2
2026.06.01	00:28:51.765		0.59854			4
2026.06.01	00:29:00.201	0.59776				2
2026.06.01	00:29:34.232	0.59777				2
2026.06.01	00:29:36.939	0.59794				2
2026.06.01	00:29:37.250		0.59862			4
2026.06.01	00:29:39.049	0.59793				2
2026.06.01	00:29:48.380	0.59785				2
2026.06.01	00:29:48.679	0.59796	0.59869			6
2026.06.01	00:29:49.585	0.59798				2
2026.06.01	00:29:49.884	0.59796				2
2026.06.01	00:29:50.791	0.59794	0.59857			6
2026.06.01	00:29:51.090	0.59803	0.59939			6
2026.06.01	00:29:58.317	0.59796				2
2026.06.01	00:29:59.219	0.59778				2
2026.06.01	00:30:00.125	0.59779	0.59927			6
2026.06.01	00:30:00.424	0.59776	0.59904			6
2026.06.01	00:30:00.724	0.59772				2
2026.06.01	00:30:01.028		0.59934			4
2026.06.01	00:30:01.630	0.59779	0.59926			6
2026.06.01	00:30:01.932		0.59927			4
2026.06.01	00:30:02.239		0.59920			4
2026.06.01	00:30:02.533	0.59772	0.59935			6
2026.06.01	00:30:03.435	0.59779	0.59927			6
2026.06.01	00:30:03.736	0.59778	0.59941			6
2026.06.01	00:30:04.035	0.59779	0.59935			6
2026.06.01	00:30:04.335		0.59934			4
2026.06.01	00:30:04.634		0.59933			4
2026.06.01	00:30:04.938		0.59928			4
2026.06.01	00:30:05.237		0.59937			4
2026.06.01	00:30:05.537		0.59936			4
2026.06.01	00:30:05.838		0.59930			4
2026.06.01	00:30:06.139		0.59934			4
2026.06.01	00:30:06.438		0.59929			4
2026.06.01	00:30:06.738		0.59930			4
2026.06.01	00:30:07.943		0.59929			4
2026.06.01	00:30:08.243		0.59930			4
2026.06.01	00:30:08.844		0.59888			4
2026.06.01	00:30:10.956		0.59896			4
2026.06.01	00:30:27.819	0.59781				2
2026.06.01	00:31:00.044	0.59781				2
2026.06.01	00:31:11.182		0.59896			4
2026.06.01	00:31:11.785	0.59780				2
2026.06.01	00:31:18.999	0.59779				2
2026.06.01	00:32:00.237	0.59779				2
2026.06.01	00:32:11.386		0.59896			4
2026.06.01	00:32:27.339	0.59799	0.59895			6
2026.06.01	00:33:00.168	0.59799				2
2026.06.01	00:33:27.567	0.59800	0.59895			6
2026.06.01	00:34:00.088	0.59800				2
2026.06.01	00:34:27.777		0.59895			4
2026.06.01	00:35:00.293	0.59800				2
2026.06.01	00:35:27.986		0.59895			4
2026.06.01	00:36:00.218	0.59800				2
2026.06.01	00:36:11.969	0.59810				2
2026.06.01	00:36:28.224		0.59895			4
2026.06.01	00:37:00.135	0.59810				2
2026.06.01	00:37:07.052	0.59811				2
2026.06.01	00:37:10.058	0.59810				2
2026.06.01	00:37:24.793	0.59811				2
2026.06.01	00:37:25.092	0.59810				2
2026.06.01	00:37:28.403		0.59895			4
2026.06.01	00:38:00.010	0.59810				2
2026.06.01	00:38:10.237	0.59812				2
2026.06.01	00:38:11.740		0.59896			4
2026.06.01	00:38:55.999	0.59819				2
2026.06.01	00:38:59.907	0.59820				2
2026.06.01	00:39:00.206	0.59820				2
2026.06.01	00:39:09.543	0.59819	0.59895			6
2026.06.01	00:39:09.844	0.59821				2
2026.06.01	00:39:11.054	0.59823				2
2026.06.01	00:39:11.353	0.59824				2
2026.06.01	00:39:15.871	0.59822				2
2026.06.01	00:39:16.172	0.59819				2
2026.06.01	00:39:34.842	0.59846	0.59896			6
2026.06.01	00:39:35.142	0.59855	0.59909			6
2026.06.01	00:39:36.039	0.59849	0.59907			6
2026.06.01	00:39:36.339	0.59843	0.59908			6
2026.06.01	00:39:36.642	0.59833				2
2026.06.01	00:39:39.963	0.59826	0.59907			6
2026.06.01	00:39:48.996	0.59830				2
2026.06.01	00:39:52.904	0.59836	0.59908			6
2026.06.01	00:39:53.207	0.59828				2
2026.06.01	00:40:00.139	0.59826	0.59907			6
2026.06.01	00:41:00.035	0.59826				2
2026.06.01	00:41:00.336		0.59907			4
2026.06.01	00:41:01.539	0.59828				2
2026.06.01	00:41:01.842	0.59826				2
2026.06.01	00:41:02.443	0.59827				2
2026.06.01	00:41:02.745	0.59826				2
2026.06.01	00:41:03.043	0.59827				2
2026.06.01	00:41:03.645	0.59826				2
2026.06.01	00:41:32.859	0.59827				2
2026.06.01	00:41:33.163	0.59828				2
2026.06.01	00:41:35.869	0.59829				2
2026.06.01	00:41:37.070	0.59830				2
2026.06.01	00:41:39.476	0.59828				2
2026.06.01	00:41:57.828	0.59829				2
2026.06.01	00:41:59.338	0.59815	0.59871			6
2026.06.01	00:42:00.234	0.59815				2
2026.06.01	00:42:00.538		0.59872			4
2026.06.01	00:42:14.984	0.59824				2
2026.06.01	00:42:15.285	0.59825	0.59890			6
2026.06.01	00:42:16.233	0.59826				2
2026.06.01	00:42:16.535	0.59829				2
2026.06.01	00:42:17.463		0.59889			4
2026.06.01	00:42:26.491	0.59830				2
2026.06.01	00:42:26.791	0.59831				2
2026.06.01	00:42:30.701	0.59830				2
2026.06.01	00:42:45.163	0.59831	0.59888			6
2026.06.01	00:42:53.712	0.59830				2
2026.06.01	00:43:00.612	0.59831				2
2026.06.01	00:43:03.311	0.59830				2
2026.06.01	00:43:04.452	0.59831	0.59892			6
2026.06.01	00:43:10.770	0.59832				2
2026.06.01	00:43:35.175	0.59831				2
2026.06.01	00:43:40.290	0.59832				2
2026.06.01	00:43:44.505	0.59831				2
2026.06.01	00:44:00.136	0.59831				2
2026.06.01	00:44:04.642		0.59892			4
2026.06.01	00:44:36.567	0.59833				2
2026.06.01	00:44:36.868	0.59834				2
2026.06.01	00:44:42.894	0.59823	0.59897			6
2026.06.01	00:44:45.601	0.59824				2
2026.06.01	00:44:52.223	0.59827				2
2026.06.01	00:44:52.525	0.59829				2
2026.06.01	00:44:53.729	0.59831				2
2026.06.01	00:44:54.632	0.59832				2
2026.06.01	00:44:55.535	0.59834				2
2026.06.01	00:44:56.436	0.59833				2
2026.06.01	00:44:57.037	0.59835				2
2026.06.01	00:45:00.043	0.59835				2
2026.06.01	00:45:02.755	0.59828				2
2026.06.01	00:45:05.462	0.59829				2
2026.06.01	00:45:05.761	0.59836				2
2026.06.01	00:45:12.382	0.59835				2
2026.06.01	00:45:12.682	0.59834				2
2026.06.01	00:45:13.282	0.59835				2
2026.06.01	00:45:23.823	0.59839				2
2026.06.01	00:45:25.630	0.59840				2
2026.06.01	00:45:37.357	0.59844				2
2026.06.01	00:45:43.067		0.59897			4
2026.06.01	00:45:43.368	0.59840				2
2026.06.01	00:46:00.246	0.59840				2
2026.06.01	00:46:09.281	0.59844				2
2026.06.01	00:46:12.888		0.59900			4
2026.06.01	00:46:13.187	0.59846				2
2026.06.01	00:46:19.206	0.59847	0.59903			6
2026.06.01	00:46:19.507	0.59843				2
2026.06.01	00:46:19.807	0.59844				2
2026.06.01	00:46:27.637	0.59843				2
2026.06.01	00:46:36.667	0.59846				2
2026.06.01	00:46:41.782		0.59905			4
2026.06.01	00:46:42.082	0.59845				2
2026.06.01	00:46:44.491	0.59846				2
2026.06.01	00:46:47.200	0.59845				2
2026.06.01	00:46:49.306	0.59844				2
2026.06.01	00:46:50.208	0.59845				2
2026.06.01	00:46:53.821	0.59844				2
2026.06.01	00:46:54.121	0.59845				2
2026.06.01	00:47:00.141	0.59842				2
2026.06.01	00:47:02.846	0.59838				2
2026.06.01	00:47:05.852	0.59842				2
2026.06.01	00:47:13.370	0.59840				2
2026.06.01	00:47:23.302	0.59842				2
2026.06.01	00:47:26.011	0.59844	0.59921			6
2026.06.01	00:47:26.313		0.59932			4
2026.06.01	00:47:26.613		0.59933			4
2026.06.01	00:47:26.913	0.59845				2
2026.06.01	00:47:28.422	0.59844	0.59932			6
2026.06.01	00:47:45.882	0.59852				2
2026.06.01	00:47:46.481	0.59853				2
2026.06.01	00:47:49.788	0.59852				2
2026.06.01	00:47:51.891	0.59851				2
2026.06.01	00:47:53.695	0.59850				2
2026.06.01	00:48:00.010	0.59850				2
2026.06.01	00:48:01.213	0.59859				2
2026.06.01	00:48:01.513	0.59850	0.59933			6
2026.06.01	00:48:02.415	0.59849				2
2026.06.01	00:48:13.840	0.59848				2
2026.06.01	00:48:24.666	0.59847				2
2026.06.01	00:48:49.347	0.59818	0.59883			6
2026.06.01	00:48:49.647	0.59816				2
2026.06.01	00:48:50.247		0.59872			4
2026.06.01	00:48:50.551		0.59870			4
2026.06.01	00:48:50.851		0.59869			4
2026.06.01	00:48:51.754		0.59868			4
2026.06.01	00:48:52.656		0.59871			4
2026.06.01	00:48:53.858		0.59870			4
2026.06.01	00:48:54.160	0.59784	0.59858			6
2026.06.01	00:48:55.361		0.59852			4
2026.06.01	00:48:55.661		0.59850			4
2026.06.01	00:48:56.262		0.59847			4
2026.06.01	00:48:56.563		0.59844			4
2026.06.01	00:48:58.365		0.59842			4
2026.06.01	00:49:00.167	0.59784	0.59845			6
2026.06.01	00:49:04.695		0.59846			4
2026.06.01	00:49:11.919	0.59777	0.59835			6
2026.06.01	00:49:12.221	0.59767	0.59836			6
2026.06.01	00:49:13.728	0.59766	0.59833			6
2026.06.01	00:49:15.018	0.59768	0.59831			6
2026.06.01	00:49:18.342	0.59767	0.59832			6
2026.06.01	00:49:18.646	0.59765	0.59834			6
2026.06.01	00:49:29.681	0.59764	0.59835			6
2026.06.01	00:49:55.007	0.59765				2
2026.06.01	00:49:55.307		0.59834			4
2026.06.01	00:49:55.909	0.59766	0.59833			6
2026.06.01	00:49:57.319	0.59767	0.59832			6
2026.06.01	00:49:57.623	0.59766	0.59833			6
2026.06.01	00:49:59.447	0.59764	0.59835			6
2026.06.01	00:49:59.747	0.59766	0.59833			6
2026.06.01	00:50:00.048	0.59766				2
2026.06.01	00:50:07.994	0.59734				2
2026.06.01	00:50:11.002		0.59834			4
2026.06.01	00:50:11.601	0.59745	0.59821			6
2026.06.01	00:50:11.901	0.59724	0.59823			6
2026.06.01	00:50:15.797		0.59820			4
2026.06.01	00:50:16.518		0.59819			4
2026.06.01	00:50:17.417		0.59820			4
2026.06.01	00:50:18.851		0.59819			4
2026.06.01	00:50:21.613		0.59820			4
2026.06.01	00:50:23.422		0.59821			4
2026.06.01	00:50:23.723		0.59820			4
2026.06.01	00:50:26.613	0.59720				2
2026.06.01	00:50:26.913	0.59721	0.59817			6
2026.06.01	00:50:27.912		0.59818			4
2026.06.01	00:50:28.212		0.59817			4
2026.06.01	00:50:28.814		0.59818			4
2026.06.01	00:50:31.811		0.59819			4
2026.06.01	00:50:39.732	0.59726	0.59821			6
2026.06.01	00:50:40.032	0.59721	0.59817			6
2026.06.01	00:50:40.332	0.59735	0.59821			6
2026.06.01	00:50:40.632	0.59721				2
2026.06.01	00:50:41.834		0.59819			4
2026.06.01	00:50:42.134		0.59818			4
2026.06.01	00:50:42.437		0.59816			4
2026.06.01	00:50:42.736		0.59817			4
2026.06.01	00:50:45.139		0.59816			4
2026.06.01	00:50:45.741		0.59815			4
2026.06.01	00:50:46.642	0.59795	0.59833			6
2026.06.01	00:50:46.943	0.59792	0.59836			6
2026.06.01	00:50:47.244	0.59793	0.59852			6
2026.06.01	00:50:48.451	0.59796				2
2026.06.01	00:50:50.560	0.59720	0.59824			6
2026.06.01	00:50:50.861	0.59711	0.59818			6
2026.06.01	00:50:51.161	0.59704	0.59817			6
2026.06.01	00:50:51.461	0.59705	0.59814			6
2026.06.01	00:50:53.091		0.59812			4
2026.06.01	00:50:53.392		0.59806			4
2026.06.01	00:50:53.695		0.59808			4
2026.06.01	00:50:55.827		0.59816			4
2026.06.01	00:50:56.132		0.59811			4
2026.06.01	00:50:57.128		0.59818			4
2026.06.01	00:50:57.428		0.59811			4
2026.06.01	00:50:57.732		0.59815			4
2026.06.01	00:50:58.031		0.59816			4
2026.06.01	00:50:58.332		0.59817			4
2026.06.01	00:50:58.635		0.59813			4
2026.06.01	00:50:59.824		0.59819			4
2026.06.01	00:51:00.125	0.59705	0.59814			6
2026.06.01	00:51:04.536		0.59820			4
2026.06.01	00:51:05.537		0.59816			4
2026.06.01	00:51:06.999		0.59818			4
2026.06.01	00:51:07.300		0.59817			4
2026.06.01	00:51:07.601		0.59822			4
2026.06.01	00:51:07.901	0.59733	0.59821			6
2026.06.01	00:51:08.201	0.59714	0.59831			6
2026.06.01	00:51:09.403	0.59713				2
2026.06.01	00:51:13.013	0.59715				2
2026.06.01	00:51:14.524	0.59714				2
2026.06.01	00:51:23.552	0.59705				2
2026.06.01	00:51:24.763	0.59707				2
2026.06.01	00:51:51.852	0.59710				2
2026.06.01	00:51:56.064	0.59705				2
2026.06.01	00:51:59.369		0.59827			4
2026.06.01	00:51:59.670		0.59823			4
2026.06.01	00:51:59.970		0.59822			4
2026.06.01	00:52:00.272	0.59705				2
2026.06.01	00:52:00.963		0.59821			4
2026.06.01	00:52:02.879		0.59831			4
2026.06.01	00:52:03.481	0.59706	0.59828			6
2026.06.01	00:52:05.711	0.59705				2
2026.06.01	00:52:06.011		0.59829			4
2026.06.01	00:52:08.314	0.59706				2
2026.06.01	00:52:08.615		0.59828			4
2026.06.01	00:52:12.319	0.59705				2
2026.06.01	00:52:12.619		0.59831			4
2026.06.01	00:52:16.507	0.59701				2
2026.06.01	00:52:18.988		0.59821			4
2026.06.01	00:52:20.409		0.59820			4
2026.06.01	00:52:21.845		0.59821			4
2026.06.01	00:52:24.311		0.59812			4
2026.06.01	00:52:24.932		0.59810			4
2026.06.01	00:52:29.412		0.59808			4
2026.06.01	00:52:34.234		0.59818			4
2026.06.01	00:52:35.286		0.59815			4
2026.06.01	00:52:43.607		0.59813			4
2026.06.01	00:52:59.331	0.59702				2
2026.06.01	00:53:03.318	0.59702				2
2026.06.01	00:53:03.623		0.59810			4
2026.06.01	00:53:04.329	0.59703				2
2026.06.01	00:53:05.427		0.59807			4
2026.06.01	00:53:06.632		0.59808			4
2026.06.01	00:53:19.524	0.59700	0.59809			6
2026.06.01	00:53:34.811		0.59810			4
2026.06.01	00:53:53.903	0.59720				2
2026.06.01	00:54:00.224	0.59715	0.59823			6
2026.06.01	00:54:00.525		0.59817			4
2026.06.01	00:54:08.663		0.59814			4
2026.06.01	00:54:11.370		0.59812			4
2026.06.01	00:54:30.613		0.59813			4
2026.06.01	00:55:00.100	0.59715	0.59815			6
2026.06.01	00:55:00.401	0.59713	0.59824			6
2026.06.01	00:55:09.425	0.59701				2
2026.06.01	00:55:09.726	0.59713				2
2026.06.01	00:55:15.131	0.59710	0.59820			6
2026.06.01	00:55:37.552	0.59712				2
2026.06.01	00:55:39.056	0.59713				2
2026.06.01	00:55:40.269	0.59710				2
2026.06.01	00:55:43.872	0.59711				2
2026.06.01	00:55:44.166	0.59713				2
2026.06.01	00:55:45.377	0.59710				2
2026.06.01	00:55:57.726	0.59721				2
2026.06.01	00:56:00.138	0.59721				2
2026.06.01	00:56:15.175		0.59820			4
2026.06.01	00:57:00.038	0.59721				2
2026.06.01	00:57:00.336	0.59739	0.59830			6
2026.06.01	00:57:00.646	0.59744				2
2026.06.01	00:57:02.451		0.59829			4
2026.06.01	00:57:02.752		0.59832			4
2026.06.01	00:57:03.054		0.59829			4
2026.06.01	00:57:03.352	0.59743				2
2026.06.01	00:57:06.967		0.59832			4
2026.06.01	00:57:07.573		0.59830			4
2026.06.01	00:57:07.873		0.59832			4
2026.06.01	00:57:08.472		0.59830			4
2026.06.01	00:57:09.071		0.59832			4
2026.06.01	00:57:09.377		0.59830			4
2026.06.01	00:57:09.986		0.59832			4
2026.06.01	00:57:12.996		0.59831			4
2026.06.01	00:57:19.621	0.59745	0.59829			6
2026.06.01	00:57:19.920	0.59748				2
2026.06.01	00:57:23.234	0.59747				2
2026.06.01	00:57:32.567	0.59746	0.59831			6
2026.06.01	00:57:33.165	0.59745				2
2026.06.01	00:57:47.330	0.59773	0.59832			6
2026.06.01	00:57:47.631	0.59774	0.59829			6
2026.06.01	00:57:47.936	0.59775	0.59831			6
2026.06.01	00:58:00.271	0.59775				2
2026.06.01	00:58:01.174	0.59773				2
2026.06.01	00:58:01.478		0.59830			4
2026.06.01	00:58:06.289	0.59775				2
2026.06.01	00:58:15.612		0.59829			4
2026.06.01	00:58:29.182	0.59773				2
2026.06.01	00:58:32.184	0.59775				2
2026.06.01	00:58:33.088	0.59773				2
2026.06.01	00:58:39.107	0.59775				2
2026.06.01	00:58:47.841	0.59776				2
2026.06.01	00:59:00.171	0.59776				2
2026.06.01	00:59:15.835		0.59829			4
2026.06.01	00:59:21.238		0.59830			4
2026.06.01	00:59:21.539		0.59829			4
2026.06.01	00:59:23.647	0.59777				2
2026.06.01	00:59:23.948	0.59776	0.59826			6
2026.06.01	00:59:26.060	0.59781	0.59827			6
2026.06.01	00:59:26.369	0.59782				2
2026.06.01	00:59:27.274	0.59781				2
2026.06.01	00:59:30.275	0.59782				2
2026.06.01	00:59:31.782	0.59781	0.59828			6
2026.06.01	00:59:32.087		0.59827			4
2026.06.01	00:59:32.383	0.59782				2
2026.06.01	00:59:32.686		0.59828			4
2026.06.01	00:59:58.873	0.59779	0.59846			6
2026.06.01	00:59:59.172	0.59781	0.59845			6
2026.06.01	01:00:00.070	0.59781				2
2026.06.01	01:00:00.371	0.59793	0.59843			6
2026.06.01	01:00:00.670	0.59824	0.59861			6
2026.06.01	01:00:00.971	0.59815	0.59873			6
2026.06.01	01:00:01.271	0.59823				2
2026.06.01	01:00:01.577	0.59815				2
2026.06.01	01:00:01.875	0.59816				2
2026.06.01	01:00:02.171	0.59815	0.59861			6
2026.06.01	01:00:02.471	0.59824	0.59862			6
2026.06.01	01:00:02.775		0.59861			4
2026.06.01	01:00:03.076	0.59828				2
2026.06.01	01:00:05.781	0.59824				2
2026.06.01	01:00:07.283		0.59860			4
2026.06.01	01:00:07.585	0.59833				2
2026.06.01	01:00:07.883	0.59826				2
2026.06.01	01:00:09.684	0.59823	0.59863			6
2026.06.01	01:00:09.986	0.59836	0.59868			6
2026.06.01	01:00:10.292	0.59837				2
2026.06.01	01:00:11.186	0.59839	0.59867			6
2026.06.01	01:00:11.787	0.59838				2
2026.06.01	01:00:12.087	0.59844				2
2026.06.01	01:00:13.295	0.59841				2
2026.06.01	01:00:13.889	0.59840				2
2026.06.01	01:00:14.490	0.59832	0.59849			6
2026.06.01	01:00:14.790	0.59829	0.59853			6
2026.06.01	01:00:15.096	0.59826	0.59854			6
2026.06.01	01:00:15.390	0.59835	0.59851			6
2026.06.01	01:00:15.695	0.59824	0.59849			6
2026.06.01	01:00:15.998		0.59851			4
2026.06.01	01:00:16.294	0.59818	0.59850			6
2026.06.01	01:00:16.593	0.59827				2
2026.06.01	01:00:16.893	0.59830	0.59846			6
2026.06.01	01:00:17.193		0.59850			4
2026.06.01	01:00:17.798	0.59836	0.59847			6
2026.06.01	01:00:18.092	0.59833	0.59850			6
2026.06.01	01:00:18.997	0.59835	0.59848			6
2026.06.01	01:00:19.596	0.59836	0.59849			6
2026.06.01	01:00:19.900	0.59832				2
2026.06.01	01:00:20.204	0.59830				2
2026.06.01	01:00:20.500	0.59834				2
2026.06.01	01:00:22.604	0.59831	0.59851			6
2026.06.01	01:00:22.906		0.59853			4
2026.06.01	01:00:23.209	0.59833	0.59854			6
2026.06.01	01:00:23.501	0.59832	0.59852			6
2026.06.01	01:00:24.700	0.59834	0.59854			6
2026.06.01	01:00:24.999		0.59853			4
2026.06.01	01:00:26.202	0.59849	0.59851			6
2026.06.01	01:00:26.501		0.59850			4
2026.06.01	01:00:26.805	0.59846				2
2026.06.01	01:00:27.701	0.59848				2
2026.06.01	01:00:29.505	0.59847				2
2026.06.01	01:00:30.406	0.59845				2
2026.06.01	01:00:31.004	0.59834				2
2026.06.01	01:00:31.310	0.59846	0.59851			6
2026.06.01	01:00:31.905	0.59845				2
2026.06.01	01:00:32.507	0.59847				2
2026.06.01	01:00:36.410	0.59849				2
2026.06.01	01:00:40.314	0.59851	0.59852			6
2026.06.01	01:00:45.124	0.59852	0.59853			6
2026.06.01	01:00:45.425	0.59853	0.59854			6
2026.06.01	01:00:45.725	0.59850	0.59853			6
2026.06.01	01:00:48.733	0.59852				2
2026.06.01	01:00:52.043	0.59851	0.59852			6
2026.06.01	01:00:58.049	0.59850	0.59851			6
2026.06.01	01:00:58.349	0.59846	0.59847			6
2026.06.01	01:00:58.948	0.59843	0.59845			6
2026.06.01	01:00:59.252	0.59836	0.59837			6
2026.06.01	01:00:59.557	0.59835	0.59836			6
2026.06.01	01:00:59.848	0.59834	0.59835			6
2026.06.01	01:01:00.150	0.59834				2
2026.06.01	01:01:01.655	0.59833				2
2026.06.01	01:01:03.152		0.59834			4
2026.06.01	01:01:03.753		0.59835			4
2026.06.01	01:01:04.053		0.59836			4
2026.06.01	01:01:05.258	0.59834	0.59835			6
2026.06.01	01:01:05.559	0.59828	0.59829			6
2026.06.01	01:01:06.761	0.59827	0.59828			6
2026.06.01	01:01:07.058	0.59828	0.59829			6
2026.06.01	01:01:07.366		0.59830			4
2026.06.01	01:01:07.661		0.59829			4
2026.06.01	01:01:08.260	0.59829	0.59830			6
2026.06.01	01:01:09.465	0.59828	0.59829			6
2026.06.01	01:01:11.263	0.59829	0.59830			6
2026.06.01	01:01:15.171	0.59830	0.59831			6
2026.06.01	01:01:15.470	0.59831	0.59832			6
2026.06.01	01:01:15.777		0.59833			4
2026.06.01	01:01:16.370	0.59833	0.59834			6
2026.06.01	01:01:16.676	0.59834	0.59836			6
2026.06.01	01:01:16.968		0.59835			4
2026.06.01	01:01:17.568		0.59836			4
2026.06.01	01:01:18.171		0.59835			4
2026.06.01	01:01:18.472	0.59832	0.59834			6
2026.06.01	01:01:19.371		0.59833			4
2026.06.01	01:01:20.274		0.59834			4
2026.06.01	01:01:22.385	0.59833				2
2026.06.01	01:01:23.280		0.59835			4
2026.06.01	01:01:25.085	0.59834				2
2026.06.01	01:01:25.382		0.59836			4
2026.06.01	01:01:26.886		0.59835			4
2026.06.01	01:01:30.789		0.59836			4
2026.06.01	01:01:31.693		0.59835			4
2026.06.01	01:01:31.992	0.59833	0.59834			6
2026.06.01	01:01:34.694	0.59831				2
2026.06.01	01:01:36.201	0.59832				2
2026.06.01	01:01:36.497	0.59833				2
2026.06.01	01:01:36.800		0.59835			4
2026.06.01	01:01:39.804	0.59832				2
2026.06.01	01:01:40.099		0.59834			4
2026.06.01	01:01:41.908		0.59835			4
2026.06.01	01:01:43.412	0.59833				2
2026.06.01	01:01:45.814	0.59832				2
2026.06.01	01:01:46.114		0.59834			4
2026.06.01	01:01:46.715	0.59834	0.59837			6
2026.06.01	01:01:47.318	0.59835	0.59836			6
2026.06.01	01:01:47.913	0.59834	0.59837			6
2026.06.01	01:01:48.217	0.59835	0.59838			6
2026.06.01	01:01:48.521	0.59837	0.59839			6
2026.06.01	01:01:48.822		0.59840			4
2026.06.01	01:01:49.116	0.59841	0.59843			6
2026.06.01	01:01:49.416		0.59844			4
2026.06.01	01:01:50.023	0.59842	0.59845			6
2026.06.01	01:01:50.618	0.59843	0.59846			6
2026.06.01	01:01:50.920	0.59844				2
2026.06.01	01:01:51.522		0.59847			4
2026.06.01	01:01:53.028	0.59845	0.59846			6
2026.06.01	01:01:53.323	0.59843				2
2026.06.01	01:01:54.827	0.59844	0.59847			6
2026.06.01	01:01:55.126	0.59845	0.59848			6
2026.06.01	01:01:55.435	0.59846	0.59849			6
2026.06.01	01:01:56.932	0.59847	0.59850			6
2026.06.01	01:01:57.538	0.59849	0.59852			6
2026.06.01	01:01:57.833	0.59850	0.59853			6
2026.06.01	01:01:58.132	0.59851	0.59854			6
2026.06.01	01:01:58.433	0.59852	0.59855			6
2026.06.01	01:01:59.637	0.59853	0.59856			6
2026.06.01	01:02:00.236	0.59853				2
2026.06.01	01:02:00.538	0.59846	0.59849			6
2026.06.01	01:02:00.839		0.59848			4
2026.06.01	01:02:01.135	0.59845				2
2026.06.01	01:02:01.737		0.59847			4
2026.06.01	01:02:02.939	0.59844	0.59846			6
2026.06.01	01:02:04.142		0.59845			4
2026.06.01	01:02:05.041		0.59846			4
2026.06.01	01:02:05.942	0.59842	0.59844			6
2026.06.01	01:02:06.246	0.59838	0.59841			6
2026.06.01	01:02:06.541	0.59837	0.59840			6
2026.06.01	01:02:07.744		0.59839			4
2026.06.01	01:02:08.051		0.59840			4
2026.06.01	01:02:08.645	0.59838				2
2026.06.01	01:02:08.947		0.59839			4
2026.06.01	01:02:09.253		0.59840			4
2026.06.01	01:02:09.849	0.59837	0.59839			6
2026.06.01	01:02:10.451		0.59840			4
2026.06.01	01:02:12.253	0.59833	0.59834			6
2026.06.01	01:02:12.550	0.59830	0.59831			6
2026.06.01	01:02:12.851	0.59828	0.59830			6
2026.06.01	01:02:13.149	0.59827				2
2026.06.01	01:02:13.458	0.59826	0.59829			6
2026.06.01	01:02:13.751	0.59827				2
2026.06.01	01:02:14.351	0.59828	0.59830			6
2026.06.01	01:02:14.952	0.59827	0.59829			6
2026.06.01	01:02:15.255	0.59826	0.59828			6
2026.06.01	01:02:15.551		0.59829			4
2026.06.01	01:02:16.755		0.59828			4
2026.06.01	01:02:18.864	0.59827	0.59829			6
2026.06.01	01:02:19.168	0.59828				2
2026.06.01	01:02:20.361	0.59827				2
2026.06.01	01:02:21.564	0.59826	0.59828			6
2026.06.01	01:02:24.567	0.59827				2
2026.06.01	01:02:24.877		0.59829			4
2026.06.01	01:02:26.976	0.59826				2
2026.06.01	01:02:27.570		0.59828			4
2026.06.01	01:02:28.175	0.59825				2
2026.06.01	01:02:31.183	0.59826				2
2026.06.01	01:02:31.478	0.59827	0.59829			6
2026.06.01	01:02:32.678	0.59823	0.59825			6
2026.06.01	01:02:32.982		0.59824			4
2026.06.01	01:02:33.586	0.59822	0.59825			6
2026.06.01	01:02:37.182	0.59824				2
2026.06.01	01:02:37.483	0.59822	0.59824			6
2026.06.01	01:02:37.784	0.59819	0.59821			6
2026.06.01	01:02:38.688	0.59818				2
2026.06.01	01:02:38.986	0.59819				2
2026.06.01	01:02:39.286	0.59818	0.59820			6
2026.06.01	01:02:39.585		0.59821			4
2026.06.01	01:02:40.189		0.59820			4
2026.06.01	01:02:40.794		0.59819			4
2026.06.01	01:02:41.392		0.59820			4
2026.06.01	01:02:41.986	0.59820	0.59822			6
2026.06.01	01:02:42.286	0.59819	0.59820			6
2026.06.01	01:02:42.587	0.59818	0.59819			6
2026.06.01	01:02:42.886		0.59820			4
2026.06.01	01:02:46.494	0.59821	0.59824			6
2026.06.01	01:02:46.791	0.59823	0.59825			6
2026.06.01	01:02:47.094	0.59824	0.59826			6
2026.06.01	01:02:47.693	0.59825	0.59827			6
2026.06.01	01:02:48.294		0.59826			4
2026.06.01	01:02:49.198	0.59826	0.59828			6
2026.06.01	01:02:50.099	0.59827	0.59830			6
2026.06.01	01:02:50.406	0.59828	0.59831			6
2026.06.01	01:02:50.699	0.59829	0.59832			6
2026.06.01	01:02:50.998	0.59830				2
2026.06.01	01:02:51.305	0.59829	0.59830			6
2026.06.01	01:02:51.605	0.59828				2
2026.06.01	01:02:52.810	0.59830	0.59832			6
2026.06.01	01:02:53.406		0.59831			4
2026.06.01	01:02:53.711		0.59832			4
2026.06.01	01:02:54.006	0.59829	0.59830			6
2026.06.01	01:02:54.304		0.59831			4
2026.06.01	01:02:55.807	0.59830				2
2026.06.01	01:02:56.109	0.59829				2
2026.06.01	01:02:57.012	0.59830				2
2026.06.01	01:02:57.309	0.59828	0.59830			6
2026.06.01	01:03:00.012	0.59828				2
2026.06.01	01:03:00.612	0.59830	0.59833			6
2026.06.01	01:03:00.917	0.59831	0.59834			6
2026.06.01	01:03:01.212	0.59832	0.59833			6
2026.06.01	01:03:01.814		0.59835			4
2026.06.01	01:03:03.018	0.59830	0.59831			6
2026.06.01	01:03:03.314	0.59829				2
2026.06.01	01:03:03.616		0.59832			4
2026.06.01	01:03:06.317	0.59828	0.59831			6
2026.06.01	01:03:09.021	0.59827	0.59830			6
2026.06.01	01:03:09.622	0.59828	0.59831			6
2026.06.01	01:03:16.837	0.59827	0.59829			6
2026.06.01	01:03:18.639		0.59828			4
2026.06.01	01:03:19.241	0.59826				2
2026.06.01	01:03:19.545	0.59827				2
2026.06.01	01:03:19.845		0.59829			4
2026.06.01	01:03:21.341	0.59826				2
2026.06.01	01:03:22.841	0.59824	0.59827			6
2026.06.01	01:03:24.642	0.59823	0.59826			6
2026.06.01	01:03:26.447	0.59824	0.59827			6
2026.06.01	01:03:27.951	0.59825	0.59826			6
2026.06.01	01:03:28.251	0.59817	0.59820			6
2026.06.01	01:03:28.552	0.59818	0.59821			6
2026.06.01	01:03:29.750		0.59820			4
2026.06.01	01:03:32.160	0.59817				2
2026.06.01	01:03:34.255	0.59815	0.59818			6
2026.06.01	01:03:37.259	0.59814	0.59817			6
2026.06.01	01:03:37.863	0.59813	0.59816			6
2026.06.01	01:03:41.173	0.59814	0.59817			6
2026.06.01	01:03:41.464	0.59813	0.59815			6
2026.06.01	01:03:41.770	0.59811	0.59814			6
2026.06.01	01:03:51.378	0.59815	0.59818			6
2026.06.01	01:03:51.685	0.59813	0.59816			6
2026.06.01	01:03:53.180	0.59809	0.59812			6
2026.06.01	01:03:53.484	0.59808	0.59811			6
2026.06.01	01:03:53.781	0.59811	0.59814			6
2026.06.01	01:04:00.089	0.59811				2
2026.06.01	01:04:00.392	0.59810	0.59813			6
2026.06.01	01:04:10.900	0.59809	0.59812			6
2026.06.01	01:04:14.203	0.59810	0.59813			6
2026.06.01	01:04:16.309		0.59812			4
2026.06.01	01:04:16.909	0.59808	0.59810			6
2026.06.01	01:04:17.209	0.59807				2
2026.06.01	01:04:17.508	0.59806	0.59809			6
2026.06.01	01:04:22.019	0.59805	0.59807			6
2026.06.01	01:04:22.326		0.59808			4
2026.06.01	01:04:22.625		0.59806			4
2026.06.01	01:04:26.231	0.59803	0.59805			6
2026.06.01	01:04:26.530	0.59804	0.59806			6
2026.06.01	01:04:31.029	0.59803	0.59805			6
2026.06.01	01:04:33.134	0.59806	0.59807			6
2026.06.01	01:04:33.441		0.59808			4
2026.06.01	01:05:00.183	0.59806				2
2026.06.01	01:05:02.283	0.59816	0.59817			6
2026.06.01	01:05:02.585	0.59814	0.59816			6
2026.06.01	01:05:02.889	0.59812	0.59814			6
2026.06.01	01:05:03.183		0.59815			4
2026.06.01	01:05:04.388	0.59811	0.59814			6
2026.06.01	01:05:04.690	0.59812	0.59815			6
2026.06.01	01:05:15.202	0.59810	0.59813			6
2026.06.01	01:05:15.503	0.59807	0.59810			6
2026.06.01	01:05:15.795	0.59806	0.59809			6
2026.06.01	01:05:17.002	0.59802	0.59805			6
2026.06.01	01:05:17.903	0.59803	0.59806			6
2026.06.01	01:05:21.804	0.59802	0.59805			6
2026.06.01	01:05:30.824	0.59804	0.59806			6
2026.06.01	01:05:31.129	0.59807	0.59810			6
2026.06.01	01:05:32.627	0.59803	0.59806			6
2026.06.01	01:05:32.932		0.59805			4
2026.06.01	01:05:33.525	0.59802				2
2026.06.01	01:06:00.270	0.59802				2
2026.06.01	01:06:00.573	0.59800	0.59803			6
2026.06.01	01:06:03.279	0.59801	0.59804			6
2026.06.01	01:06:03.585	0.59799	0.59802			6
2026.06.01	01:06:03.881	0.59798	0.59801			6
2026.06.01	01:06:04.184	0.59799	0.59802			6
2026.06.01	01:06:04.782	0.59800	0.59803			6
2026.06.01	01:06:07.192	0.59799	0.59802			6
2026.06.01	01:06:35.422	0.59800				2
2026.06.01	01:07:00.066	0.59800				2
2026.06.01	01:07:00.366	0.59801	0.59803			6
2026.06.01	01:07:07.886	0.59799	0.59801			6
2026.06.01	01:07:08.180	0.59800	0.59802			6
2026.06.01	01:07:08.781	0.59797	0.59799			6
2026.06.01	01:07:10.290		0.59800			4
2026.06.01	01:07:11.195		0.59799			4
2026.06.01	01:07:11.790	0.59799	0.59801			6
2026.06.01	01:07:13.295	0.59800	0.59803			6
2026.06.01	01:07:15.396	0.59801	0.59804			6
2026.06.01	01:07:22.907		0.59803			4
2026.06.01	01:07:23.211		0.59804			4
2026.06.01	01:07:23.512		0.59803			4
2026.06.01	01:07:24.404		0.59804			4
2026.06.01	01:07:25.006		0.59803			4
2026.06.01	01:07:25.305	0.59802	0.59804			6
2026.06.01	01:07:47.251	0.59805	0.59807			6
2026.06.01	01:07:47.550	0.59806	0.59808			6
2026.06.01	01:07:48.154	0.59805				2
2026.06.01	01:07:59.265	0.59806	0.59809			6
2026.06.01	01:07:59.571	0.59807	0.59810			6
2026.06.01	01:08:00.169	0.59806	0.59809			6
2026.06.01	01:08:04.075	0.59813	0.59816			6
2026.06.01	01:08:04.377	0.59812	0.59815			6
2026.06.01	01:08:05.876	0.59811	0.59814			6
2026.06.01	01:08:06.772	0.59810	0.59813			6
2026.06.01	01:08:46.739	0.59817	0.59820			6
2026.06.01	01:08:52.143	0.59816	0.59819			6
2026.06.01	01:08:53.054	0.59817	0.59820			6
2026.06.01	01:08:54.249	0.59816	0.59819			6
2026.06.01	01:08:54.549	0.59817	0.59820			6
2026.06.01	01:09:00.257	0.59817				2
2026.06.01	01:09:03.264		0.59819			4
2026.06.01	01:09:03.568		0.59820			4
2026.06.01	01:09:09.876	0.59815	0.59818			6
2026.06.01	01:09:14.994	0.59817	0.59820			6
2026.06.01	01:09:20.694	0.59816	0.59819			6
2026.06.01	01:09:23.406	0.59815	0.59818			6
2026.06.01	01:09:44.142	0.59814	0.59817			6
2026.06.01	01:09:56.172	0.59815	0.59818			6
2026.06.01	01:09:59.779	0.59814	0.59817			6
2026.06.01	01:10:00.078	0.59814				2
2026.06.01	01:10:10.304	0.59815	0.59818			6
2026.06.01	01:10:15.116		0.59817			4
2026.06.01	01:10:15.412	0.59813	0.59816			6
2026.06.01	01:10:20.522	0.59812	0.59815			6
2026.06.01	01:10:25.333	0.59811	0.59814			6
2026.06.01	01:10:25.632	0.59813	0.59816			6
2026.06.01	01:10:26.534	0.59812	0.59815			6
2026.06.01	01:10:33.439	0.59814	0.59817			6
2026.06.01	01:10:37.045	0.59815	0.59818			6
2026.06.01	01:10:40.051	0.59814	0.59817			6
2026.06.01	01:10:54.482	0.59815	0.59818			6
2026.06.01	01:10:55.088	0.59814	0.59817			6
2026.06.01	01:10:55.384	0.59815	0.59818			6
2026.06.01	01:11:00.193	0.59815				2
2026.06.01	01:11:02.602	0.59816	0.59819			6
2026.06.01	01:11:04.700	0.59814	0.59817			6
2026.06.01	01:11:05.002	0.59815	0.59818			6
2026.06.01	01:11:05.303	0.59814	0.59817			6
2026.06.01	01:11:05.601	0.59816	0.59819			6
2026.06.01	01:11:11.313	0.59817	0.59820			6
2026.06.01	01:11:15.219	0.59815	0.59818			6
2026.06.01	01:11:17.317	0.59814	0.59817			6
2026.06.01	01:11:36.269	0.59815	0.59818			6
2026.06.01	01:11:44.385	0.59816				2
2026.06.01	01:11:52.794		0.59819			4
2026.06.01	01:11:53.090	0.59815	0.59818			6
2026.06.01	01:11:54.297	0.59816	0.59819			6
2026.06.01	01:11:57.905	0.59817	0.59820			6
2026.06.01	01:11:58.502		0.59819			4
2026.06.01	01:11:59.101	0.59816				2
2026.06.01	01:12:00.007	0.59816				2
2026.06.01	01:12:00.311	0.59817	0.59820			6
2026.06.01	01:12:00.607	0.59819	0.59822			6
2026.06.01	01:12:00.910	0.59818	0.59821			6
2026.06.01	01:12:01.208	0.59817	0.59820			6
2026.06.01	01:12:04.815	0.59816	0.59819			6
2026.06.01	01:12:05.716	0.59817				2
2026.06.01	01:12:06.015	0.59816				2
2026.06.01	01:12:06.315	0.59817	0.59820			6
2026.06.01	01:12:06.916	0.59816	0.59819			6
2026.06.01	01:12:08.717	0.59817	0.59820			6
2026.06.01	01:12:10.820	0.59818	0.59821			6
2026.06.01	01:12:12.937	0.59817	0.59820			6
2026.06.01	01:12:13.239	0.59818	0.59821			6
2026.06.01	01:12:14.439	0.59817	0.59820			6
2026.06.01	01:12:14.740	0.59816	0.59819			6
2026.06.01	01:12:15.337	0.59815	0.59818			6
2026.06.01	01:12:15.942	0.59817	0.59820			6
2026.06.01	01:12:18.643		0.59819			4
2026.06.01	01:12:18.940	0.59814	0.59817			6
2026.06.01	01:12:22.851	0.59815	0.59818			6
2026.06.01	01:12:27.956	0.59816	0.59819			6
2026.06.01	01:12:33.957	0.59817	0.59820			6
2026.06.01	01:12:37.267	0.59816	0.59819			6
2026.06.01	01:12:45.983	0.59815	0.59818			6
2026.06.01	01:12:49.286	0.59816	0.59819			6
2026.06.01	01:12:53.798	0.59818	0.59821			6
2026.06.01	01:12:54.095	0.59820	0.59823			6
2026.06.01	01:13:00.099	0.59820				2
2026.06.01	01:13:04.010	0.59819	0.59822			6
2026.06.01	01:13:13.924	0.59820	0.59823			6
2026.06.01	01:13:15.124		0.59822			4
2026.06.01	01:13:15.426	0.59819				2
2026.06.01	01:13:16.034	0.59818	0.59821			6
2026.06.01	01:13:19.343	0.59819	0.59822			6
2026.06.01	01:13:32.263	0.59820	0.59823			6
2026.06.01	01:13:43.095	0.59819	0.59822			6
2026.06.01	01:13:43.997	0.59820	0.59823			6
2026.06.01	01:13:50.310	0.59821				2
2026.06.01	01:13:50.614	0.59820				2
2026.06.01	01:13:57.522	0.59822	0.59825			6
2026.06.01	01:14:00.231	0.59822				2
2026.06.01	01:14:00.534	0.59821	0.59824			6
2026.06.01	01:14:00.841	0.59820	0.59823			6
2026.06.01	01:14:04.140	0.59819	0.59822			6
2026.06.01	01:14:04.739	0.59820	0.59823			6
2026.06.01	01:14:11.054		0.59822			4
2026.06.01	01:14:11.349	0.59819				2
2026.06.01	01:14:12.551	0.59818	0.59821			6
2026.06.01	01:14:13.455	0.59819	0.59822			6
2026.06.01	01:14:15.256	0.59817	0.59820			6
2026.06.01	01:14:18.566	0.59818				2
2026.06.01	01:14:19.167	0.59815	0.59818			6
2026.06.01	01:14:19.467	0.59817				2
2026.06.01	01:14:19.770		0.59819			4
2026.06.01	01:14:20.667	0.59816				2
2026.06.01	01:14:23.978	0.59818	0.59821			6
2026.06.01	01:14:24.578	0.59820				2
2026.06.01	01:14:29.393		0.59822			4
2026.06.01	01:14:32.697		0.59823			4
2026.06.01	01:14:33.300	0.59822	0.59825			6
2026.06.01	01:14:35.399	0.59821	0.59824			6
2026.06.01	01:14:36.307	0.59822				2
2026.06.01	01:14:37.504		0.59825			4
2026.06.01	01:14:37.805	0.59824	0.59827			6
2026.06.01	01:14:38.105	0.59825				2
2026.06.01	01:14:39.007	0.59824				2
2026.06.01	01:14:41.113	0.59825				2
2026.06.01	01:14:42.317	0.59824				2
2026.06.01	01:14:43.215	0.59823	0.59826			6
2026.06.01	01:14:43.511	0.59822	0.59825			6
2026.06.01	01:14:48.924	0.59823	0.59826			6
2026.06.01	01:14:51.932	0.59824				2
2026.06.01	01:14:52.836		0.59827			4
2026.06.01	01:14:54.035	0.59825				2
2026.06.01	01:14:54.337	0.59824				2
2026.06.01	01:14:54.636	0.59823	0.59826			6
2026.06.01	01:14:54.936	0.59824	0.59827			6
2026.06.01	01:14:59.444	0.59826	0.59829			6
2026.06.01	01:14:59.743	0.59827				2
2026.06.01	01:15:00.043	0.59827				2
2026.06.01	01:15:00.343	0.59826				2
2026.06.01	01:15:00.648	0.59825	0.59828			6
2026.06.01	01:15:02.751	0.59823	0.59826			6
2026.06.01	01:15:03.646	0.59821	0.59824			6
2026.06.01	01:15:04.556	0.59819	0.59822			6
2026.06.01	01:15:12.365	0.59820	0.59823			6
2026.06.01	01:15:13.866	0.59821	0.59824			6
2026.06.01	01:15:15.374	0.59820	0.59823			6
2026.06.01	01:15:31.604	0.59821	0.59824			6
2026.06.01	01:15:41.813	0.59822	0.59825			6
2026.06.01	01:15:42.416	0.59820	0.59823			6
2026.06.01	01:16:00.160	0.59820				2
2026.06.01	01:16:01.662	0.59817	0.59820			6
2026.06.01	01:16:02.570	0.59816	0.59819			6
2026.06.01	01:16:03.467	0.59815	0.59818			6
2026.06.01	01:16:15.190	0.59816	0.59819			6
2026.06.01	01:16:15.486	0.59818	0.59821			6
2026.06.01	01:16:38.037	0.59820	0.59823			6
2026.06.01	01:16:38.338	0.59822				2
2026.06.01	01:16:38.939		0.59825			4
2026.06.01	01:16:46.155	0.59821	0.59824			6
2026.06.01	01:16:52.772	0.59822	0.59825			6
2026.06.01	01:16:54.880	0.59821	0.59824			6
2026.06.01	01:16:55.474	0.59820	0.59823			6
2026.06.01	01:16:57.282	0.59821	0.59824			6
2026.06.01	01:16:58.485	0.59822				2
2026.06.01	01:17:00.283	0.59822	0.59825			6
2026.06.01	01:17:30.358	0.59823	0.59826			6
2026.06.01	01:17:39.368	0.59824				2
2026.06.01	01:17:42.686		0.59827			4
2026.06.01	01:18:00.124	0.59824				2
2026.06.01	01:18:04.937	0.59826	0.59829			6
2026.06.01	01:18:05.840	0.59827				2
2026.06.01	01:18:15.153	0.59825	0.59828			6
2026.06.01	01:18:15.456	0.59824	0.59827			6
2026.06.01	01:18:15.756	0.59827	0.59828			6
2026.06.01	01:18:18.161		0.59829			4
2026.06.01	01:18:30.484	0.59828				2
2026.06.01	01:18:34.998	0.59827				2
2026.06.01	01:18:42.215	0.59826				2
2026.06.01	01:18:42.517	0.59827	0.59828			6
2026.06.01	01:18:45.522	0.59826				2
2026.06.01	01:19:00.252	0.59826				2
2026.06.01	01:19:01.754	0.59823	0.59824			6
2026.06.01	01:19:02.063	0.59822	0.59825			6
2026.06.01	01:19:08.069	0.59823	0.59826			6
2026.06.01	01:19:10.473	0.59822	0.59825			6
2026.06.01	01:19:13.180	0.59821	0.59824			6
2026.06.01	01:19:13.779	0.59822	0.59825			6
2026.06.01	01:19:14.384	0.59821	0.59824			6
2026.06.01	01:19:15.284	0.59822	0.59825			6
2026.06.01	01:19:22.495	0.59820	0.59823			6
2026.06.01	01:19:31.812	0.59821	0.59824			6
2026.06.01	01:19:35.121	0.59820	0.59823			6
2026.06.01	01:19:42.936	0.59821	0.59824			6
2026.06.01	01:19:46.543	0.59823	0.59825			6
2026.06.01	01:19:46.845	0.59822				2
2026.06.01	01:19:58.581	0.59823				2
2026.06.01	01:19:59.186	0.59822				2
2026.06.01	01:19:59.787	0.59823				2
2026.06.01	01:20:00.086	0.59823				2
2026.06.01	01:20:01.587	0.59822				2
2026.06.01	01:20:15.417	0.59821	0.59824			6
2026.06.01	01:20:15.725	0.59822	0.59825			6
2026.06.01	01:20:17.824	0.59821	0.59824			6
2026.06.01	01:20:25.640	0.59822	0.59825			6
2026.06.01	01:20:31.648	0.59821	0.59824			6
2026.06.01	01:20:33.451	0.59822	0.59825			6
2026.06.01	01:20:59.322	0.59821	0.59824			6
2026.06.01	01:21:00.216	0.59821				2
2026.06.01	01:21:19.471	0.59822	0.59825			6
2026.06.01	01:21:22.785	0.59821	0.59824			6
2026.06.01	01:21:29.102	0.59822	0.59825			6
2026.06.01	01:21:31.508	0.59821	0.59824			6
2026.06.01	01:21:37.517	0.59822	0.59825			6
2026.06.01	01:21:48.348		0.59824			4
2026.06.01	01:21:50.145	0.59823	0.59825			6
2026.06.01	01:21:50.443	0.59826	0.59828			6
2026.06.01	01:21:50.743	0.59827	0.59829			6
2026.06.01	01:21:51.345	0.59826				2
2026.06.01	01:21:53.156	0.59825	0.59827			6
2026.06.01	01:21:54.052	0.59824				2
2026.06.01	01:21:54.359	0.59823	0.59826			6
2026.06.01	01:22:00.066	0.59823				2
2026.06.01	01:22:02.771	0.59822	0.59824			6
2026.06.01	01:22:03.067	0.59821				2
2026.06.01	01:22:03.370	0.59820	0.59823			6
2026.06.01	01:22:03.669	0.59819	0.59822			6
2026.06.01	01:22:03.969	0.59820	0.59823			6
2026.06.01	01:22:04.572	0.59819	0.59822			6
2026.06.01	01:22:08.176	0.59820	0.59823			6
2026.06.01	01:22:14.794	0.59819	0.59822			6
2026.06.01	01:22:18.406	0.59820	0.59823			6
2026.06.01	01:22:28.020	0.59823	0.59826			6
2026.06.01	01:22:33.743	0.59824	0.59827			6
2026.06.01	01:22:34.043	0.59821	0.59824			6
2026.06.01	01:22:34.946	0.59822	0.59825			6
2026.06.01	01:22:35.845	0.59823	0.59826			6
2026.06.01	01:22:41.261	0.59822	0.59825			6
2026.06.01	01:22:41.557	0.59823	0.59826			6
2026.06.01	01:22:42.457	0.59822	0.59825			6
2026.06.01	01:22:43.061	0.59823	0.59826			6
2026.06.01	01:22:51.178	0.59822	0.59825			6
2026.06.01	01:23:00.199	0.59822				2
2026.06.01	01:23:13.439	0.59823	0.59826			6
2026.06.01	01:23:15.239	0.59822	0.59825			6
2026.06.01	01:23:17.941	0.59823	0.59826			6
2026.06.01	01:23:23.953	0.59822	0.59825			6
2026.06.01	01:23:45.591		0.59824			4
2026.06.01	01:23:48.898	0.59821				2
2026.06.01	01:23:50.103	0.59822				2
2026.06.01	01:23:59.122		0.59825			4
2026.06.01	01:24:00.022	0.59822				2
2026.06.01	01:24:20.769		0.59824			4
2026.06.01	01:24:24.680		0.59825			4
2026.06.01	01:24:30.399	0.59821	0.59824			6
2026.06.01	01:24:33.395	0.59822	0.59825			6
2026.06.01	01:24:37.604	0.59820	0.59823			6
2026.06.01	01:24:37.904	0.59822	0.59825			6
2026.06.01	01:24:54.142	0.59819	0.59822			6
2026.06.01	01:24:59.253	0.59818	0.59821			6
2026.06.01	01:25:00.154	0.59818				2
2026.06.01	01:25:07.075	0.59817	0.59820			6
2026.06.01	01:25:09.173	0.59814	0.59817			6
2026.06.01	01:25:09.474	0.59813	0.59816			6
2026.06.01	01:25:09.775	0.59814	0.59817			6
2026.06.01	01:25:10.084	0.59815	0.59818			6
2026.06.01	01:25:10.379	0.59816	0.59819			6
2026.06.01	01:25:11.291	0.59817				2
2026.06.01	01:25:13.091	0.59816				2
2026.06.01	01:25:14.595	0.59817				2
2026.06.01	01:25:15.493	0.59816				2
2026.06.01	01:25:15.792	0.59814	0.59817			6
2026.06.01	01:25:16.396	0.59812	0.59815			6
2026.06.01	01:25:16.996	0.59811	0.59814			6
2026.06.01	01:25:29.640	0.59816	0.59819			6
2026.06.01	01:25:30.240	0.59815				2
2026.06.01	01:25:30.542	0.59816	0.59820			6
2026.06.01	01:25:32.341		0.59819			4
2026.06.01	01:25:34.751	0.59817	0.59821			6
2026.06.01	01:25:39.255		0.59820			4
2026.06.01	01:25:45.266	0.59818	0.59821			6
2026.06.01	01:25:58.793	0.59817	0.59820			6
2026.06.01	01:26:00.292	0.59817				2
2026.06.01	01:26:01.500	0.59816	0.59819			6
2026.06.01	01:26:27.954	0.59817	0.59820			6
2026.06.01	01:26:39.680	0.59816	0.59819			6
2026.06.01	01:26:39.983	0.59817	0.59820			6
2026.06.01	01:26:43.291	0.59815	0.59818			6
2026.06.01	01:26:46.896	0.59817	0.59820			6
2026.06.01	01:26:48.092		0.59819			4
2026.06.01	01:26:50.491	0.59814	0.59817			6
2026.06.01	01:26:57.709	0.59813	0.59816			6
2026.06.01	01:26:58.609	0.59814	0.59817			6
2026.06.01	01:27:00.102	0.59814				2
2026.06.01	01:27:02.508	0.59815	0.59818			6
2026.06.01	01:27:03.709	0.59817	0.59820			6
2026.06.01	01:27:04.903	0.59815	0.59817			6
2026.06.01	01:27:05.204	0.59814				2
2026.06.01	01:27:05.803	0.59815	0.59818			6
2026.06.01	01:27:06.102	0.59816	0.59819			6
2026.06.01	01:27:15.117	0.59815	0.59818			6
2026.06.01	01:27:15.418	0.59814	0.59817			6
2026.06.01	01:27:41.588	0.59815	0.59818			6
2026.06.01	01:27:42.784	0.59817	0.59819			6
2026.06.01	01:27:47.295	0.59816				2
2026.06.01	01:27:47.897	0.59815	0.59818			6
2026.06.01	01:27:48.802	0.59816	0.59819			6
2026.06.01	01:28:00.229	0.59816				2
2026.06.01	01:28:00.534	0.59814	0.59817			6
2026.06.01	01:28:02.034	0.59815	0.59818			6
2026.06.01	01:28:02.337	0.59814	0.59817			6
2026.06.01	01:28:04.142	0.59813	0.59816			6
2026.06.01	01:28:26.677	0.59812	0.59815			6
2026.06.01	01:28:55.243	0.59813				2
2026.06.01	01:28:57.351	0.59812				2
2026.06.01	01:28:58.249	0.59813				2
2026.06.01	01:29:00.051	0.59813				2
2026.06.01	01:29:08.770	0.59816	0.59818			6
2026.06.01	01:29:09.072	0.59818	0.59820			6
2026.06.01	01:29:09.672	0.59815	0.59817			6
2026.06.01	01:29:10.276	0.59814				2
2026.06.01	01:29:11.176		0.59818			4
2026.06.01	01:29:11.488		0.59817			4
2026.06.01	01:29:11.782	0.59812	0.59816			6
2026.06.01	01:29:21.100		0.59815			4
2026.06.01	01:29:23.806	0.59813	0.59816			6
2026.06.01	01:29:29.522	0.59812	0.59815			6
2026.06.01	01:29:29.832	0.59813	0.59816			6
2026.06.01	01:29:33.741	0.59812	0.59815			6
2026.06.01	01:29:36.139	0.59813	0.59816			6
2026.06.01	01:29:44.254	0.59812	0.59815			6
2026.06.01	01:30:00.183	0.59812				2
2026.06.01	01:30:01.994	0.59809	0.59812			6
2026.06.01	01:30:02.592	0.59813	0.59816			6
2026.06.01	01:30:05.596	0.59814	0.59817			6
2026.06.01	01:30:05.895		0.59816			4
2026.06.01	01:30:07.999	0.59812	0.59815			6
2026.06.01	01:30:08.598	0.59813	0.59816			6
2026.06.01	01:30:10.405	0.59811	0.59815			6
2026.06.01	01:30:15.518	0.59814	0.59818			6
2026.06.01	01:30:16.715	0.59815	0.59819			6
2026.06.01	01:30:21.824	0.59814	0.59818			6
2026.06.01	01:30:22.124	0.59813	0.59817			6
2026.06.01	01:30:22.426	0.59814	0.59818			6
2026.06.01	01:30:23.029	0.59811	0.59815			6
2026.06.01	01:30:23.630	0.59810	0.59814			6
2026.06.01	01:30:23.931	0.59811	0.59815			6
2026.06.01	01:30:25.431	0.59810	0.59814			6
2026.06.01	01:30:33.240		0.59812			4
2026.06.01	01:30:33.544		0.59814			4
2026.06.01	01:30:34.446	0.59811	0.59815			6
2026.06.01	01:30:39.851	0.59810	0.59813			6
2026.06.01	01:30:40.152	0.59807	0.59810			6
2026.06.01	01:30:40.451	0.59806				2
2026.06.01	01:30:41.059	0.59805	0.59809			6
2026.06.01	01:30:44.363	0.59806	0.59810			6
2026.06.01	01:30:49.766	0.59805	0.59809			6
2026.06.01	01:30:51.268	0.59806	0.59810			6
2026.06.01	01:30:54.272	0.59807				2
2026.06.01	01:30:58.787		0.59808			4
2026.06.01	01:30:59.086	0.59804				2
2026.06.01	01:30:59.392	0.59803	0.59807			6
2026.06.01	01:30:59.989	0.59804				2
2026.06.01	01:31:00.294	0.59804				2
2026.06.01	01:31:04.501		0.59808			4
2026.06.01	01:31:08.107	0.59803	0.59807			6
2026.06.01	01:31:14.707	0.59804	0.59808			6
2026.06.01	01:31:15.315	0.59808	0.59812			6
2026.06.01	01:31:15.912	0.59807	0.59811			6
2026.06.01	01:31:19.512	0.59811	0.59813			6
2026.06.01	01:31:20.121		0.59815			4
2026.06.01	01:31:20.415	0.59812	0.59816			6
2026.06.01	01:31:34.839	0.59810	0.59814			6
2026.06.01	01:31:40.544	0.59808	0.59812			6
2026.06.01	01:31:40.845	0.59807	0.59811			6
2026.06.01	01:31:41.148	0.59806	0.59810			6
2026.06.01	01:31:43.249	0.59805	0.59809			6
2026.06.01	01:31:51.370	0.59806	0.59810			6
2026.06.01	01:31:53.773	0.59805	0.59809			6
2026.06.01	01:31:54.070	0.59806	0.59810			6
2026.06.01	01:31:54.672	0.59805	0.59809			6
2026.06.01	01:32:00.085	0.59805				2
2026.06.01	01:32:07.299	0.59806				2
2026.06.01	01:32:12.698	0.59805	0.59808			6
2026.06.01	01:32:13.001	0.59806	0.59809			6
2026.06.01	01:32:14.208	0.59805	0.59808			6
2026.06.01	01:32:16.610	0.59806	0.59809			6
2026.06.01	01:32:17.812	0.59805	0.59808			6
2026.06.01	01:32:18.709	0.59806	0.59809			6
2026.06.01	01:32:34.942	0.59807	0.59810			6
2026.06.01	01:32:36.137	0.59806	0.59809			6
2026.06.01	01:32:37.039	0.59805	0.59808			6
2026.06.01	01:32:37.638	0.59806	0.59809			6
2026.06.01	01:32:50.576	0.59809	0.59812			6
2026.06.01	01:32:50.876	0.59806	0.59809			6
2026.06.01	01:33:00.183	0.59806				2
2026.06.01	01:33:00.482	0.59802	0.59805			6
2026.06.01	01:33:00.781	0.59804	0.59807			6
2026.06.01	01:33:03.487		0.59806			4
2026.06.01	01:33:03.786		0.59807			4
2026.06.01	01:33:10.698	0.59803	0.59806			6
2026.06.01	01:33:13.405	0.59804	0.59807			6
2026.06.01	01:33:13.699	0.59805				2
2026.06.01	01:33:14.004		0.59808			4
2026.06.01	01:33:14.302	0.59804	0.59807			6
2026.06.01	01:33:14.607	0.59806	0.59809			6
2026.06.01	01:33:15.201	0.59804	0.59806			6
2026.06.01	01:33:15.808	0.59803				2
2026.06.01	01:33:16.408	0.59804				2
2026.06.01	01:33:31.743	0.59803				2
2026.06.01	01:33:32.946	0.59805	0.59808			6
2026.06.01	01:33:33.244	0.59806	0.59809			6
2026.06.01	01:33:36.858	0.59804	0.59807			6
2026.06.01	01:33:42.266		0.59806			4
2026.06.01	01:33:42.872	0.59803	0.59805			6
2026.06.01	01:33:44.667	0.59802				2
2026.06.01	01:33:44.970	0.59801	0.59802			6
2026.06.01	01:33:45.272	0.59799	0.59801			6
2026.06.01	01:33:45.568	0.59798				2
2026.06.01	01:33:46.468	0.59797				2
2026.06.01	01:33:48.279	0.59794	0.59797			6
2026.06.01	01:33:48.578	0.59795				2
2026.06.01	01:33:49.180		0.59798			4
2026.06.01	01:33:49.479	0.59794				2
2026.06.01	01:33:49.774	0.59793	0.59796			6
2026.06.01	01:33:50.081	0.59792				2
2026.06.01	01:33:50.382	0.59794				2
2026.06.01	01:33:51.284	0.59791	0.59795			6
2026.06.01	01:33:51.584	0.59793	0.59796			6
2026.06.01	01:33:53.388	0.59792				2
2026.06.01	01:33:53.990	0.59794	0.59797			6
2026.06.01	01:33:54.584	0.59795				2
2026.06.01	01:33:54.884	0.59791	0.59795			6
2026.06.01	01:33:57.893		0.59794			4
2026.06.01	01:33:58.191		0.59795			4
2026.06.01	01:33:59.993	0.59790	0.59794			6
2026.06.01	01:34:00.294	0.59790				2
2026.06.01	01:34:04.798	0.59791	0.59795			6
2026.06.01	01:34:05.400	0.59792	0.59796			6
2026.06.01	01:34:10.504	0.59791	0.59795			6
2026.06.01	01:34:11.404	0.59792	0.59796			6
2026.06.01	01:34:14.718	0.59793	0.59797			6
2026.06.01	01:34:15.612	0.59792	0.59796			6
2026.06.01	01:34:17.424	0.59793	0.59797			6
2026.06.01	01:34:20.428	0.59794	0.59798			6
2026.06.01	01:34:26.130	0.59795				2
2026.06.01	01:34:30.336	0.59796				2
2026.06.01	01:34:30.937	0.59795				2
2026.06.01	01:34:32.139	0.59794	0.59797			6
2026.06.01	01:34:32.738	0.59795	0.59798			6
2026.06.01	01:34:33.038	0.59794	0.59797			6
2026.06.01	01:34:33.940	0.59796	0.59798			6
2026.06.01	01:34:37.247	0.59795				2
2026.06.01	01:34:37.849	0.59796				2
2026.06.01	01:34:38.146	0.59795				2
2026.06.01	01:34:57.992	0.59796				2
2026.06.01	01:35:00.096	0.59796				2
2026.06.01	01:35:00.696		0.59799			4
2026.06.01	01:35:01.003	0.59797	0.59800			6
2026.06.01	01:35:01.597	0.59796	0.59799			6
2026.06.01	01:35:01.903	0.59795	0.59798			6
2026.06.01	01:35:02.499	0.59796	0.59799			6
2026.06.01	01:35:08.217		0.59798			4
2026.06.01	01:35:14.528	0.59795	0.59797			6
2026.06.01	01:35:16.636	0.59796	0.59798			6
2026.06.01	01:35:36.772	0.59798	0.59800			6
2026.06.01	01:35:37.071	0.59797	0.59799			6
2026.06.01	01:35:37.672	0.59796	0.59798			6
2026.06.01	01:35:37.975	0.59795	0.59797			6
2026.06.01	01:35:38.873	0.59796	0.59798			6
2026.06.01	01:35:40.684	0.59794	0.59796			6
2026.06.01	01:35:43.387	0.59795	0.59797			6
2026.06.01	01:35:45.795	0.59794	0.59796			6
2026.06.01	01:35:46.097	0.59795	0.59797			6
2026.06.01	01:35:46.395	0.59794	0.59796			6
2026.06.01	01:35:47.898	0.59795	0.59797			6
2026.06.01	01:35:48.197		0.59798			4
2026.06.01	01:35:48.494	0.59794	0.59797			6
2026.06.01	01:35:49.400	0.59795				2
2026.06.01	01:35:58.116	0.59796	0.59798			6
2026.06.01	01:36:00.211	0.59796				2
2026.06.01	01:36:02.621	0.59797	0.59799			6
2026.06.01	01:36:36.281	0.59798				2
2026.06.01	01:36:36.884	0.59803	0.59804			6
2026.06.01	01:36:37.182	0.59802	0.59805			6
2026.06.01	01:36:48.008	0.59800	0.59803			6
2026.06.01	01:36:49.210	0.59801	0.59805			6
2026.06.01	01:36:50.406	0.59800	0.59804			6
2026.06.01	01:36:51.308	0.59798	0.59801			6
2026.06.01	01:36:51.611	0.59799				2
2026.06.01	01:36:52.808	0.59798				2
2026.06.01	01:36:53.415	0.59799				2
2026.06.01	01:37:00.024	0.59798				2
2026.06.01	01:37:00.322	0.59799				2
2026.06.01	01:37:01.524		0.59802			4
2026.06.01	01:37:01.826	0.59800				2
2026.06.01	01:37:05.434	0.59799				2
2026.06.01	01:37:15.644	0.59800	0.59803			6
2026.06.01	01:37:26.457	0.59799	0.59800			6
2026.06.01	01:37:26.760	0.59796	0.59799			6
2026.06.01	01:37:27.664	0.59797	0.59800			6
2026.06.01	01:37:30.365	0.59795	0.59798			6
2026.06.01	01:37:33.975		0.59797			4
2026.06.01	01:37:40.583	0.59794				2
2026.06.01	01:37:40.881	0.59792	0.59795			6
2026.06.01	01:37:42.384		0.59796			4
2026.06.01	01:37:42.991	0.59793				2
2026.06.01	01:37:44.491	0.59794	0.59797			6
2026.06.01	01:37:45.090	0.59795				2
2026.06.01	01:37:45.993	0.59794				2
2026.06.01	01:37:49.603	0.59795				2
2026.06.01	01:38:00.146	0.59796				2
2026.06.01	01:38:00.740	0.59795				2
2026.06.01	01:38:01.349	0.59796				2
2026.06.01	01:38:01.946	0.59795				2
2026.06.01	01:38:07.957	0.59796				2
2026.06.01	01:38:09.159	0.59797	0.59798			6
2026.06.01	01:38:09.468	0.59796	0.59797			6
2026.06.01	01:38:10.670		0.59798			4
2026.06.01	01:38:15.172	0.59795	0.59797			6
2026.06.01	01:38:15.469	0.59794				2
2026.06.01	01:38:21.793		0.59796			4
2026.06.01	01:38:27.208	0.59793				2
2026.06.01	01:38:27.502	0.59794				2
2026.06.01	01:38:31.412	0.59793	0.59795			6
2026.06.01	01:38:31.710	0.59792	0.59794			6
2026.06.01	01:38:32.316		0.59795			4
2026.06.01	01:38:36.221		0.59794			4
2026.06.01	01:38:36.523	0.59793	0.59795			6
2026.06.01	01:38:36.824	0.59792	0.59794			6
2026.06.01	01:38:37.139		0.59795			4
2026.06.01	01:38:41.345	0.59793				2
2026.06.01	01:38:44.049	0.59794	0.59796			6
2026.06.01	01:38:45.254		0.59795			4
2026.06.01	01:38:46.751	0.59793				2
2026.06.01	01:38:47.354	0.59794				2
2026.06.01	01:38:47.963	0.59793				2
2026.06.01	01:38:48.862	0.59794	0.59796			6
2026.06.01	01:38:49.162	0.59795	0.59797			6
2026.06.01	01:38:49.466	0.59796	0.59798			6
2026.06.01	01:38:50.362	0.59795				2
2026.06.01	01:38:53.674	0.59796				2
2026.06.01	01:39:00.283	0.59796				2
2026.06.01	01:39:15.302	0.59794	0.59796			6
2026.06.01	01:39:18.012	0.59796	0.59797			6
2026.06.01	01:39:32.737		0.59798			4
2026.06.01	01:39:35.447		0.59797			4
2026.06.01	01:39:36.343	0.59797	0.59798			6
2026.06.01	01:39:41.455	0.59794	0.59796			6
2026.06.01	01:39:42.050	0.59795	0.59797			6
2026.06.01	01:39:42.349	0.59794				2
2026.06.01	01:39:45.357	0.59795				2
2026.06.01	01:39:50.465	0.59794	0.59796			6
2026.06.01	01:39:51.668	0.59795	0.59797			6
2026.06.01	01:39:54.677	0.59794	0.59796			6
2026.06.01	01:39:54.973	0.59793	0.59795			6
2026.06.01	01:39:55.277	0.59794	0.59796			6
2026.06.01	01:39:55.579	0.59795	0.59797			6
2026.06.01	01:40:00.085	0.59795				2
2026.06.01	01:40:00.385	0.59796	0.59798			6
2026.06.01	01:40:06.093	0.59795	0.59797			6
2026.06.01	01:40:06.996	0.59796	0.59798			6
2026.06.01	01:40:07.896	0.59795	0.59797			6
2026.06.01	01:40:15.122	0.59794	0.59796			6
2026.06.01	01:40:17.226	0.59793	0.59795			6
2026.06.01	01:40:19.940	0.59794	0.59796			6
2026.06.01	01:40:20.238	0.59796	0.59798			6
2026.06.01	01:40:21.141		0.59799			4
2026.06.01	01:40:29.254		0.59798			4
2026.06.01	01:40:35.866	0.59797	0.59799			6
2026.06.01	01:40:51.192	0.59798	0.59800			6
2026.06.01	01:41:00.213	0.59798				2
2026.06.01	01:41:01.416	0.59797	0.59799			6
2026.06.01	01:41:06.826		0.59798			4
2026.06.01	01:41:13.149	0.59796	0.59797			6
2026.06.01	01:41:13.445	0.59795	0.59796			6
2026.06.01	01:41:14.345	0.59794				2
2026.06.01	01:41:15.249	0.59796	0.59798			6
2026.06.01	01:41:19.149	0.59795	0.59797			6
2026.06.01	01:41:21.258	0.59796	0.59798			6
2026.06.01	01:41:47.418	0.59798	0.59799			6
2026.06.01	01:41:48.319	0.59797				2
2026.06.01	01:41:50.425	0.59798				2
2026.06.01	01:41:57.337		0.59800			4
2026.06.01	01:41:57.638		0.59799			4
2026.06.01	01:42:00.039	0.59798				2
2026.06.01	01:42:08.156	0.59797				2
2026.06.01	01:42:12.064		0.59798			4
2026.06.01	01:42:12.964		0.59799			4
2026.06.01	01:42:58.955	0.59798				2
2026.06.01	01:43:00.163	0.59798				2
2026.06.01	01:43:03.172	0.59797	0.59798			6
2026.06.01	01:43:04.372	0.59798	0.59799			6
2026.06.01	01:43:05.575	0.59797				2
2026.06.01	01:43:08.879		0.59798			4
2026.06.01	01:43:14.293		0.59799			4
2026.06.01	01:43:51.865		0.59798			4
2026.06.01	01:43:55.772	0.59798	0.59799			6
2026.06.01	01:43:58.781	0.59797				2
2026.06.01	01:43:59.075	0.59798				2
2026.06.01	01:44:00.277	0.59798				2
2026.06.01	01:44:03.585	0.59797				2
2026.06.01	01:44:10.196	0.59798				2
2026.06.01	01:44:12.908	0.59797	0.59798			6
2026.06.01	01:44:13.208		0.59799			4
2026.06.01	01:44:18.616		0.59798			4
2026.06.01	01:44:24.928		0.59799			4
2026.06.01	01:44:27.334		0.59798			4
2026.06.01	01:44:36.359		0.59799			4
2026.06.01	01:44:37.561		0.59798			4
2026.06.01	01:44:42.661		0.59799			4
2026.06.01	01:44:45.072	0.59798				2
2026.06.01	01:44:52.579	0.59797	0.59798			6
2026.06.01	01:44:54.386		0.59799			4
2026.06.01	01:44:54.979	0.59798	0.59800			6
2026.06.01	01:44:56.488	0.59797	0.59799			6
2026.06.01	01:45:00.096	0.59797				2
2026.06.01	01:45:00.401	0.59802	0.59804			6
2026.06.01	01:45:00.700	0.59803	0.59805			6
2026.06.01	01:45:00.997	0.59802	0.59804			6
2026.06.01	01:45:01.302	0.59801	0.59803			6
2026.06.01	01:45:02.209	0.59800				2
2026.06.01	01:45:02.810	0.59801	0.59804			6
2026.06.01	01:45:04.005	0.59800	0.59803			6
2026.06.01	01:45:04.605	0.59801	0.59804			6
2026.06.01	01:45:05.211		0.59803			4
2026.06.01	01:45:18.063	0.59804	0.59806			6
2026.06.01	01:45:18.661	0.59803	0.59805			6
2026.06.01	01:45:19.268	0.59805	0.59807			6
2026.06.01	01:45:23.774	0.59803	0.59806			6
2026.06.01	01:45:25.524	0.59804	0.59807			6
2026.06.01	01:45:27.003	0.59805				2
2026.06.01	01:45:27.604	0.59804				2
2026.06.01	01:45:30.447	0.59805				2
2026.06.01	01:45:31.348	0.59804				2
2026.06.01	01:45:31.651	0.59805				2
2026.06.01	01:45:31.952	0.59804				2
2026.06.01	01:45:40.284	0.59805				2
2026.06.01	01:45:45.698	0.59803	0.59806			6
2026.06.01	01:45:52.918	0.59804	0.59807			6
2026.06.01	01:45:55.632	0.59805				2
2026.06.01	01:45:56.833	0.59804				2
2026.06.01	01:46:00.137	0.59804				2
2026.06.01	01:46:02.241	0.59803	0.59805			6
2026.06.01	01:46:02.540		0.59806			4
2026.06.01	01:46:04.345	0.59802				2
2026.06.01	01:46:05.797	0.59803				2
2026.06.01	01:46:06.097	0.59804				2
2026.06.01	01:46:06.697	0.59805				2
2026.06.01	01:46:07.298	0.59804				2
2026.06.01	01:46:11.204	0.59805				2
2026.06.01	01:46:13.007	0.59804	0.59805			6
2026.06.01	01:46:14.209	0.59803				2
2026.06.01	01:46:14.508	0.59802				2
2026.06.01	01:46:15.409	0.59803	0.59806			6
2026.06.01	01:46:16.011	0.59805				2
2026.06.01	01:46:16.612	0.59804				2
2026.06.01	01:46:18.113	0.59805				2
2026.06.01	01:46:18.413	0.59804				2
2026.06.01	01:46:18.713	0.59805				2
2026.06.01	01:46:21.369	0.59804				2
2026.06.01	01:46:23.659	0.59803				2
2026.06.01	01:46:23.960	0.59804				2
2026.06.01	01:46:32.204	0.59803				2
2026.06.01	01:46:33.663	0.59804				2
2026.06.01	01:47:01.165	0.59804				2
2026.06.01	01:47:01.465	0.59803	0.59805			6
2026.06.01	01:47:06.310	0.59805	0.59807			6
2026.06.01	01:47:06.910	0.59806				2
2026.06.01	01:47:07.211	0.59805				2
2026.06.01	01:47:10.679	0.59804				2
2026.06.01	01:47:13.837	0.59805				2
2026.06.01	01:47:15.338	0.59803	0.59806			6
2026.06.01	01:47:17.441	0.59804				2
2026.06.01	01:47:19.244	0.59803				2
2026.06.01	01:47:23.753	0.59806	0.59809			6
2026.06.01	01:47:24.355	0.59805	0.59806			6
2026.06.01	01:47:24.656	0.59803	0.59805			6
2026.06.01	01:47:31.567	0.59807	0.59810			6
2026.06.01	01:47:32.467	0.59806	0.59808			6
2026.06.01	01:47:33.069	0.59804	0.59807			6
2026.06.01	01:47:34.873		0.59806			4
2026.06.01	01:47:35.173	0.59803	0.59805			6
2026.06.01	01:47:35.473	0.59802				2
2026.06.01	01:47:35.773	0.59803				2
2026.06.01	01:47:41.110	0.59802				2
2026.06.01	01:47:50.111	0.59799	0.59802			6
2026.06.01	01:47:50.412	0.59798	0.59800			6
2026.06.01	01:47:50.712	0.59797				2
2026.06.01	01:47:54.616	0.59798				2
2026.06.01	01:47:54.920	0.59797				2
2026.06.01	01:48:00.037	0.59797				2
2026.06.01	01:48:00.638	0.59796				2
2026.06.01	01:48:01.693	0.59795	0.59799			6
2026.06.01	01:48:03.774	0.59794	0.59796			6
2026.06.01	01:48:07.590	0.59795	0.59797			6
2026.06.01	01:48:15.107	0.59794	0.59796			6
2026.06.01	01:48:15.407	0.59793				2
2026.06.01	01:48:15.707	0.59794				2
2026.06.01	01:48:16.678	0.59793				2
2026.06.01	01:48:20.075		0.59795			4
2026.06.01	01:48:20.976		0.59796			4
2026.06.01	01:48:28.653		0.59795			4
2026.06.01	01:48:30.684	0.59792				2
2026.06.01	01:48:31.740	0.59793				2
2026.06.01	01:48:32.396	0.59792				2
2026.06.01	01:48:33.091	0.59791				2
2026.06.01	01:48:33.691	0.59792				2
2026.06.01	01:48:34.295	0.59791				2
2026.06.01	01:48:34.897	0.59792				2
2026.06.01	01:48:35.361	0.59793				2
2026.06.01	01:48:40.106	0.59792				2
2026.06.01	01:48:55.173	0.59793				2
2026.06.01	01:49:00.284	0.59793				2
2026.06.01	01:49:00.885	0.59791	0.59792			6
2026.06.01	01:49:01.486	0.59790				2
2026.06.01	01:49:09.806	0.59791	0.59794			6
2026.06.01	01:49:20.017		0.59793			4
2026.06.01	01:49:20.317		0.59792			4
2026.06.01	01:49:20.617		0.59794			4
2026.06.01	01:49:23.711		0.59793			4
2026.06.01	01:49:24.913	0.59790				2
2026.06.01	01:49:25.815	0.59791				2
2026.06.01	01:49:27.927	0.59790				2
2026.06.01	01:49:28.828	0.59791				2
2026.06.01	01:49:33.334	0.59793	0.59795			6
2026.06.01	01:49:33.634	0.59792	0.59794			6
2026.06.01	01:49:40.550	0.59793	0.59795			6
2026.06.01	01:49:43.554	0.59792	0.59794			6
2026.06.01	01:50:00.089	0.59792				2
2026.06.01	01:50:33.466	0.59793				2
2026.06.01	01:50:35.867	0.59792				2
2026.06.01	01:50:43.814		0.59794			4
2026.06.01	01:50:46.224		0.59793			4
2026.06.01	01:50:46.530	0.59791				2
2026.06.01	01:50:52.539	0.59794	0.59795			6
2026.06.01	01:50:53.140	0.59793				2
2026.06.01	01:50:53.741	0.59792	0.59794			6
2026.06.01	01:50:54.045	0.59793				2
2026.06.01	01:50:54.646	0.59792	0.59793			6
2026.06.01	01:50:54.946	0.59793	0.59794			6
2026.06.01	01:50:55.247	0.59792				2
2026.06.01	01:51:00.056	0.59792	0.59793			6
2026.06.01	01:51:06.667	0.59791				2
2026.06.01	01:51:07.870	0.59792	0.59794			6
2026.06.01	01:51:08.170	0.59793				2
2026.06.01	01:51:09.071	0.59792				2
2026.06.01	01:51:11.263	0.59793				2
2026.06.01	01:51:12.764	0.59792	0.59793			6
2026.06.01	01:51:13.065	0.59793	0.59794			6
2026.06.01	01:51:13.965	0.59792				2
2026.06.01	01:51:20.281	0.59793				2
2026.06.01	01:51:28.092	0.59791	0.59793			6
2026.06.01	01:51:33.201	0.59792	0.59794			6
2026.06.01	01:51:47.195	0.59793				2
2026.06.01	01:51:53.805	0.59792	0.59793			6
2026.06.01	01:51:54.105	0.59793	0.59794			6
2026.06.01	01:52:00.112	0.59793				2
2026.06.01	01:52:16.342	0.59792				2
2026.06.01	01:52:18.445	0.59793				2
2026.06.01	01:52:25.052	0.59794	0.59795			6
2026.06.01	01:52:31.363	0.59793	0.59794			6
2026.06.01	01:52:31.664	0.59794	0.59795			6
2026.06.01	01:52:34.967	0.59787	0.59788			6
2026.06.01	01:52:35.868	0.59786				2
2026.06.01	01:52:37.357		0.59789			4
2026.06.01	01:52:37.658	0.59787				2
2026.06.01	01:53:00.197	0.59787				2
2026.06.01	01:53:07.715	0.59786				2
2026.06.01	01:53:19.207	0.59787				2
2026.06.01	01:53:23.418		0.59790			4
2026.06.01	01:53:38.724	0.59791	0.59794			6
2026.06.01	01:53:39.025	0.59792				2
2026.06.01	01:54:00.044	0.59792				2
2026.06.01	01:54:03.650	0.59791				2
2026.06.01	01:54:04.425	0.59792				2
2026.06.01	01:54:04.727	0.59791				2
2026.06.01	01:54:05.588	0.59792				2
2026.06.01	01:54:38.735		0.59794			4
2026.06.01	01:54:40.237	0.59793				2
2026.06.01	01:54:48.351	0.59792				2
2026.06.01	01:54:51.056		0.59793			4
2026.06.01	01:54:53.160	0.59791	0.59792			6
2026.06.01	01:54:53.460	0.59790	0.59791			6
2026.06.01	01:54:54.060	0.59791	0.59792			6
2026.06.01	01:54:54.361	0.59790	0.59791			6
2026.06.01	01:54:59.165	0.59791	0.59792			6
2026.06.01	01:55:00.065	0.59790	0.59791			6
2026.06.01	01:55:00.365	0.59788	0.59789			6
2026.06.01	01:55:00.665	0.59789	0.59790			6
2026.06.01	01:55:01.265	0.59788				2
2026.06.01	01:55:02.767	0.59789				2
2026.06.01	01:55:03.067	0.59790	0.59791			6
2026.06.01	01:55:03.367	0.59789	0.59790			6
2026.06.01	01:55:03.667	0.59788				2
2026.06.01	01:55:19.885	0.59787	0.59789			6
2026.06.01	01:55:24.990	0.59788				2
2026.06.01	01:55:25.290		0.59790			4
2026.06.01	01:55:41.126	0.59789				2
2026.06.01	01:55:49.840	0.59788				2
2026.06.01	01:55:50.140		0.59789			4
2026.06.01	01:55:55.248		0.59790			4
2026.06.01	01:56:00.249	0.59788				2
2026.06.01	01:56:11.371	0.59789	0.59791			6
2026.06.01	01:56:12.877		0.59790			4
2026.06.01	01:56:14.081	0.59788				2
2026.06.01	01:56:31.207	0.59787	0.59789			6
2026.06.01	01:56:33.611		0.59788			4
2026.06.01	01:56:33.911		0.59789			4
2026.06.01	01:56:48.336		0.59788			4
2026.06.01	01:56:50.139		0.59789			4
2026.06.01	01:56:50.440		0.59788			4
2026.06.01	01:56:58.857	0.59784	0.59786			6
2026.06.01	01:56:59.157	0.59783				2
2026.06.01	01:56:59.459	0.59782	0.59785			6
2026.06.01	01:57:00.062	0.59782				2
2026.06.01	01:57:01.264	0.59783	0.59786			6
2026.06.01	01:57:05.623	0.59784	0.59787			6
2026.06.01	01:57:12.706	0.59785				2
2026.06.01	01:57:15.410	0.59783	0.59786			6
2026.06.01	01:57:17.213	0.59784	0.59787			6
2026.06.01	01:57:20.621	0.59785				2
2026.06.01	01:57:26.032		0.59786			4
2026.06.01	01:57:30.538	0.59786	0.59787			6
2026.06.01	01:58:00.295	0.59786				2
2026.06.01	01:58:11.121	0.59787	0.59788			6
2026.06.01	01:58:12.328		0.59789			4
2026.06.01	01:58:12.627	0.59789	0.59790			6
2026.06.01	01:58:12.929	0.59787	0.59789			6
2026.06.01	01:58:20.139	0.59788				2
2026.06.01	01:58:28.573	0.59789	0.59790			6
2026.06.01	01:58:28.873		0.59791			4
2026.06.01	01:58:34.895	0.59790	0.59792			6
2026.06.01	01:58:41.802		0.59791			4
2026.06.01	01:58:43.306		0.59792			4
2026.06.01	01:58:43.607	0.59791	0.59793			6
2026.06.01	01:58:58.340		0.59792			4
2026.06.01	01:59:00.147	0.59791				2
2026.06.01	01:59:00.448	0.59790	0.59791			6
2026.06.01	01:59:01.048	0.59789	0.59790			6
2026.06.01	01:59:01.348	0.59788	0.59791			6
2026.06.01	01:59:04.956	0.59787	0.59790			6
2026.06.01	01:59:05.256	0.59786				2
2026.06.01	01:59:06.156		0.59789			4
2026.06.01	01:59:12.465	0.59785	0.59788			6
2026.06.01	01:59:13.066	0.59786	0.59789			6
2026.06.01	01:59:26.291		0.59788			4
2026.06.01	01:59:51.528	0.59787	0.59789			6
2026.06.01	01:59:54.232		0.59788			4
2026.06.01	02:00:00.240	0.59787				2
2026.06.01	02:00:01.140		0.59789			4
2026.06.01	02:00:01.440	0.59790	0.59792			6
2026.06.01	02:00:01.741		0.59791			4
2026.06.01	02:00:02.340	0.59789	0.59793			6
2026.06.01	02:00:04.141	0.59787	0.59791			6
2026.06.01	02:00:05.646	0.59788	0.59792			6
2026.06.01	02:00:06.847	0.59787	0.59791			6
2026.06.01	02:00:08.649	0.59786	0.59790			6
2026.06.01	02:00:10.151	0.59784	0.59788			6
2026.06.01	02:00:13.765	0.59783	0.59787			6
2026.06.01	02:00:14.063	0.59780	0.59784			6
2026.06.01	02:00:14.363	0.59781	0.59785			6
2026.06.01	02:00:14.664	0.59780	0.59784			6
2026.06.01	02:00:14.964	0.59781	0.59785			6
2026.06.01	02:00:17.970	0.59782	0.59786			6
2026.06.01	02:00:20.680	0.59781	0.59785			6
2026.06.01	02:00:20.981	0.59782	0.59786			6
2026.06.01	02:00:28.188	0.59781	0.59785			6
2026.06.01	02:00:51.334	0.59778	0.59781			6
2026.06.01	02:00:51.635	0.59777				2
2026.06.01	02:00:52.537	0.59776	0.59780			6
2026.06.01	02:00:53.737	0.59777	0.59781			6
2026.06.01	02:00:57.645	0.59776	0.59780			6
2026.06.01	02:00:59.446	0.59777	0.59781			6
2026.06.01	02:01:00.047	0.59777				2
2026.06.01	02:01:01.551	0.59778				2
2026.06.01	02:01:01.851	0.59779	0.59782			6
2026.06.01	02:01:03.800	0.59778	0.59781			6
2026.06.01	02:01:05.247	0.59779				2
2026.06.01	02:01:06.151	0.59778				2
2026.06.01	02:01:08.428	0.59779	0.59783			6
2026.06.01	02:01:09.031	0.59778	0.59782			6
2026.06.01	02:01:10.232	0.59779	0.59783			6
2026.06.01	02:01:13.669	0.59780				2
2026.06.01	02:01:14.571	0.59779				2
2026.06.01	02:01:14.871		0.59782			4
2026.06.01	02:01:16.977	0.59778				2
2026.06.01	02:01:18.178	0.59779				2
2026.06.01	02:01:22.987	0.59778				2
2026.06.01	02:01:23.889		0.59781			4
2026.06.01	02:01:25.390	0.59779	0.59783			6
2026.06.01	02:01:25.691		0.59782			4
2026.06.01	02:01:28.100	0.59778				2
2026.06.01	02:01:30.203	0.59779				2
2026.06.01	02:01:30.504	0.59780	0.59784			6
2026.06.01	02:01:30.807	0.59779	0.59782			6
2026.06.01	02:01:33.210		0.59783			4
2026.06.01	02:01:36.518		0.59782			4
2026.06.01	02:01:36.818		0.59783			4
2026.06.01	02:01:40.122		0.59782			4
2026.06.01	02:01:41.924	0.59778				2
2026.06.01	02:01:50.644	0.59779	0.59783			6
2026.06.01	02:01:50.944	0.59780	0.59784			6
2026.06.01	02:01:56.651	0.59778	0.59782			6
2026.06.01	02:02:00.260	0.59778				2
2026.06.01	02:02:02.063	0.59776	0.59780			6
2026.06.01	02:02:03.566	0.59777	0.59781			6
2026.06.01	02:02:12.291	0.59776	0.59780			6
2026.06.01	02:02:13.493	0.59778				2
2026.06.01	02:02:13.794	0.59777				2
2026.06.01	02:02:14.395	0.59776				2
2026.06.01	02:02:21.081	0.59777				2
2026.06.01	02:02:24.994	0.59776				2
2026.06.01	02:02:25.296	0.59777				2
2026.06.01	02:02:25.900	0.59778				2
2026.06.01	02:02:26.201	0.59777				2
2026.06.01	02:02:30.114	0.59778				2
2026.06.01	02:02:31.314	0.59777				2
2026.06.01	02:02:32.816	0.59778				2
2026.06.01	02:02:33.116	0.59776	0.59779			6
2026.06.01	02:02:34.019	0.59777	0.59780			6
2026.06.01	02:02:34.920	0.59776	0.59779			6
2026.06.01	02:02:37.324		0.59777			4
2026.06.01	02:02:37.624	0.59774				2
2026.06.01	02:02:38.224	0.59773				2
2026.06.01	02:02:39.132	0.59772	0.59776			6
2026.06.01	02:02:39.732	0.59773				2
2026.06.01	02:02:40.031	0.59772				2
2026.06.01	02:02:41.235	0.59773				2
2026.06.01	02:02:41.535	0.59772				2
2026.06.01	02:02:42.136	0.59773				2
2026.06.01	02:02:43.338	0.59771	0.59775			6
2026.06.01	02:02:44.548	0.59772				2
2026.06.01	02:02:47.288	0.59771				2
2026.06.01	02:02:47.588	0.59773	0.59776			6
2026.06.01	02:02:49.990	0.59772				2
2026.06.01	02:02:50.591	0.59771	0.59775			6
2026.06.01	02:02:52.027	0.59773	0.59776			6
2026.06.01	02:02:52.627	0.59774	0.59777			6
2026.06.01	02:02:52.927	0.59775	0.59778			6
2026.06.01	02:02:55.630	0.59774				2
2026.06.01	02:02:56.702		0.59777			4
2026.06.01	02:03:00.211	0.59774				2
2026.06.01	02:03:00.812	0.59773				2
2026.06.01	02:03:03.622	0.59774				2
2026.06.01	02:03:03.921	0.59775				2
2026.06.01	02:03:04.224		0.59778			4
2026.06.01	02:03:04.524		0.59779			4
2026.06.01	02:03:08.134		0.59778			4
2026.06.01	02:03:12.337		0.59777			4
2026.06.01	02:03:12.937		0.59778			4
2026.06.01	02:03:15.343	0.59776				2
2026.06.01	02:03:15.643	0.59775				2
2026.06.01	02:03:15.943	0.59776	0.59779			6
2026.06.01	02:03:16.545	0.59777	0.59780			6
2026.06.01	02:03:16.844	0.59776				2
2026.06.01	02:03:17.144	0.59779	0.59782			6
2026.06.01	02:03:17.444	0.59778				2
2026.06.01	02:03:17.745	0.59777	0.59781			6
2026.06.01	02:03:18.645	0.59778	0.59782			6
2026.06.01	02:03:18.945	0.59777	0.59781			6
2026.06.01	02:03:19.545	0.59776	0.59780			6
2026.06.01	02:03:24.993	0.59777				2
2026.06.01	02:03:26.187	0.59776				2
2026.06.01	02:03:27.851	0.59777				2
2026.06.01	02:03:29.802	0.59776				2
2026.06.01	02:03:30.404	0.59777				2
2026.06.01	02:03:30.704		0.59779			4
2026.06.01	02:03:31.005	0.59776				2
2026.06.01	02:03:34.521	0.59774	0.59778			6
2026.06.01	02:03:34.822	0.59776	0.59780			6
2026.06.01	02:03:38.237		0.59779			4
2026.06.01	02:03:40.341		0.59780			4
2026.06.01	02:03:40.641	0.59778	0.59782			6
2026.06.01	02:03:40.941	0.59776	0.59780			6
2026.06.01	02:03:56.107	0.59777				2
2026.06.01	02:04:00.018	0.59777				2
2026.06.01	02:04:00.922	0.59778				2
2026.06.01	02:04:01.222	0.59779	0.59782			6
2026.06.01	02:04:01.823	0.59780	0.59783			6
2026.06.01	02:04:07.598		0.59782			4
2026.06.01	02:04:08.499		0.59783			4
2026.06.01	02:04:08.799	0.59781				2
2026.06.01	02:04:09.400		0.59784			4
2026.06.01	02:04:10.000	0.59780				2
2026.06.01	02:04:10.301		0.59783			4
2026.06.01	02:04:12.402	0.59783	0.59786			6
2026.06.01	02:04:13.004	0.59785	0.59788			6
2026.06.01	02:04:13.303		0.59789			4
2026.06.01	02:04:13.904	0.59786	0.59790			6
2026.06.01	02:04:38.120		0.59789			4
2026.06.01	02:04:39.921	0.59790	0.59793			6
2026.06.01	02:04:40.222	0.59791	0.59794			6
2026.06.01	02:04:40.523		0.59795			4
2026.06.01	02:04:41.828	0.59792				2
2026.06.01	02:04:55.425	0.59791				2
2026.06.01	02:05:00.003	0.59791				2
2026.06.01	02:05:02.099	0.59792				2
2026.06.01	02:05:16.224		0.59794			4
2026.06.01	02:05:22.537	0.59793	0.59795			6
2026.06.01	02:05:22.838	0.59792	0.59794			6
2026.06.01	02:05:24.037	0.59794	0.59796			6
2026.06.01	02:05:24.337	0.59795	0.59797			6
2026.06.01	02:05:25.237	0.59794				2
2026.06.01	02:05:27.341	0.59795	0.59798			6
2026.06.01	02:05:33.147	0.59796				2
2026.06.01	02:05:33.448	0.59795	0.59797			6
2026.06.01	02:05:34.348		0.59798			4
2026.06.01	02:05:35.129		0.59797			4
2026.06.01	02:05:43.544	0.59797	0.59799			6
2026.06.01	02:05:44.145		0.59800			4
2026.06.01	02:05:46.847	0.59796	0.59799			6
2026.06.01	02:05:47.148	0.59797				2
2026.06.01	02:05:51.961	0.59794	0.59796			6
2026.06.01	02:05:52.263	0.59792				2
2026.06.01	02:05:53.163	0.59793				2
2026.06.01	02:05:58.933	0.59792	0.59795			6
2026.06.01	02:06:00.134	0.59792				2
2026.06.01	02:06:01.636	0.59794	0.59797			6
2026.06.01	02:06:02.537		0.59798			4
2026.06.01	02:06:03.100		0.59797			4
2026.06.01	02:06:17.240	0.59795				2
2026.06.01	02:06:18.745	0.59794	0.59796			6
2026.06.01	02:06:23.260	0.59795	0.59797			6
2026.06.01	02:06:32.273		0.59796			4
2026.06.01	02:06:52.122	0.59793	0.59795			6
2026.06.01	02:06:52.423	0.59794				2
2026.06.01	02:06:55.131	0.59793				2
2026.06.01	02:06:57.241	0.59791	0.59792			6
2026.06.01	02:06:57.541	0.59789	0.59791			6
2026.06.01	02:06:57.841	0.59790				2
2026.06.01	02:06:58.141	0.59788				2
2026.06.01	02:07:00.130	0.59788				2
2026.06.01	02:07:01.830		0.59792			4
2026.06.01	02:07:06.334	0.59790	0.59793			6
2026.06.01	02:07:09.944	0.59789				2
2026.06.01	02:07:11.445		0.59792			4
2026.06.01	02:07:12.645	0.59788				2
2026.06.01	02:07:13.874		0.59791			4
2026.06.01	02:07:25.594	0.59789	0.59792			6
2026.06.01	02:07:33.108		0.59791			4
2026.06.01	02:07:36.110	0.59787	0.59789			6
2026.06.01	02:07:37.313		0.59790			4
2026.06.01	02:07:44.235	0.59788				2
2026.06.01	02:08:00.172	0.59788				2
2026.06.01	02:08:01.373	0.59789				2
2026.06.01	02:08:05.586	0.59787	0.59789			6
2026.06.01	02:08:05.884	0.59788	0.59790			6
2026.06.01	02:08:15.198	0.59789				2
2026.06.01	02:08:17.301	0.59788				2
2026.06.01	02:08:32.927		0.59789			4
2026.06.01	02:08:34.429		0.59790			4
2026.06.01	02:08:37.133		0.59789			4
2026.06.01	02:08:45.246		0.59790			4
2026.06.01	02:08:58.469	0.59789				2
2026.06.01	02:08:58.770	0.59792	0.59793			6
2026.06.01	02:09:00.270	0.59792				2
2026.06.01	02:09:02.974	0.59791				2
2026.06.01	02:09:13.808	0.59792				2
2026.06.01	02:09:15.313	0.59791				2
2026.06.01	02:09:15.613	0.59792				2
2026.06.01	02:09:17.718	0.59791				2
2026.06.01	02:09:18.628	0.59790	0.59792			6
2026.06.01	02:09:29.146	0.59791	0.59793			6
2026.06.01	02:09:30.348	0.59792				2
2026.06.01	02:09:31.248	0.59791	0.59792			6
2026.06.01	02:09:35.457		0.59793			4
2026.06.01	02:09:37.561	0.59790	0.59792			6
2026.06.01	02:09:47.488	0.59791	0.59793			6
2026.06.01	02:09:48.688	0.59786	0.59788			6
2026.06.01	02:09:48.989		0.59787			4
2026.06.01	02:09:49.289	0.59785				2
2026.06.01	02:09:49.890	0.59786				2
2026.06.01	02:09:50.191	0.59785	0.59788			6
2026.06.01	02:09:54.101		0.59789			4
2026.06.01	02:09:57.107		0.59788			4
2026.06.01	02:09:57.707		0.59789			4
2026.06.01	02:09:58.308	0.59786	0.59790			6
2026.06.01	02:10:00.113	0.59786				2
2026.06.01	02:10:02.523	0.59787				2
2026.06.01	02:10:06.129	0.59786				2
2026.06.01	02:10:22.702	0.59785	0.59789			6
2026.06.01	02:10:23.002	0.59786	0.59790			6
2026.06.01	02:10:26.306	0.59785	0.59789			6
2026.06.01	02:10:27.207	0.59783	0.59786			6
2026.06.01	02:10:28.711	0.59784	0.59787			6
2026.06.01	02:10:34.121	0.59783				2
2026.06.01	02:10:34.722	0.59784	0.59788			6
2026.06.01	02:10:36.226	0.59786	0.59790			6
2026.06.01	02:10:51.262	0.59787				2
2026.06.01	02:10:53.665	0.59786	0.59789			6
2026.06.01	02:10:53.965	0.59787	0.59790			6
2026.06.01	02:11:00.283	0.59787				2
2026.06.01	02:11:03.289	0.59788				2
2026.06.01	02:11:07.497	0.59787	0.59789			6
2026.06.01	02:11:11.406	0.59788	0.59790			6
2026.06.01	02:11:18.617	0.59787	0.59789			6
2026.06.01	02:11:19.222	0.59786	0.59787			6
2026.06.01	02:11:20.121		0.59788			4
2026.06.01	02:11:24.331	0.59785	0.59787			6
2026.06.01	02:11:26.131	0.59786				2
2026.06.01	02:11:27.632	0.59785	0.59786			6
2026.06.01	02:11:28.534		0.59787			4
2026.06.01	02:11:33.355	0.59786				2
2026.06.01	02:11:46.880	0.59785				2
2026.06.01	02:12:00.098	0.59785				2
2026.06.01	02:12:04.907		0.59786			4
2026.06.01	02:12:07.314	0.59784				2
2026.06.01	02:12:10.321	0.59785	0.59787			6
2026.06.01	02:12:19.338	0.59786	0.59788			6
2026.06.01	02:12:30.464	0.59787	0.59789			6
2026.06.01	02:12:37.976	0.59786	0.59788			6
2026.06.01	02:12:39.780	0.59788	0.59789			6
2026.06.01	02:12:55.117	0.59787				2
2026.06.01	02:13:00.230	0.59787				2
2026.06.01	02:13:04.133	0.59788				2
2026.06.01	02:13:12.545	0.59787				2
2026.06.01	02:13:14.951	0.59788				2
2026.06.01	02:13:27.875	0.59794	0.59796			6
2026.06.01	02:13:28.176	0.59793				2
2026.06.01	02:13:28.476	0.59792				2
2026.06.01	02:13:28.776		0.59795			4
2026.06.01	02:13:29.076		0.59796			4
2026.06.01	02:13:33.595	0.59793				2
2026.06.01	02:13:34.801	0.59795				2
2026.06.01	02:13:35.102		0.59799			4
2026.06.01	02:13:35.401	0.59796				2
2026.06.01	02:13:37.207	0.59795				2
2026.06.01	02:13:38.408	0.59794	0.59797			6
2026.06.01	02:13:44.417		0.59798			4
2026.06.01	02:13:50.433	0.59795				2
2026.06.01	02:14:00.064	0.59795				2
2026.06.01	02:14:02.166		0.59799			4
2026.06.01	02:14:02.466	0.59796	0.59800			6
2026.06.01	02:14:07.578	0.59795	0.59799			6
2026.06.01	02:14:15.091	0.59796	0.59800			6
2026.06.01	02:14:15.391	0.59797	0.59801			6
2026.06.01	02:14:15.692	0.59796	0.59800			6
2026.06.01	02:14:22.608		0.59799			4
2026.06.01	02:14:34.935	0.59795				2
2026.06.01	02:14:35.236	0.59796				2
2026.06.01	02:14:36.437	0.59795				2
2026.06.01	02:14:37.037	0.59796				2
2026.06.01	02:14:37.637	0.59795				2
2026.06.01	02:14:37.937	0.59796				2
2026.06.01	02:14:39.140		0.59798			4
2026.06.01	02:14:41.243	0.59797				2
2026.06.01	02:14:41.544		0.59799			4
2026.06.01	02:14:42.745		0.59800			4
2026.06.01	02:14:56.278		0.59799			4
2026.06.01	02:14:58.682	0.59798				2
2026.06.01	02:14:58.983	0.59799	0.59800			6
2026.06.01	02:14:59.283		0.59801			4
2026.06.01	02:15:00.183	0.59799	0.59802			6
2026.06.01	02:15:01.385		0.59801			4
2026.06.01	02:15:15.214	0.59798	0.59800			6
2026.06.01	02:15:15.516	0.59799	0.59801			6
2026.06.01	02:15:15.815	0.59798	0.59800			6
2026.06.01	02:15:22.133	0.59799				2
2026.06.01	02:15:27.239	0.59798				2
2026.06.01	02:15:29.041		0.59799			4
2026.06.01	02:15:29.342		0.59800			4
2026.06.01	02:15:30.543		0.59799			4
2026.06.01	02:15:50.982	0.59797				2
2026.06.01	02:16:00.295	0.59797				2
2026.06.01	02:16:01.796		0.59798			4
2026.06.01	02:16:02.398		0.59799			4
2026.06.01	02:16:21.340	0.59796	0.59797			6
2026.06.01	02:16:21.942		0.59798			4
2026.06.01	02:16:32.171		0.59797			4
2026.06.01	02:16:33.682	0.59795				2
2026.06.01	02:16:52.027	0.59796				2
2026.06.01	02:16:58.337	0.59795	0.59796			6
2026.06.01	02:16:58.639	0.59794				2
2026.06.01	02:16:58.940	0.59795	0.59797			6
2026.06.01	02:17:00.142	0.59795				2
2026.06.01	02:17:12.765	0.59794	0.59796			6
2026.06.01	02:17:22.383	0.59795	0.59797			6
2026.06.01	02:17:32.295		0.59796			4
2026.06.01	02:17:35.000		0.59797			4
2026.06.01	02:17:35.601		0.59796			4
2026.06.01	02:17:42.818	0.59794				2
2026.06.01	02:17:43.119		0.59795			4
2026.06.01	02:17:44.920	0.59793				2
2026.06.01	02:18:00.246	0.59793				2
2026.06.01	02:18:10.767	0.59792	0.59794			6
2026.06.01	02:18:19.493	0.59793				2
2026.06.01	02:18:38.129	0.59792				2
2026.06.01	02:18:38.732	0.59793				2
2026.06.01	02:18:47.142	0.59792				2
2026.06.01	02:19:00.066	0.59792				2
2026.06.01	02:19:10.883		0.59794			4
2026.06.01	02:19:23.506	0.59793	0.59795			6
2026.06.01	02:19:29.218		0.59794			4
2026.06.01	02:19:44.244	0.59792				2
2026.06.01	02:19:49.053	0.59791	0.59793			6
2026.06.01	02:19:50.857	0.59792	0.59794			6
2026.06.01	02:19:52.964	0.59791	0.59793			6
2026.06.01	02:19:53.866	0.59790	0.59792			6
2026.06.01	02:19:59.270	0.59788	0.59790			6
2026.06.01	02:19:59.570	0.59789	0.59791			6
2026.06.01	02:20:00.176	0.59789				2
2026.06.01	02:20:29.334	0.59790	0.59792			6
2026.06.01	02:20:30.237		0.59791			4
2026.06.01	02:20:35.947		0.59792			4
2026.06.01	02:20:50.678	0.59791	0.59793			6
2026.06.01	02:21:00.294	0.59791				2
2026.06.01	02:21:06.009	0.59792	0.59794			6
2026.06.01	02:21:17.436	0.59795	0.59797			6
2026.06.01	02:21:17.736	0.59794	0.59796			6
2026.06.01	02:21:18.337		0.59797			4
2026.06.01	02:21:20.443	0.59793	0.59796			6
2026.06.01	02:21:30.782	0.59794	0.59797			6
2026.06.01	02:21:31.082	0.59793	0.59796			6
2026.06.01	02:21:31.682	0.59794	0.59797			6
2026.06.01	02:21:34.688	0.59793	0.59796			6
2026.06.01	02:21:49.635	0.59790	0.59793			6
2026.06.01	02:21:49.935	0.59789	0.59792			6
2026.06.01	02:21:50.535	0.59790				2
2026.06.01	02:21:51.137		0.59793			4
2026.06.01	02:22:00.388	0.59790				2
2026.06.01	02:22:03.745		0.59794			4
2026.06.01	02:22:09.770		0.59793			4
2026.06.01	02:22:10.881	0.59789				2
2026.06.01	02:22:12.748		0.59792			4
2026.06.01	02:22:13.050		0.59793			4
2026.06.01	02:22:18.088		0.59792			4
2026.06.01	02:22:19.632		0.59793			4
2026.06.01	02:22:29.700		0.59792			4
2026.06.01	02:22:29.999		0.59793			4
2026.06.01	02:22:30.299		0.59792			4
2026.06.01	02:22:53.682	0.59790				2
2026.06.01	02:23:00.294	0.59790				2
2026.06.01	02:23:01.800	0.59792	0.59794			6
2026.06.01	02:23:03.300		0.59795			4
2026.06.01	02:23:04.201	0.59791	0.59794			6
2026.06.01	02:23:05.407	0.59792	0.59795			6
2026.06.01	02:23:08.721	0.59791	0.59794			6
2026.06.01	02:23:15.933	0.59792				2
2026.06.01	02:23:45.992	0.59793	0.59795			6
2026.06.01	02:23:48.099	0.59792	0.59794			6
2026.06.01	02:23:56.211	0.59791	0.59793			6
2026.06.01	02:23:59.516		0.59792			4
2026.06.01	02:23:59.816		0.59793			4
2026.06.01	02:24:00.116	0.59791				2
2026.06.01	02:24:02.224	0.59792	0.59794			6
2026.06.01	02:24:03.126		0.59795			4
2026.06.01	02:24:04.328		0.59794			4
2026.06.01	02:24:06.133	0.59791				2
2026.06.01	02:24:07.334	0.59792	0.59795			6
2026.06.01	02:24:19.763	0.59793	0.59796			6
2026.06.01	02:24:20.063	0.59794	0.59797			6
2026.06.01	02:24:21.264	0.59793	0.59796			6
2026.06.01	02:24:22.166	0.59792				2
2026.06.01	02:24:24.569	0.59793	0.59797			6
2026.06.01	02:24:40.213		0.59796			4
2026.06.01	02:24:59.164		0.59795			4
2026.06.01	02:24:59.464		0.59794			4
2026.06.01	02:25:00.065	0.59793				2
2026.06.01	02:25:03.066		0.59795			4
2026.06.01	02:25:05.925		0.59794			4
2026.06.01	02:25:06.227		0.59795			4
2026.06.01	02:25:14.223	0.59792				2
2026.06.01	02:25:15.429	0.59791	0.59794			6
2026.06.01	02:25:16.632	0.59792	0.59795			6
2026.06.01	02:25:29.855	0.59791	0.59794			6
2026.06.01	02:25:39.168	0.59792				2
2026.06.01	02:25:40.975	0.59791	0.59793			6
2026.06.01	02:25:41.576	0.59793	0.59795			6
2026.06.01	02:25:42.182	0.59792				2
2026.06.01	02:25:48.186	0.59793				2
2026.06.01	02:26:00.211	0.59793				2
2026.06.01	02:26:03.816	0.59797	0.59799			6
2026.06.01	02:26:04.115	0.59796	0.59800			6
2026.06.01	02:26:04.415		0.59798			4
2026.06.01	02:26:04.715		0.59799			4
2026.06.01	02:26:05.317	0.59794	0.59797			6
2026.06.01	02:26:05.919		0.59798			4
2026.06.01	02:26:07.425		0.59797			4
2026.06.01	02:26:07.724		0.59798			4
2026.06.01	02:26:40.088		0.59797			4
2026.06.01	02:26:41.291		0.59798			4
2026.06.01	02:26:47.243	0.59795				2
2026.06.01	02:27:00.166	0.59795				2
2026.06.01	02:27:09.183		0.59797			4
2026.06.01	02:27:27.821	0.59794	0.59796			6
2026.06.01	02:27:28.122	0.59795	0.59797			6
2026.06.01	02:27:30.229	0.59794	0.59796			6
2026.06.01	02:27:49.476	0.59793	0.59795			6
2026.06.01	02:27:50.377	0.59794	0.59796			6
2026.06.01	02:27:50.677	0.59793	0.59795			6
2026.06.01	02:27:50.977	0.59792	0.59794			6
2026.06.01	02:27:51.277		0.59795			4
2026.06.01	02:27:52.179		0.59794			4
2026.06.01	02:27:53.681	0.59793	0.59795			6
2026.06.01	02:27:54.282	0.59792				2
2026.06.01	02:27:54.883	0.59793	0.59796			6
2026.06.01	02:27:57.592	0.59796	0.59798			6
2026.06.01	02:27:57.889	0.59795				2
2026.06.01	02:27:59.392	0.59796	0.59799			6
2026.06.01	02:27:59.692		0.59800			4
2026.06.01	02:28:00.292	0.59796				2
2026.06.01	02:28:01.493	0.59795	0.59798			6
2026.06.01	02:28:02.394	0.59794				2
2026.06.01	02:28:03.296		0.59797			4
2026.06.01	02:28:03.898	0.59795	0.59799			6
2026.06.01	02:28:05.699	0.59794	0.59798			6
2026.06.01	02:28:06.001	0.59795	0.59799			6
2026.06.01	02:28:06.601	0.59794	0.59798			6
2026.06.01	02:28:11.412	0.59793	0.59797			6
2026.06.01	02:28:12.617	0.59794				2
2026.06.01	02:28:13.543		0.59798			4
2026.06.01	02:28:18.962		0.59797			4
2026.06.01	02:28:20.164	0.59795	0.59799			6
2026.06.01	02:28:20.463		0.59798			4
2026.06.01	02:28:20.764	0.59794				2
2026.06.01	02:28:22.510	0.59795				2
2026.06.01	02:28:26.852	0.59796	0.59800			6
2026.06.01	02:28:27.152	0.59795	0.59799			6
2026.06.01	02:28:29.256	0.59796				2
2026.06.01	02:28:29.557		0.59800			4
2026.06.01	02:28:29.857	0.59797	0.59801			6
2026.06.01	02:28:37.068	0.59795	0.59799			6
2026.06.01	02:28:37.670	0.59796	0.59800			6
2026.06.01	02:28:39.472	0.59801	0.59802			6
2026.06.01	02:28:39.772	0.59802	0.59805			6
2026.06.01	02:28:41.874	0.59801				2
2026.06.01	02:28:43.680		0.59804			4
2026.06.01	02:28:44.881		0.59805			4
2026.06.01	02:29:00.216	0.59801				2
2026.06.01	02:29:07.736		0.59804			4
2026.06.01	02:29:10.444	0.59803				2
2026.06.01	02:29:11.346	0.59802				2
2026.06.01	02:29:11.646	0.59803				2
2026.06.01	02:29:12.548	0.59802				2
2026.06.01	02:29:18.562	0.59801				2
2026.06.01	02:29:26.672	0.59802				2
2026.06.01	02:29:34.491	0.59801				2
2026.06.01	02:29:51.034	0.59800	0.59803			6
2026.06.01	02:29:53.138	0.59802				2
2026.06.01	02:30:00.049	0.59802				2
2026.06.01	02:30:01.851	0.59803	0.59804			6
2026.06.01	02:30:02.454	0.59802	0.59803			6
2026.06.01	02:30:03.055	0.59804	0.59806			6
2026.06.01	02:30:03.358		0.59807			4
2026.06.01	02:30:05.205	0.59805				2
2026.06.01	02:30:08.280		0.59808			4
2026.06.01	02:30:13.991	0.59804				2
2026.06.01	02:30:14.291		0.59807			4
2026.06.01	02:30:20.301		0.59806			4
2026.06.01	02:30:22.403		0.59807			4
2026.06.01	02:30:39.234		0.59806			4
2026.06.01	02:30:44.340	0.59805	0.59807			6
2026.06.01	02:30:55.456	0.59804	0.59806			6
2026.06.01	02:30:56.659	0.59805	0.59807			6
2026.06.01	02:31:00.263	0.59805				2
2026.06.01	02:31:02.364	0.59804	0.59806			6
2026.06.01	02:31:04.171	0.59806	0.59807			6
2026.06.01	02:31:04.467		0.59808			4
2026.06.01	02:31:11.984	0.59807				2
2026.06.01	02:31:12.284	0.59806				2
2026.06.01	02:31:18.298		0.59807			4
2026.06.01	02:31:28.219		0.59808			4
2026.06.01	02:31:35.134		0.59807			4
2026.06.01	02:31:36.935	0.59803	0.59805			6
2026.06.01	02:31:37.236	0.59802	0.59804			6
2026.06.01	02:31:37.536	0.59803				2
2026.06.01	02:31:38.139	0.59802	0.59805			6
2026.06.01	02:31:38.437	0.59803	0.59806			6
2026.06.01	02:31:39.338		0.59807			4
2026.06.01	02:31:46.128		0.59806			4
2026.06.01	02:31:48.232		0.59807			4
2026.06.01	02:31:48.586		0.59806			4
2026.06.01	02:31:48.888		0.59807			4
2026.06.01	02:31:51.093		0.59806			4
2026.06.01	02:32:00.108	0.59803				2
2026.06.01	02:32:08.525		0.59805			4
2026.06.01	02:32:08.825		0.59806			4
2026.06.01	02:32:25.351	0.59804				2
2026.06.01	02:32:27.752	0.59803	0.59805			6
2026.06.01	02:32:28.954	0.59805	0.59807			6
2026.06.01	02:32:29.255	0.59804	0.59806			6
2026.06.01	02:32:29.855		0.59805			4
2026.06.01	02:32:30.156	0.59805	0.59806			6
2026.06.01	02:32:31.660	0.59804				2
2026.06.01	02:32:42.870	0.59805				2
2026.06.01	02:32:43.170	0.59806	0.59808			6
2026.06.01	02:32:51.283	0.59804	0.59806			6
2026.06.01	02:32:51.884	0.59805	0.59807			6
2026.06.01	02:32:52.485	0.59806	0.59808			6
2026.06.01	02:32:53.685	0.59805				2
2026.06.01	02:32:55.248	0.59804	0.59806			6
2026.06.01	02:33:00.041	0.59804				2
2026.06.01	02:33:00.341	0.59803				2
2026.06.01	02:33:00.641	0.59804				2
2026.06.01	02:33:01.379	0.59803				2
2026.06.01	02:33:01.679		0.59805			4
2026.06.01	02:33:02.280	0.59804	0.59806			6
2026.06.01	02:33:03.204	0.59803				2
2026.06.01	02:33:03.506	0.59804	0.59805			6
2026.06.01	02:33:03.806	0.59803	0.59806			6
2026.06.01	02:33:07.110	0.59804				2
2026.06.01	02:33:12.219	0.59803				2
2026.06.01	02:33:12.521	0.59804				2
2026.06.01	02:33:13.121	0.59803				2
2026.06.01	02:33:15.225		0.59805			4
2026.06.01	02:33:26.336	0.59805	0.59807			6
2026.06.01	02:33:26.936	0.59804	0.59806			6
2026.06.01	02:33:28.137	0.59803				2
2026.06.01	02:33:39.265		0.59805			4
2026.06.01	02:33:49.191	0.59802	0.59804			6
2026.06.01	02:33:53.401	0.59803	0.59805			6
2026.06.01	02:33:54.301		0.59806			4
2026.06.01	02:33:55.201		0.59805			4
2026.06.01	02:33:58.511	0.59804	0.59806			6
2026.06.01	02:33:59.713	0.59803	0.59805			6
2026.06.01	02:34:00.013	0.59803				2
2026.06.01	02:34:03.021	0.59804	0.59806			6
2026.06.01	02:34:05.726	0.59803	0.59805			6
2026.06.01	02:34:09.038	0.59802	0.59804			6
2026.06.01	02:34:09.637	0.59799	0.59801			6
2026.06.01	02:34:10.238		0.59803			4
2026.06.01	02:34:10.538	0.59798	0.59802			6
2026.06.01	02:34:12.044	0.59800				2
2026.06.01	02:34:12.644	0.59798				2
2026.06.01	02:34:14.746	0.59801	0.59805			6
2026.06.01	02:34:15.047	0.59799	0.59803			6
2026.06.01	02:34:15.647	0.59800				2
2026.06.01	02:34:15.948	0.59799				2
2026.06.01	02:34:17.753	0.59800				2
2026.06.01	02:34:18.053	0.59802	0.59805			6
2026.06.01	02:34:19.255		0.59806			4
2026.06.01	02:34:40.417	0.59801	0.59805			6
2026.06.01	02:34:53.616	0.59802				2
2026.06.01	02:34:53.917	0.59801				2
2026.06.01	02:34:55.119		0.59804			4
2026.06.01	02:34:58.128	0.59802				2
2026.06.01	02:34:58.728	0.59801				2
2026.06.01	02:35:00.232	0.59801				2
2026.06.01	02:35:04.134	0.59802				2
2026.06.01	02:35:07.441	0.59801				2
2026.06.01	02:35:08.642	0.59802	0.59805			6
2026.06.01	02:35:09.242	0.59801	0.59804			6
2026.06.01	02:35:11.345	0.59802				2
2026.06.01	02:35:22.164	0.59803	0.59805			6
2026.06.01	02:35:33.290	0.59802	0.59804			6
2026.06.01	02:35:58.233	0.59803				2
2026.06.01	02:36:00.034	0.59803				2
2026.06.01	02:36:03.939	0.59802				2
2026.06.01	02:36:06.952	0.59803				2
2026.06.01	02:36:07.248	0.59802				2
2026.06.01	02:36:09.352	0.59804	0.59805			6
2026.06.01	02:36:10.555	0.59803				2
2026.06.01	02:36:12.058	0.59804				2
2026.06.01	02:36:13.260	0.59803	0.59804			6
2026.06.01	02:36:21.676	0.59802				2
2026.06.01	02:36:23.482	0.59803				2
2026.06.01	02:36:27.989	0.59802				2
2026.06.01	02:36:41.212	0.59803				2
2026.06.01	02:36:41.814	0.59802				2
2026.06.01	02:36:42.414	0.59803				2
2026.06.01	02:36:54.140	0.59802				2
2026.06.01	02:37:00.152	0.59802				2
2026.06.01	02:37:01.355	0.59804	0.59805			6
2026.06.01	02:37:01.656	0.59802	0.59804			6
2026.06.01	02:37:07.065	0.59803				2
2026.06.01	02:37:12.169	0.59802				2
2026.06.01	02:37:12.472	0.59803				2
2026.06.01	02:37:52.739		0.59805			4
2026.06.01	02:37:55.143	0.59804				2
2026.06.01	02:37:59.355		0.59806			4
2026.06.01	02:38:00.255	0.59804				2
2026.06.01	02:38:03.259		0.59805			4
2026.06.01	02:38:08.968	0.59802	0.59804			6
2026.06.01	02:38:10.473		0.59803			4
2026.06.01	02:38:22.789	0.59803	0.59804			6
2026.06.01	02:38:23.089		0.59805			4
2026.06.01	02:38:23.990	0.59804				2
2026.06.01	02:38:29.701	0.59803	0.59804			6
2026.06.01	02:38:31.202	0.59802				2
2026.06.01	02:38:34.208	0.59804	0.59806			6
2026.06.01	02:38:34.508	0.59807	0.59809			6
2026.06.01	02:38:35.109	0.59806	0.59810			6
2026.06.01	02:38:36.609	0.59810	0.59811			6
2026.06.01	02:38:36.909	0.59812	0.59816			6
2026.06.01	02:38:40.569	0.59811	0.59815			6
2026.06.01	02:38:40.870	0.59812	0.59816			6
2026.06.01	02:38:48.528	0.59811	0.59815			6
2026.06.01	02:38:49.431	0.59812				2
2026.06.01	02:38:52.734	0.59811				2
2026.06.01	02:38:53.034	0.59810	0.59814			6
2026.06.01	02:38:56.891		0.59813			4
2026.06.01	02:38:57.532		0.59814			4
2026.06.01	02:38:58.708		0.59813			4
2026.06.01	02:39:00.015	0.59810	0.59814			6
2026.06.01	02:39:00.313		0.59813			4
2026.06.01	02:39:03.400	0.59809				2
2026.06.01	02:39:09.594	0.59808	0.59812			6
2026.06.01	02:39:27.568	0.59807	0.59811			6
2026.06.01	02:39:27.869	0.59808				2
2026.06.01	02:39:28.168	0.59807				2
2026.06.01	02:39:30.872	0.59808				2
2026.06.01	02:39:32.674	0.59807				2
2026.06.01	02:39:48.936	0.59808				2
2026.06.01	02:39:49.236		0.59812			4
2026.06.01	02:39:49.535	0.59807	0.59811			6
2026.06.01	02:39:55.763	0.59808	0.59812			6
2026.06.01	02:39:56.100		0.59811			4
