<DATE>	<TIME>	<BID>	<ASK>	<LAST>	<VOLUME>	<FLAGS>
2026.03.06	00:03:30.474	0.58945	0.59021			6
2026.03.06	00:04:00.264	0.58945				2
2026.03.06	00:04:30.653		0.59021			4
2026.03.06	00:04:45.438		0.59024			4
2026.03.06	00:05:00.200	0.58945				2
2026.03.06	00:05:00.498	0.58942	0.59021			6
2026.03.06	00:05:31.492	0.58943	0.59022			6
2026.03.06	00:06:00.099	0.58943				2
2026.03.06	00:06:00.697	0.58944	0.59023			6
2026.03.06	00:07:00.273	0.58944				2
2026.03.06	00:07:00.573	0.58945	0.59024			6
2026.03.06	00:07:00.875	0.59016	0.59046			6
2026.03.06	00:07:01.479	0.59009				2
2026.03.06	00:07:01.779	0.59000				2
2026.03.06	00:07:04.189	0.59016				2
2026.03.06	00:07:10.207	0.59012				2
2026.03.06	00:07:10.812	0.59016				2
2026.03.06	00:07:16.222	0.59002				2
2026.03.06	00:07:17.432	0.59016				2
2026.03.06	00:07:22.249	0.59002				2
2026.03.06	00:07:23.784	0.59016				2
2026.03.06	00:07:46.063	0.58976				2
2026.03.06	00:08:00.213	0.58976				2
2026.03.06	00:08:01.113		0.59046			4
2026.03.06	00:08:01.413		0.59043			4
2026.03.06	00:08:58.937	0.58979				2
2026.03.06	00:09:00.137	0.58979				2
2026.03.06	00:09:00.741	0.58976				2
2026.03.06	00:09:01.640		0.59043			4
2026.03.06	00:09:02.559	0.58975				2
2026.03.06	00:09:02.861	0.58976				2
2026.03.06	00:09:13.699	0.58972				2
2026.03.06	00:09:13.999	0.58975				2
2026.03.06	00:09:17.312	0.58976				2
2026.03.06	00:09:32.667	0.58977				2
2026.03.06	00:09:32.969	0.58976				2
2026.03.06	00:09:35.682	0.58978				2
2026.03.06	00:09:35.977	0.58979				2
2026.03.06	00:09:38.692	0.58978				2
2026.03.06	00:09:38.990	0.58980				2
2026.03.06	00:09:41.698	0.58979				2
2026.03.06	00:09:42.599	0.58978				2
2026.03.06	00:09:42.897	0.58979				2
2026.03.06	00:09:44.106	0.58913	0.58914			6
2026.03.06	00:09:44.403	0.58910	0.58911			6
2026.03.06	00:09:44.706	0.58908	0.58909			6
2026.03.06	00:09:58.834	0.58910	0.58925			6
2026.03.06	00:09:59.437	0.58908	0.58909			6
2026.03.06	00:10:00.039	0.58908				2
2026.03.06	00:10:02.143	0.58910	0.58925			6
2026.03.06	00:10:02.440	0.58908	0.58909			6
2026.03.06	00:10:06.653	0.58910	0.58911			6
2026.03.06	00:10:09.064	0.58908	0.58909			6
2026.03.06	00:10:10.268	0.58910	0.58924			6
2026.03.06	00:10:11.471	0.58904				2
2026.03.06	00:10:12.072		0.58907			4
2026.03.06	00:10:14.185	0.58928	0.58964			6
2026.03.06	00:10:15.385	0.58933	0.58960			6
2026.03.06	00:10:17.189	0.58902	0.58917			6
2026.03.06	00:10:26.516	0.58966	0.58993			6
2026.03.06	00:10:44.278	0.58896	0.58914			6
2026.03.06	00:10:53.905		0.58926			4
2026.03.06	00:10:56.011		0.58914			4
2026.03.06	00:11:00.220	0.58896				2
2026.03.06	00:11:05.322	0.58906				2
2026.03.06	00:11:06.526	0.58909				2
2026.03.06	00:11:09.535		0.58935			4
2026.03.06	00:11:10.439		0.58914			4
2026.03.06	00:11:12.239		0.58935			4
2026.03.06	00:11:13.442		0.58914			4
2026.03.06	00:11:26.092		0.58924			4
2026.03.06	00:11:27.898		0.58914			4
2026.03.06	00:11:39.019		0.58916			4
2026.03.06	00:11:40.521		0.58914			4
2026.03.06	00:11:44.130	0.58921	0.58948			6
2026.03.06	00:11:50.440	0.58920	0.58947			6
2026.03.06	00:11:52.258	0.58921	0.58948			6
2026.03.06	00:11:52.854	0.58915	0.58928			6
2026.03.06	00:11:57.674		0.58927			4
2026.03.06	00:11:58.581		0.58928			4
2026.03.06	00:12:00.083	0.58915				2
2026.03.06	00:12:05.807		0.58927			4
2026.03.06	00:12:06.406		0.58928			4
2026.03.06	00:12:07.312		0.58927			4
2026.03.06	00:12:08.812		0.58928			4
2026.03.06	00:12:11.216		0.58927			4
2026.03.06	00:12:16.324		0.58928			4
2026.03.06	00:12:19.629		0.58927			4
2026.03.06	00:12:23.539		0.58928			4
2026.03.06	00:12:28.965		0.58927			4
2026.03.06	00:12:33.793		0.58928			4
2026.03.06	00:12:38.901		0.58927			4
2026.03.06	00:12:44.914		0.58928			4
2026.03.06	00:12:46.415	0.58904	0.58905			6
2026.03.06	00:12:48.820	0.58915	0.58926			6
2026.03.06	00:13:00.243	0.58915				2
2026.03.06	00:13:19.815		0.58933			4
2026.03.06	00:13:20.115		0.58938			4
2026.03.06	00:13:21.915		0.58926			4
2026.03.06	00:13:33.036		0.58939			4
2026.03.06	00:13:36.041		0.58926			4
2026.03.06	00:13:39.649		0.58939			4
2026.03.06	00:13:40.251		0.58953			4
2026.03.06	00:13:42.363		0.58954			4
2026.03.06	00:13:45.678		0.58939			4
2026.03.06	00:13:48.691	0.58904	0.58905			6
2026.03.06	00:13:48.990	0.58910	0.58911			6
2026.03.06	00:13:51.697	0.58904	0.58905			6
2026.03.06	00:14:00.114	0.58904				2
2026.03.06	00:14:32.298	0.58910	0.58911			6
2026.03.06	00:14:34.407	0.58904	0.58905			6
2026.03.06	00:14:52.736	0.58924	0.58929			6
2026.03.06	00:15:00.254	0.58924				2
2026.03.06	00:15:52.615	0.58937	0.58964			6
2026.03.06	00:16:00.135	0.58937				2
2026.03.06	00:16:06.161	0.58938	0.58965			6
2026.03.06	00:16:08.263	0.58937	0.58964			6
2026.03.06	00:17:00.023	0.58937				2
2026.03.06	00:17:08.441		0.58964			4
2026.03.06	00:18:00.192	0.58937				2
2026.03.06	00:18:08.614		0.58964			4
2026.03.06	00:18:10.415		0.58957			4
2026.03.06	00:18:10.714		0.58964			4
2026.03.06	00:18:11.015		0.58957			4
2026.03.06	00:18:11.315		0.58964			4
2026.03.06	00:18:11.619		0.58957			4
2026.03.06	00:18:11.919		0.58964			4
2026.03.06	00:18:12.219		0.58957			4
2026.03.06	00:18:12.517		0.58964			4
2026.03.06	00:18:12.817		0.58957			4
2026.03.06	00:18:13.116		0.58964			4
2026.03.06	00:18:13.418		0.58957			4
2026.03.06	00:18:13.719		0.58964			4
2026.03.06	00:19:00.091	0.58937				2
2026.03.06	00:19:13.932		0.58964			4
2026.03.06	00:19:52.733	0.58924	0.58930			6
2026.03.06	00:19:53.035	0.58922				2
2026.03.06	00:20:00.261	0.58922	0.58958			6
2026.03.06	00:20:04.467		0.58965			4
2026.03.06	00:20:05.068		0.58966			4
2026.03.06	00:20:10.492		0.58961			4
2026.03.06	00:20:10.790		0.58958			4
2026.03.06	00:20:13.800		0.58957			4
2026.03.06	00:20:22.514		0.58958			4
2026.03.06	00:20:24.617		0.58957			4
2026.03.06	00:20:52.611	0.58927	0.58967			6
2026.03.06	00:21:00.126	0.58927				2
2026.03.06	00:21:25.715	0.58928				2
2026.03.06	00:21:26.915	0.58927				2
2026.03.06	00:21:28.118	0.58928				2
2026.03.06	00:21:52.804		0.58967			4
2026.03.06	00:22:00.021	0.58928				2
2026.03.06	00:22:03.628	0.58927				2
2026.03.06	00:22:09.061	0.58928				2
2026.03.06	00:22:15.688	0.58930	0.58966			6
2026.03.06	00:22:15.986	0.58928				2
2026.03.06	00:22:18.698	0.58929				2
2026.03.06	00:22:30.422	0.58930				2
2026.03.06	00:22:31.021	0.58929				2
2026.03.06	00:22:37.934	0.58930				2
2026.03.06	00:22:39.738	0.58929				2
2026.03.06	00:22:43.943	0.58930				2
2026.03.06	00:22:44.240	0.58928				2
2026.03.06	00:22:45.747		0.58967			4
2026.03.06	00:22:47.252		0.58966			4
2026.03.06	00:22:53.881		0.58967			4
2026.03.06	00:23:00.199	0.58928				2
2026.03.06	00:23:19.438	0.58929				2
2026.03.06	00:23:19.736		0.58966			4
2026.03.06	00:23:24.845	0.58930				2
2026.03.06	00:23:25.445	0.58928				2
2026.03.06	00:23:49.819		0.58967			4
2026.03.06	00:23:55.838	0.58927				2
2026.03.06	00:23:56.439	0.58928				2
2026.03.06	00:23:58.543		0.58966			4
2026.03.06	00:24:00.045	0.58928				2
2026.03.06	00:24:15.707	0.58929				2
2026.03.06	00:24:21.719	0.58930				2
2026.03.06	00:24:27.131	0.58929	0.58967			6
2026.03.06	00:24:29.841		0.58966			4
2026.03.06	00:24:36.169	0.58930				2
2026.03.06	00:24:40.386	0.58929				2
2026.03.06	00:24:52.723	0.58930				2
2026.03.06	00:25:00.240	0.58930				2
2026.03.06	00:25:01.741	0.58929				2
2026.03.06	00:25:15.313	0.58930				2
2026.03.06	00:25:16.516	0.58929				2
2026.03.06	00:25:17.414	0.58927	0.58967			6
2026.03.06	00:25:19.212	0.58928				2
2026.03.06	00:25:31.254	0.58929	0.58966			6
2026.03.06	00:25:45.704		0.58967			4
2026.03.06	00:26:00.142	0.58929				2
2026.03.06	00:26:05.559		0.58966			4
2026.03.06	00:26:52.496	0.58933	0.58972			6
2026.03.06	00:26:52.795	0.58934	0.58991			6
2026.03.06	00:26:57.010	0.58935				2
2026.03.06	00:27:00.024	0.58935				2
2026.03.06	00:27:05.433		0.58990			4
2026.03.06	00:27:13.559	0.58942				2
2026.03.06	00:27:16.868	0.58944				2
2026.03.06	00:27:17.171	0.58942	0.58989			6
2026.03.06	00:27:32.210		0.58990			4
2026.03.06	00:27:35.810	0.58946	0.58989			6
2026.03.06	00:27:36.412	0.58947				2
2026.03.06	00:27:44.221	0.58946				2
2026.03.06	00:27:45.423	0.58947				2
2026.03.06	00:27:52.643		0.58986			4
2026.03.06	00:28:00.165	0.58947				2
2026.03.06	00:28:07.073	0.58946				2
2026.03.06	00:28:08.883	0.58947				2
2026.03.06	00:28:23.007	0.58946				2
2026.03.06	00:28:40.144	0.58944				2
2026.03.06	00:28:40.442	0.58943				2
2026.03.06	00:28:41.659	0.58944				2
2026.03.06	00:28:48.888	0.58943				2
2026.03.06	00:28:50.698	0.58942	0.58987			6
2026.03.06	00:28:52.802	0.58945	0.58986			6
2026.03.06	00:29:00.021	0.58945				2
2026.03.06	00:29:00.326	0.58948				2
2026.03.06	00:29:00.925	0.58947				2
2026.03.06	00:29:04.836	0.58951	0.58985			6
2026.03.06	00:29:10.572	0.58952				2
2026.03.06	00:29:49.119	0.58947	0.59000			6
2026.03.06	00:29:58.741	0.58948				2
2026.03.06	00:30:00.251	0.58948				2
2026.03.06	00:30:04.458	0.58946	0.59001			6
2026.03.06	00:30:04.760	0.58948				2
2026.03.06	00:30:05.059		0.58999			4
2026.03.06	00:30:11.992	0.58949				2
2026.03.06	00:30:15.004	0.58948				2
2026.03.06	00:30:23.415	0.58949				2
2026.03.06	00:30:27.021	0.58948				2
2026.03.06	00:30:31.227	0.58949				2
2026.03.06	00:30:39.639	0.58948				2
2026.03.06	00:30:46.561	0.58949				2
2026.03.06	00:30:48.964	0.58951	0.58998			6
2026.03.06	00:31:00.101	0.58951				2
2026.03.06	00:31:00.700	0.58949	0.59000			6
2026.03.06	00:31:29.876	0.58950	0.58999			6
2026.03.06	00:31:49.119	0.58961	0.59005			6
2026.03.06	00:31:52.720	0.58960				2
2026.03.06	00:31:55.726	0.58959	0.59006			6
2026.03.06	00:31:56.028	0.58952	0.58997			6
2026.03.06	00:31:57.530	0.58950	0.58999			6
2026.03.06	00:31:59.935	0.58951	0.58998			6
2026.03.06	00:32:00.240	0.58951				2
2026.03.06	00:32:12.874	0.58946	0.59001			6
2026.03.06	00:32:13.175	0.58955	0.59002			6
2026.03.06	00:32:14.680		0.59003			4
2026.03.06	00:32:15.581	0.58958	0.58999			6
2026.03.06	00:32:17.991	0.58956	0.59001			6
2026.03.06	00:32:19.798	0.58954	0.59004			6
2026.03.06	00:32:21.298	0.58957	0.59000			6
2026.03.06	00:32:24.606	0.58956	0.59001			6
2026.03.06	00:32:27.317	0.58957				2
2026.03.06	00:32:29.421	0.58956				2
2026.03.06	00:32:33.025	0.58957	0.59000			6
2026.03.06	00:32:36.335	0.58956	0.59001			6
2026.03.06	00:33:00.122	0.58956				2
2026.03.06	00:33:29.022		0.59002			4
2026.03.06	00:33:57.622		0.59001			4
2026.03.06	00:34:00.029	0.58956				2
2026.03.06	00:34:07.846		0.59002			4
2026.03.06	00:34:27.711	0.58951	0.58996			6
2026.03.06	00:34:28.011		0.58997			4
2026.03.06	00:34:34.025		0.58994			4
2026.03.06	00:34:34.323		0.58996			4
2026.03.06	00:34:34.621		0.58994			4
2026.03.06	00:34:35.224		0.58996			4
2026.03.06	00:34:35.523		0.58994			4
2026.03.06	00:34:35.826		0.58996			4
2026.03.06	00:34:36.128		0.58994			4
2026.03.06	00:34:36.431		0.58996			4
2026.03.06	00:34:36.729		0.58994			4
2026.03.06	00:34:37.032	0.58950				2
2026.03.06	00:34:37.627		0.58996			4
2026.03.06	00:34:37.932		0.58995			4
2026.03.06	00:34:41.541		0.58996			4
2026.03.06	00:34:43.059	0.58961	0.59004			6
2026.03.06	00:34:43.357		0.59005			4
2026.03.06	00:34:43.661	0.58962	0.59004			6
2026.03.06	00:34:44.873	0.58959	0.58999			6
2026.03.06	00:34:45.173		0.58998			4
2026.03.06	00:34:49.089	0.58957	0.59000			6
2026.03.06	00:34:52.097	0.58958				2
2026.03.06	00:35:00.220	0.58958				2
2026.03.06	00:35:09.836	0.58957				2
2026.03.06	00:35:29.713	0.58955	0.58999			6
2026.03.06	00:35:30.915	0.58950	0.58996			6
2026.03.06	00:35:35.125		0.58995			4
2026.03.06	00:35:35.726	0.58949	0.58996			6
2026.03.06	00:35:36.028	0.58950				2
2026.03.06	00:35:45.950	0.58958	0.59000			6
2026.03.06	00:35:46.257	0.58955	0.58999			6
2026.03.06	00:35:46.556	0.58956	0.58998			6
2026.03.06	00:35:47.764		0.58999			4
2026.03.06	00:36:00.107	0.58956				2
2026.03.06	00:36:01.310		0.58998			4
2026.03.06	00:36:06.718		0.58999			4
2026.03.06	00:36:25.061		0.58998			4
2026.03.06	00:36:25.366		0.58999			4
2026.03.06	00:36:28.372		0.58998			4
2026.03.06	00:36:28.668		0.58999			4
2026.03.06	00:36:28.974		0.59000			4
2026.03.06	00:36:29.571		0.58998			4
2026.03.06	00:36:30.475		0.59000			4
2026.03.06	00:36:31.378		0.58998			4
2026.03.06	00:36:31.679	0.58957	0.58997			6
2026.03.06	00:36:31.983	0.58956	0.58999			6
2026.03.06	00:36:33.186	0.58958	0.58996			6
2026.03.06	00:36:33.486	0.58957	0.58997			6
2026.03.06	00:36:35.598	0.58956	0.58998			6
2026.03.06	00:36:37.700	0.58958	0.58996			6
2026.03.06	00:36:38.000	0.58956	0.58999			6
2026.03.06	00:36:38.300		0.58998			4
2026.03.06	00:36:39.503		0.58999			4
2026.03.06	00:36:40.403		0.58998			4
2026.03.06	00:37:00.267	0.58956				2
2026.03.06	00:37:04.780	0.58965	0.59003			6
2026.03.06	00:37:05.081		0.59004			4
2026.03.06	00:37:21.924	0.58966	0.59005			6
2026.03.06	00:37:22.228	0.58967				2
2026.03.06	00:37:22.829	0.58971				2
2026.03.06	00:37:23.729	0.58967				2
2026.03.06	00:37:24.332	0.58974				2
2026.03.06	00:37:24.936	0.58973				2
2026.03.06	00:37:25.535		0.59006			4
2026.03.06	00:37:27.638	0.58972				2
2026.03.06	00:37:28.842	0.58967	0.59005			6
2026.03.06	00:37:29.138	0.58968				2
2026.03.06	00:37:29.442	0.58976				2
2026.03.06	00:37:29.741	0.58977	0.59004			6
2026.03.06	00:37:45.699	0.58974				2
2026.03.06	00:37:46.002	0.58979	0.59010			6
2026.03.06	00:37:46.602	0.58977				2
2026.03.06	00:37:47.204	0.58974	0.59009			6
2026.03.06	00:37:49.307	0.58973				2
2026.03.06	00:37:58.621	0.58974				2
2026.03.06	00:38:00.126	0.58974				2
2026.03.06	00:38:00.723	0.58973				2
2026.03.06	00:38:02.529	0.58974				2
2026.03.06	00:38:07.041		0.59008			4
2026.03.06	00:38:07.342	0.58975	0.59007			6
2026.03.06	00:38:08.541	0.58967	0.59006			6
2026.03.06	00:38:08.842	0.58981	0.59012			6
2026.03.06	00:38:09.141		0.59013			4
2026.03.06	00:38:12.770	0.58961	0.59004			6
2026.03.06	00:38:13.070	0.58962	0.59003			6
2026.03.06	00:38:13.385		0.59002			4
2026.03.06	00:38:13.989	0.58963				2
2026.03.06	00:38:15.190		0.59001			4
2026.03.06	00:38:15.490	0.58973	0.59003			6
2026.03.06	00:38:16.395	0.58972				2
2026.03.06	00:38:16.696		0.59004			4
2026.03.06	00:38:24.814	0.58976	0.59003			6
2026.03.06	00:38:45.275		0.59004			4
2026.03.06	00:38:47.383		0.59003			4
2026.03.06	00:38:49.491		0.59004			4
2026.03.06	00:38:50.997		0.59003			4
2026.03.06	00:39:00.020	0.58976				2
2026.03.06	00:39:06.035	0.58977				2
2026.03.06	00:39:15.386	0.58967	0.59000			6
2026.03.06	00:39:15.989	0.58977	0.59003			6
2026.03.06	00:39:16.291	0.58970	0.58999			6
2026.03.06	00:39:16.892		0.58998			4
2026.03.06	00:39:17.492	0.58971	0.59004			6
2026.03.06	00:39:17.793	0.58968	0.58999			6
2026.03.06	00:39:18.399	0.58969	0.58998			6
2026.03.06	00:39:18.997	0.58970	0.58997			6
2026.03.06	00:39:22.309		0.58998			4
2026.03.06	00:39:28.020	0.58969				2
2026.03.06	00:39:30.121	0.58970				2
2026.03.06	00:39:32.825		0.58997			4
2026.03.06	00:39:39.439		0.58998			4
2026.03.06	00:39:40.641	0.58971	0.59003			6
2026.03.06	00:39:40.938	0.58974	0.59004			6
2026.03.06	00:39:42.450	0.58971				2
2026.03.06	00:39:42.752	0.58970				2
2026.03.06	00:39:44.256	0.58971				2
2026.03.06	00:39:48.773	0.58972				2
2026.03.06	00:39:51.487	0.58971				2
2026.03.06	00:39:57.502		0.59005			4
2026.03.06	00:40:00.216	0.58971				2
2026.03.06	00:40:08.027	0.58972	0.59004			6
2026.03.06	00:40:08.929	0.58971				2
2026.03.06	00:40:11.035		0.59005			4
2026.03.06	00:40:11.336	0.58968	0.59004			6
2026.03.06	00:40:11.634	0.58971	0.59005			6
2026.03.06	00:40:11.934	0.58961				2
2026.03.06	00:40:12.237	0.58966				2
2026.03.06	00:40:12.535	0.58967				2
2026.03.06	00:40:16.441	0.58969				2
2026.03.06	00:40:23.077	0.58968				2
2026.03.06	00:40:40.523	0.58970				2
2026.03.06	00:40:40.821	0.58969				2
2026.03.06	00:40:42.323	0.58968				2
2026.03.06	00:40:44.424	0.58969				2
2026.03.06	00:40:50.137	0.58968				2
2026.03.06	00:40:54.646	0.58969				2
2026.03.06	00:40:55.852	0.58970				2
2026.03.06	00:40:59.769	0.58966	0.58994			6
2026.03.06	00:41:00.069	0.58966				2
2026.03.06	00:41:02.178	0.58967				2
2026.03.06	00:41:03.987	0.58966				2
2026.03.06	00:41:05.190	0.58952	0.58992			6
2026.03.06	00:41:06.391		0.58991			4
2026.03.06	00:41:20.222	0.58951				2
2026.03.06	00:41:28.327	0.58952				2
2026.03.06	00:41:30.740	0.58961	0.58990			6
2026.03.06	00:41:31.041	0.58960				2
2026.03.06	00:41:31.341	0.58950	0.58991			6
2026.03.06	00:41:40.078	0.58951				2
2026.03.06	00:41:49.702	0.58960	0.58990			6
2026.03.06	00:41:50.303	0.58951	0.58991			6
2026.03.06	00:41:50.608	0.58960	0.58990			6
2026.03.06	00:41:51.206	0.58951	0.58991			6
2026.03.06	00:41:51.508	0.58960				2
2026.03.06	00:41:51.807		0.58990			4
2026.03.06	00:41:53.013	0.58951	0.58991			6
2026.03.06	00:41:53.612	0.58957	0.58990			6
2026.03.06	00:41:54.211	0.58951	0.58991			6
2026.03.06	00:42:00.226	0.58951				2
2026.03.06	00:42:02.931		0.58990			4
2026.03.06	00:42:14.982		0.58991			4
2026.03.06	00:42:24.005		0.58989			4
2026.03.06	00:42:29.715		0.58991			4
2026.03.06	00:42:43.852	0.58954				2
2026.03.06	00:42:47.183	0.58952	0.58988			6
2026.03.06	00:42:47.789	0.58961	0.58989			6
2026.03.06	00:42:59.216		0.58990			4
2026.03.06	00:43:00.123	0.58961				2
2026.03.06	00:43:05.229		0.58989			4
2026.03.06	00:43:05.831	0.58954	0.58990			6
2026.03.06	00:43:06.129	0.58956	0.58988			6
2026.03.06	00:43:07.335		0.58989			4
2026.03.06	00:43:08.539		0.58988			4
2026.03.06	00:43:18.477		0.58987			4
2026.03.06	00:43:31.413		0.58988			4
2026.03.06	00:43:32.613		0.58987			4
2026.03.06	00:43:37.420	0.58959	0.58988			6
2026.03.06	00:43:37.720	0.58957				2
2026.03.06	00:43:45.531		0.58987			4
2026.03.06	00:43:51.242	0.58956				2
2026.03.06	00:43:51.540	0.58957				2
2026.03.06	00:44:00.273	0.58957				2
2026.03.06	00:44:05.991	0.58965				2
2026.03.06	00:44:06.293	0.58964	0.58988			6
2026.03.06	00:44:12.607		0.58989			4
2026.03.06	00:44:24.630	0.58963				2
2026.03.06	00:44:51.414	0.58965	0.58988			6
2026.03.06	00:44:57.124		0.58987			4
2026.03.06	00:45:00.138	0.58965				2
2026.03.06	00:45:00.738		0.58988			4
2026.03.06	00:45:03.149	0.58958	0.58989			6
2026.03.06	00:45:06.773	0.58965	0.58988			6
2026.03.06	00:45:16.435	0.58964				2
2026.03.06	00:45:18.425	0.58965				2
2026.03.06	00:45:18.725		0.58987			4
2026.03.06	00:45:44.977	0.58956	0.58980			6
2026.03.06	00:45:45.879	0.58946	0.58975			6
2026.03.06	00:45:46.182	0.58945	0.58976			6
2026.03.06	00:45:47.801	0.58954				2
2026.03.06	00:45:48.100	0.58957	0.58977			6
2026.03.06	00:45:48.701	0.58933	0.58973			6
2026.03.06	00:45:49.001	0.58954				2
2026.03.06	00:45:49.302	0.58955				2
2026.03.06	00:45:49.904		0.58970			4
2026.03.06	00:45:50.205		0.58969			4
2026.03.06	00:45:50.505		0.58970			4
2026.03.06	00:45:50.806	0.58943				2
2026.03.06	00:45:51.106	0.58941	0.58973			6
2026.03.06	00:45:51.409	0.58942	0.58972			6
2026.03.06	00:45:51.786	0.58951				2
2026.03.06	00:45:52.087	0.58953	0.58969			6
2026.03.06	00:45:56.004	0.58937	0.58962			6
2026.03.06	00:45:56.305	0.58929				2
2026.03.06	00:45:56.606	0.58923				2
2026.03.06	00:45:56.907		0.58960			4
2026.03.06	00:45:58.709		0.58958			4
2026.03.06	00:45:59.009		0.58957			4
2026.03.06	00:46:00.212	0.58923				2
2026.03.06	00:46:00.512		0.58956			4
2026.03.06	00:46:22.493		0.58957			4
2026.03.06	00:46:33.014		0.58958			4
2026.03.06	00:46:35.717		0.58959			4
2026.03.06	00:46:36.017	0.58938	0.58961			6
2026.03.06	00:46:56.006	0.58934	0.58963			6
2026.03.06	00:47:00.210	0.58934				2
2026.03.06	00:47:03.213	0.58929				2
2026.03.06	00:47:06.819	0.58934				2
2026.03.06	00:47:08.922	0.58933				2
2026.03.06	00:47:09.223	0.58934				2
2026.03.06	00:47:14.335	0.58935				2
2026.03.06	00:47:19.461	0.58937	0.58962			6
2026.03.06	00:47:22.247	0.58936	0.58963			6
2026.03.06	00:47:30.612	0.58935				2
2026.03.06	00:47:30.912	0.58934				2
2026.03.06	00:47:50.755	0.58933				2
2026.03.06	00:47:56.166	0.58932				2
2026.03.06	00:47:57.667	0.58931				2
2026.03.06	00:48:00.077	0.58931				2
2026.03.06	00:48:00.985	0.58930				2
2026.03.06	00:48:14.512	0.58926	0.58966			6
2026.03.06	00:48:33.481	0.58925				2
2026.03.06	00:48:50.622	0.58924	0.58965			6
2026.03.06	00:48:58.144	0.58929	0.58966			6
2026.03.06	00:48:58.445	0.58930				2
2026.03.06	00:49:00.250	0.58930				2
2026.03.06	00:49:14.994	0.58928				2
2026.03.06	00:49:15.895	0.58925				2
2026.03.06	00:49:18.901	0.58926				2
2026.03.06	00:49:50.512	0.58927				2
2026.03.06	00:49:58.333		0.58966			4
2026.03.06	00:50:00.136	0.58927				2
2026.03.06	00:50:01.039	0.58926				2
2026.03.06	00:50:02.843	0.58925				2
2026.03.06	00:50:07.973		0.58954			4
2026.03.06	00:50:08.277	0.58935	0.58966			6
2026.03.06	00:50:08.577	0.58925	0.58954			6
2026.03.06	00:50:08.879	0.58935	0.58966			6
2026.03.06	00:50:09.487	0.58925	0.58954			6
2026.03.06	00:50:09.787	0.58935	0.58966			6
2026.03.06	00:50:10.088	0.58925	0.58954			6
2026.03.06	00:50:10.388	0.58935	0.58966			6
2026.03.06	00:50:10.688	0.58925	0.58954			6
2026.03.06	00:50:10.989	0.58935	0.58966			6
2026.03.06	00:50:11.292	0.58925	0.58954			6
2026.03.06	00:50:11.593	0.58935	0.58966			6
2026.03.06	00:50:11.893	0.58925				2
2026.03.06	00:50:32.961	0.58928				2
2026.03.06	00:50:49.213	0.58924	0.58965			6
2026.03.06	00:51:00.056	0.58924				2
2026.03.06	00:51:17.814	0.58919	0.58976			6
2026.03.06	00:51:18.118		0.58971			4
2026.03.06	00:51:25.186	0.58920				2
2026.03.06	00:51:25.787	0.58922				2
2026.03.06	00:51:29.570	0.58919				2
2026.03.06	00:51:42.499	0.58920				2
2026.03.06	00:51:42.801	0.58921				2
2026.03.06	00:51:43.101	0.58919				2
2026.03.06	00:51:46.995	0.58920				2
2026.03.06	00:51:47.600	0.58919				2
2026.03.06	00:51:48.396	0.58920				2
2026.03.06	00:51:48.696	0.58919				2
2026.03.06	00:51:51.648		0.58972			4
2026.03.06	00:51:55.851		0.58973			4
2026.03.06	00:51:57.256	0.58920				2
2026.03.06	00:51:57.562	0.58927				2
2026.03.06	00:51:58.959	0.58930	0.58980			6
2026.03.06	00:52:02.685	0.58930				2
2026.03.06	00:52:05.606	0.58934				2
2026.03.06	00:52:54.741		0.58979			4
2026.03.06	00:52:59.078	0.58938				2
2026.03.06	00:53:00.134	0.58938				2
2026.03.06	00:53:04.261	0.58930				2
2026.03.06	00:53:04.561		0.58980			4
2026.03.06	00:53:07.016		0.58979			4
2026.03.06	00:53:31.536		0.58980			4
2026.03.06	00:53:34.299		0.58981			4
2026.03.06	00:54:02.446	0.58930				2
2026.03.06	00:54:03.051	0.58916	0.58980			6
2026.03.06	00:54:05.768	0.58915				2
2026.03.06	00:54:06.069		0.58981			4
2026.03.06	00:54:07.879	0.58916				2
2026.03.06	00:54:08.783	0.58915				2
2026.03.06	00:54:09.987	0.58916				2
2026.03.06	00:54:15.102		0.58979			4
2026.03.06	00:54:15.402		0.58978			4
2026.03.06	00:54:54.813		0.58979			4
2026.03.06	00:55:00.223	0.58917				2
2026.03.06	00:55:00.527	0.58916				2
2026.03.06	00:55:03.805	0.58917				2
2026.03.06	00:55:18.671		0.58977			4
2026.03.06	00:55:18.972		0.58978			4
2026.03.06	00:55:21.947		0.58979			4
2026.03.06	00:55:34.406	0.58920				2
2026.03.06	00:55:34.907	0.58917				2
2026.03.06	00:55:36.707		0.58980			4
2026.03.06	00:55:37.009	0.58920				2
2026.03.06	00:55:37.407	0.58917				2
2026.03.06	00:55:59.988	0.58919				2
2026.03.06	00:56:00.288	0.58919				2
2026.03.06	00:56:10.309	0.58922	0.58981			6
2026.03.06	00:56:28.069		0.58982			4
2026.03.06	00:56:30.329		0.58983			4
2026.03.06	00:56:30.713		0.58984			4
2026.03.06	00:56:31.013		0.58983			4
2026.03.06	00:56:31.313		0.58982			4
2026.03.06	00:56:36.724		0.58981			4
2026.03.06	00:56:37.972		0.58980			4
2026.03.06	00:56:38.273		0.58979			4
2026.03.06	00:56:38.573		0.58981			4
2026.03.06	00:56:39.599		0.58979			4
2026.03.06	00:56:40.910		0.58978			4
2026.03.06	00:57:00.295	0.58924				2
2026.03.06	00:57:01.501		0.58979			4
2026.03.06	00:57:10.312		0.58980			4
2026.03.06	00:57:15.652		0.58981			4
2026.03.06	00:57:30.108		0.58977			4
2026.03.06	00:57:30.408		0.58984			4
2026.03.06	00:57:40.132		0.58983			4
2026.03.06	00:57:48.373		0.58982			4
2026.03.06	00:57:51.947		0.58983			4
2026.03.06	00:57:54.073		0.58981			4
2026.03.06	00:57:54.386		0.58980			4
2026.03.06	00:57:55.423	0.58923	0.58978			6
2026.03.06	00:57:56.025		0.58980			4
2026.03.06	00:57:57.331		0.58979			4
2026.03.06	00:57:57.631		0.58981			4
2026.03.06	00:57:57.931		0.58979			4
2026.03.06	00:58:00.297	0.58926				2
2026.03.06	00:58:02.451		0.58980			4
2026.03.06	00:58:04.807	0.58922	0.58978			6
2026.03.06	00:58:05.854	0.58923	0.58976			6
2026.03.06	00:58:16.678		0.58975			4
2026.03.06	00:58:17.571		0.58972			4
2026.03.06	00:58:17.871		0.58976			4
2026.03.06	00:58:26.458		0.58974			4
2026.03.06	00:58:41.394		0.58976			4
2026.03.06	00:58:42.911		0.58973			4
2026.03.06	00:58:44.451		0.58972			4
2026.03.06	00:58:44.752		0.58971			4
2026.03.06	00:58:45.429		0.58972			4
2026.03.06	00:58:46.072		0.58971			4
2026.03.06	00:58:48.347		0.58972			4
2026.03.06	00:58:49.181		0.58976			4
2026.03.06	00:58:49.786		0.58975			4
2026.03.06	00:58:50.688		0.58974			4
2026.03.06	00:58:54.646		0.58975			4
2026.03.06	00:58:57.147		0.58974			4
2026.03.06	00:59:00.013	0.58923	0.58975			6
2026.03.06	00:59:00.313		0.58976			4
2026.03.06	00:59:05.640		0.58975			4
2026.03.06	00:59:05.943	0.58925				2
2026.03.06	00:59:12.586		0.58974			4
2026.03.06	00:59:16.247		0.58975			4
2026.03.06	00:59:17.212		0.58974			4
2026.03.06	00:59:19.247		0.58973			4
2026.03.06	00:59:23.148		0.58974			4
2026.03.06	00:59:24.058		0.58975			4
2026.03.06	00:59:28.551		0.58974			4
2026.03.06	00:59:29.228		0.58973			4
2026.03.06	00:59:33.217		0.58972			4
2026.03.06	00:59:35.684		0.58971			4
2026.03.06	00:59:35.984		0.58973			4
2026.03.06	00:59:36.285		0.58974			4
2026.03.06	00:59:36.585		0.58973			4
2026.03.06	00:59:36.948		0.58972			4
2026.03.06	00:59:45.647		0.58973			4
2026.03.06	00:59:46.628		0.58972			4
2026.03.06	00:59:48.381		0.58974			4
2026.03.06	00:59:48.681		0.58973			4
2026.03.06	00:59:49.583		0.58972			4
2026.03.06	00:59:50.880		0.58971			4
2026.03.06	00:59:51.291		0.58972			4
2026.03.06	00:59:51.596		0.58974			4
2026.03.06	00:59:53.976		0.58972			4
2026.03.06	00:59:59.747		0.58973			4
2026.03.06	01:00:00.047	0.58926				2
2026.03.06	01:00:00.347	0.58922	0.58972			6
2026.03.06	01:00:00.950		0.58971			4
2026.03.06	01:00:01.251	0.58925	0.58970			6
2026.03.06	01:00:01.551	0.58931	0.58971			6
2026.03.06	01:00:02.151	0.58929				2
2026.03.06	01:00:02.451	0.58925	0.58967			6
2026.03.06	01:00:02.753	0.58924				2
2026.03.06	01:00:03.054	0.58925				2
2026.03.06	01:00:03.353		0.58964			4
2026.03.06	01:00:03.655	0.58924				2
2026.03.06	01:00:04.562		0.58961			4
2026.03.06	01:00:05.764	0.58929	0.58973			6
2026.03.06	01:00:06.069	0.58927	0.58970			6
2026.03.06	01:00:06.369	0.58925	0.58967			6
2026.03.06	01:00:06.670	0.58926	0.58966			6
2026.03.06	01:00:07.271		0.58961			4
2026.03.06	01:00:07.571		0.58958			4
2026.03.06	01:00:07.871		0.58960			4
2026.03.06	01:00:08.771		0.58959			4
2026.03.06	01:00:09.372		0.58960			4
2026.03.06	01:00:09.973		0.58959			4
2026.03.06	01:00:10.273		0.58960			4
2026.03.06	01:00:11.175		0.58958			4
2026.03.06	01:00:11.474	0.58932				2
2026.03.06	01:00:11.775	0.58933	0.58968			6
2026.03.06	01:00:12.076	0.58932				2
2026.03.06	01:00:12.375		0.58965			4
2026.03.06	01:00:12.676	0.58946	0.58953			6
2026.03.06	01:00:13.877	0.58945	0.58952			6
2026.03.06	01:00:15.077	0.58946	0.58953			6
2026.03.06	01:00:15.682	0.58935	0.58961			6
2026.03.06	01:00:16.283		0.58962			4
2026.03.06	01:00:16.583		0.58960			4
2026.03.06	01:00:16.883		0.58962			4
2026.03.06	01:00:17.184		0.58961			4
2026.03.06	01:00:17.786	0.58944	0.58951			6
2026.03.06	01:00:24.697	0.58943	0.58950			6
2026.03.06	01:00:25.598	0.58944	0.58951			6
2026.03.06	01:00:25.898	0.58931	0.58954			6
2026.03.06	01:00:27.701	0.58932				2
2026.03.06	01:00:29.809		0.58953			4
2026.03.06	01:00:30.409	0.58931	0.58960			6
2026.03.06	01:00:30.709	0.58930				2
2026.03.06	01:00:31.010	0.58941	0.58948			6
2026.03.06	01:00:33.711	0.58942	0.58949			6
2026.03.06	01:00:34.612	0.58943	0.58950			6
2026.03.06	01:00:37.013		0.58949			4
2026.03.06	01:00:37.313		0.58950			4
2026.03.06	01:00:38.513	0.58929				2
2026.03.06	01:00:38.813	0.58927				2
2026.03.06	01:00:39.415		0.58949			4
2026.03.06	01:00:40.314	0.58929				2
2026.03.06	01:00:42.417		0.58951			4
2026.03.06	01:00:42.717	0.58930	0.58950			6
2026.03.06	01:00:43.617		0.58949			4
2026.03.06	01:00:52.344		0.58951			4
2026.03.06	01:00:52.649		0.58949			4
2026.03.06	01:00:59.563	0.58929				2
2026.03.06	01:01:00.164	0.58929	0.58947			6
2026.03.06	01:01:00.466	0.58930	0.58946			6
2026.03.06	01:01:00.765	0.58929				2
2026.03.06	01:01:01.366	0.58930				2
2026.03.06	01:01:01.666		0.58947			4
2026.03.06	01:01:01.967		0.58946			4
2026.03.06	01:01:03.773		0.58945			4
2026.03.06	01:01:04.676		0.58947			4
2026.03.06	01:01:04.976		0.58945			4
2026.03.06	01:01:06.183	0.58940	0.58943			6
2026.03.06	01:01:08.585	0.58929	0.58945			6
2026.03.06	01:01:08.885		0.58946			4
2026.03.06	01:01:09.187	0.58943				2
2026.03.06	01:01:10.584		0.58945			4
2026.03.06	01:01:13.867		0.58952			4
2026.03.06	01:01:19.847		0.58953			4
2026.03.06	01:01:21.500		0.58952			4
2026.03.06	01:01:26.146		0.58953			4
2026.03.06	01:01:28.341		0.58952			4
2026.03.06	01:01:35.772		0.58950			4
2026.03.06	01:01:36.072		0.58946			4
2026.03.06	01:01:36.676	0.58937				2
2026.03.06	01:01:50.146		0.58945			4
2026.03.06	01:01:51.424		0.58944			4
2026.03.06	01:01:52.140		0.58943			4
2026.03.06	01:01:54.848	0.58930				2
2026.03.06	01:01:55.150	0.58926				2
2026.03.06	01:01:55.452	0.58922				2
2026.03.06	01:02:00.016	0.58922				2
2026.03.06	01:02:01.131	0.58923	0.58945			6
2026.03.06	01:02:09.358	0.58922	0.58943			6
2026.03.06	01:02:11.544	0.58923				2
2026.03.06	01:02:13.646	0.58922				2
2026.03.06	01:02:14.885		0.58942			4
2026.03.06	01:02:19.289		0.58940			4
2026.03.06	01:02:22.595	0.58919	0.58939			6
2026.03.06	01:02:23.496		0.58937			4
2026.03.06	01:02:25.898	0.58918				2
2026.03.06	01:02:27.102		0.58938			4
2026.03.06	01:02:33.710	0.58919	0.58937			6
2026.03.06	01:02:34.010	0.58918				2
2026.03.06	01:02:34.611		0.58938			4
2026.03.06	01:02:34.911		0.58937			4
2026.03.06	01:02:36.713	0.58917				2
2026.03.06	01:02:42.119	0.58918				2
2026.03.06	01:02:43.320	0.58917				2
2026.03.06	01:02:44.525	0.58918				2
2026.03.06	01:02:44.825		0.58939			4
2026.03.06	01:02:45.125	0.58917				2
2026.03.06	01:02:46.046	0.58921				2
2026.03.06	01:02:50.024	0.58920	0.58940			6
2026.03.06	01:02:51.599	0.58919				2
2026.03.06	01:02:51.899	0.58926	0.58943			6
2026.03.06	01:02:52.199	0.58933	0.58936			6
2026.03.06	01:02:53.701	0.58934	0.58937			6
2026.03.06	01:03:00.018	0.58934				2
2026.03.06	01:03:00.319	0.58931	0.58934			6
2026.03.06	01:03:00.920	0.58932	0.58949			6
2026.03.06	01:03:01.220		0.58951			4
2026.03.06	01:03:01.521		0.58950			4
2026.03.06	01:03:03.625	0.58935	0.58949			6
2026.03.06	01:03:03.925	0.58941	0.58942			6
2026.03.06	01:03:04.225	0.58940	0.58941			6
2026.03.06	01:03:04.526	0.58941	0.58942			6
2026.03.06	01:03:14.137	0.58939				2
2026.03.06	01:03:14.436	0.58938	0.58951			6
2026.03.06	01:03:17.745	0.58936	0.58954			6
2026.03.06	01:03:18.946	0.58940	0.58952			6
2026.03.06	01:03:19.246		0.58942			4
2026.03.06	01:03:27.358		0.58941			4
2026.03.06	01:03:28.258		0.58942			4
2026.03.06	01:03:29.463	0.58937	0.58951			6
2026.03.06	01:03:32.173		0.58950			4
2026.03.06	01:03:32.473		0.58952			4
2026.03.06	01:03:33.975		0.58950			4
2026.03.06	01:03:34.876	0.58934	0.58949			6
2026.03.06	01:03:36.081	0.58936	0.58952			6
2026.03.06	01:03:36.382	0.58937	0.58939			6
2026.03.06	01:03:39.693	0.58936				2
2026.03.06	01:03:41.495	0.58937	0.58940			6
2026.03.06	01:03:43.000	0.58936	0.58939			6
2026.03.06	01:03:43.300	0.58938				2
2026.03.06	01:03:56.219	0.58936				2
2026.03.06	01:03:57.120	0.58937	0.58940			6
2026.03.06	01:03:58.622	0.58936	0.58939			6
2026.03.06	01:03:59.826	0.58938				2
2026.03.06	01:04:00.126	0.58938				2
2026.03.06	01:04:01.026	0.58945	0.58948			6
2026.03.06	01:04:01.326	0.58946	0.58949			6
2026.03.06	01:04:04.329	0.58950	0.58951			6
2026.03.06	01:04:04.630		0.58952			4
2026.03.06	01:04:04.929	0.58952	0.58953			6
2026.03.06	01:04:06.732	0.58951	0.58952			6
2026.03.06	01:04:07.634	0.58950	0.58951			6
2026.03.06	01:04:09.134	0.58951	0.58952			6
2026.03.06	01:04:09.435	0.58952	0.58953			6
2026.03.06	01:04:10.937	0.58953	0.58954			6
2026.03.06	01:04:16.039	0.58954	0.58955			6
2026.03.06	01:04:17.241	0.58951	0.58953			6
2026.03.06	01:04:18.442	0.58952				2
2026.03.06	01:04:18.743		0.58954			4
2026.03.06	01:04:19.943	0.58950	0.58953			6
2026.03.06	01:04:20.243	0.58949	0.58952			6
2026.03.06	01:04:21.444	0.58948	0.58951			6
2026.03.06	01:04:21.746	0.58949	0.58952			6
2026.03.06	01:04:22.645	0.58948	0.58951			6
2026.03.06	01:04:23.847	0.58949	0.58952			6
2026.03.06	01:04:24.148	0.58948	0.58951			6
2026.03.06	01:04:33.761	0.58952	0.58955			6
2026.03.06	01:04:34.061	0.58951	0.58954			6
2026.03.06	01:04:35.263	0.58955	0.58958			6
2026.03.06	01:04:35.563	0.58957	0.58960			6
2026.03.06	01:04:36.163	0.58956	0.58959			6
2026.03.06	01:04:36.464	0.58958	0.58961			6
2026.03.06	01:04:36.763	0.58967	0.58970			6
2026.03.06	01:04:38.266	0.58968	0.58971			6
2026.03.06	01:04:43.370	0.58967	0.58970			6
2026.03.06	01:04:43.670	0.58963	0.58966			6
2026.03.06	01:04:43.971	0.58964	0.58967			6
2026.03.06	01:04:44.271	0.58963	0.58966			6
2026.03.06	01:04:46.976	0.58961	0.58964			6
2026.03.06	01:04:47.277	0.58960	0.58963			6
2026.03.06	01:04:53.586	0.58958	0.58961			6
2026.03.06	01:05:00.195	0.58958				2
2026.03.06	01:05:00.493	0.58963	0.58966			6
2026.03.06	01:05:00.794	0.58962	0.58965			6
2026.03.06	01:05:04.396	0.58956	0.58959			6
2026.03.06	01:05:07.702	0.58957	0.58960			6
2026.03.06	01:05:08.000	0.58960	0.58963			6
2026.03.06	01:05:09.803	0.58959	0.58962			6
2026.03.06	01:05:14.010	0.58958	0.58961			6
2026.03.06	01:05:15.211	0.58959	0.58962			6
2026.03.06	01:05:21.817	0.58957	0.58960			6
2026.03.06	01:05:24.824	0.58958	0.58961			6
2026.03.06	01:05:34.438	0.58959	0.58962			6
2026.03.06	01:05:35.038	0.58958	0.58961			6
2026.03.06	01:05:39.551	0.58965	0.58968			6
2026.03.06	01:05:39.851	0.58964	0.58967			6
2026.03.06	01:05:44.958	0.58965	0.58968			6
2026.03.06	01:05:45.260	0.58964	0.58967			6
2026.03.06	01:05:47.661	0.58965	0.58968			6
2026.03.06	01:05:47.962	0.58964	0.58967			6
2026.03.06	01:05:48.562	0.58963				2
2026.03.06	01:05:52.472	0.58964				2
2026.03.06	01:05:52.773	0.58963				2
2026.03.06	01:05:54.579	0.58964				2
2026.03.06	01:05:59.988	0.58960	0.58963			6
2026.03.06	01:06:00.290	0.58957	0.58960			6
2026.03.06	01:06:00.589	0.58956	0.58959			6
2026.03.06	01:06:01.189	0.58957	0.58960			6
2026.03.06	01:06:03.591	0.58953	0.58956			6
2026.03.06	01:06:04.791	0.58951	0.58954			6
2026.03.06	01:06:05.691	0.58950	0.58953			6
2026.03.06	01:06:09.897	0.58951	0.58954			6
2026.03.06	01:06:17.110	0.58950	0.58953			6
2026.03.06	01:06:30.020	0.58952	0.58955			6
2026.03.06	01:06:31.820	0.58953	0.58956			6
2026.03.06	01:06:32.420	0.58952	0.58955			6
2026.03.06	01:06:45.036		0.58954			4
2026.03.06	01:06:45.336		0.58955			4
2026.03.06	01:06:45.636	0.58950	0.58951			6
2026.03.06	01:06:45.936		0.58953			4
2026.03.06	01:06:46.236		0.58951			4
2026.03.06	01:06:46.537		0.58953			4
2026.03.06	01:06:46.838		0.58951			4
2026.03.06	01:06:47.137		0.58953			4
2026.03.06	01:06:48.038		0.58951			4
2026.03.06	01:06:48.338		0.58953			4
2026.03.06	01:07:00.058	0.58950				2
2026.03.06	01:07:00.660	0.58951	0.58954			6
2026.03.06	01:07:00.960	0.58952	0.58955			6
2026.03.06	01:07:02.159	0.58953	0.58956			6
2026.03.06	01:07:06.066	0.58952	0.58955			6
2026.03.06	01:07:06.968	0.58953	0.58956			6
2026.03.06	01:07:15.383	0.58955	0.58958			6
2026.03.06	01:07:15.984	0.58956	0.58959			6
2026.03.06	01:07:16.584	0.58955	0.58958			6
2026.03.06	01:07:17.185	0.58956	0.58959			6
2026.03.06	01:07:20.488	0.58957	0.58960			6
2026.03.06	01:07:22.590	0.58958	0.58961			6
2026.03.06	01:07:25.293		0.58960			4
2026.03.06	01:07:37.009	0.58959	0.58961			6
2026.03.06	01:07:40.310	0.58958	0.58960			6
2026.03.06	01:07:42.111	0.58960	0.58962			6
2026.03.06	01:07:42.413	0.58959	0.58961			6
2026.03.06	01:07:44.517	0.58960	0.58962			6
2026.03.06	01:08:00.147	0.58960				2
2026.03.06	01:08:03.457	0.58958	0.58960			6
2026.03.06	01:08:04.360	0.58959	0.58961			6
2026.03.06	01:08:06.464	0.58958	0.58960			6
2026.03.06	01:08:07.669	0.58957	0.58959			6
2026.03.06	01:08:07.972	0.58956	0.58958			6
2026.03.06	01:08:19.699	0.58957	0.58959			6
2026.03.06	01:08:20.900	0.58961	0.58963			6
2026.03.06	01:08:21.200	0.58963	0.58965			6
2026.03.06	01:08:22.101	0.58964	0.58966			6
2026.03.06	01:08:23.302	0.58963	0.58965			6
2026.03.06	01:08:23.603	0.58964	0.58966			6
2026.03.06	01:08:24.502	0.58965	0.58967			6
2026.03.06	01:08:29.309	0.58964	0.58966			6
2026.03.06	01:08:31.410	0.58965	0.58967			6
2026.03.06	01:08:45.829	0.58964	0.58966			6
2026.03.06	01:08:56.657	0.58965	0.58967			6
2026.03.06	01:09:00.263	0.58965				2
2026.03.06	01:09:05.378	0.58962	0.58964			6
2026.03.06	01:09:05.678	0.58958	0.58960			6
2026.03.06	01:09:06.279	0.58959	0.58961			6
2026.03.06	01:09:42.332	0.58965	0.58967			6
2026.03.06	01:09:42.633	0.58969	0.58971			6
2026.03.06	01:09:42.933	0.58970	0.58972			6
2026.03.06	01:09:43.833	0.58971	0.58973			6
2026.03.06	01:09:45.635	0.58967	0.58969			6
2026.03.06	01:10:00.073	0.58967				2
2026.03.06	01:10:00.675	0.58963	0.58965			6
2026.03.06	01:10:00.975	0.58962	0.58964			6
2026.03.06	01:10:04.883	0.58960	0.58961			6
2026.03.06	01:10:05.183	0.58957	0.58959			6
2026.03.06	01:10:05.483	0.58956	0.58958			6
2026.03.06	01:10:52.687	0.58955	0.58957			6
2026.03.06	01:10:53.288	0.58956	0.58958			6
2026.03.06	01:10:58.401	0.58954	0.58956			6
2026.03.06	01:11:00.202	0.58954				2
2026.03.06	01:11:04.408	0.58953	0.58955			6
2026.03.06	01:11:05.309	0.58954	0.58956			6
2026.03.06	01:11:12.520	0.58953	0.58955			6
2026.03.06	01:11:36.870	0.58957	0.58958			6
2026.03.06	01:11:37.168	0.58956				2
2026.03.06	01:11:39.286	0.58955	0.58957			6
2026.03.06	01:12:00.027	0.58955				2
2026.03.06	01:12:03.328	0.58956	0.58958			6
2026.03.06	01:12:17.465	0.58959	0.58961			6
2026.03.06	01:12:17.764	0.58960	0.58962			6
2026.03.06	01:12:19.572	0.58959	0.58961			6
2026.03.06	01:12:20.774	0.58960	0.58962			6
2026.03.06	01:12:29.497	0.58961	0.58963			6
2026.03.06	01:12:29.802	0.58960	0.58962			6
2026.03.06	01:12:34.906	0.58964	0.58965			6
2026.03.06	01:12:35.206	0.58966	0.58968			6
2026.03.06	01:12:35.506	0.58965	0.58967			6
2026.03.06	01:12:35.807	0.58966	0.58968			6
2026.03.06	01:13:00.152	0.58966				2
2026.03.06	01:13:02.857	0.58967	0.58969			6
2026.03.06	01:13:22.400	0.58966	0.58968			6
2026.03.06	01:13:23.000	0.58967	0.58969			6
2026.03.06	01:13:36.517	0.58966	0.58968			6
2026.03.06	01:13:38.917	0.58967	0.58969			6
2026.03.06	01:13:46.124	0.58966	0.58968			6
2026.03.06	01:13:50.636	0.58967	0.58969			6
2026.03.06	01:13:50.936	0.58966	0.58968			6
2026.03.06	01:13:51.838	0.58967	0.58969			6
2026.03.06	01:13:52.438	0.58966	0.58968			6
2026.03.06	01:13:53.339	0.58967	0.58969			6
2026.03.06	01:14:00.257	0.58967				2
2026.03.06	01:14:02.959	0.58965	0.58967			6
2026.03.06	01:14:03.260	0.58964	0.58966			6
2026.03.06	01:14:16.193	0.58965	0.58967			6
2026.03.06	01:14:17.695	0.58964	0.58966			6
2026.03.06	01:14:17.994	0.58965	0.58967			6
2026.03.06	01:14:18.296	0.58966	0.58968			6
2026.03.06	01:14:24.307	0.58965	0.58967			6
2026.03.06	01:14:27.611	0.58963	0.58965			6
2026.03.06	01:14:27.910	0.58962	0.58964			6
2026.03.06	01:14:28.210	0.58963	0.58965			6
2026.03.06	01:15:00.071	0.58963				2
2026.03.06	01:15:00.971	0.58964	0.58966			6
2026.03.06	01:15:01.272	0.58963	0.58965			6
2026.03.06	01:15:11.196	0.58962	0.58964			6
2026.03.06	01:15:11.496	0.58960	0.58962			6
2026.03.06	01:15:11.796	0.58962	0.58964			6
2026.03.06	01:15:18.403	0.58960	0.58962			6
2026.03.06	01:15:18.703	0.58959	0.58961			6
2026.03.06	01:15:19.309	0.58956	0.58958			6
2026.03.06	01:15:19.603	0.58954	0.58956			6
2026.03.06	01:15:19.904	0.58955	0.58957			6
2026.03.06	01:15:29.817	0.58956	0.58958			6
2026.03.06	01:15:39.732	0.58958	0.58959			6
2026.03.06	01:15:40.029	0.58959	0.58961			6
2026.03.06	01:15:49.948	0.58962	0.58964			6
2026.03.06	01:15:50.244	0.58964	0.58966			6
2026.03.06	01:15:50.546	0.58963	0.58965			6
2026.03.06	01:15:50.847	0.58964	0.58966			6
2026.03.06	01:16:00.162	0.58965	0.58967			6
2026.03.06	01:16:00.465	0.58964	0.58966			6
2026.03.06	01:16:00.764	0.58965	0.58967			6
2026.03.06	01:16:02.567	0.58966	0.58968			6
2026.03.06	01:16:11.896	0.58965	0.58967			6
2026.03.06	01:16:12.499	0.58966	0.58968			6
2026.03.06	01:16:14.600	0.58965	0.58967			6
2026.03.06	01:16:17.002	0.58966	0.58968			6
2026.03.06	01:16:18.502	0.58965	0.58967			6
2026.03.06	01:16:19.104	0.58966	0.58968			6
2026.03.06	01:17:00.272	0.58966				2
2026.03.06	01:17:01.475	0.58967	0.58969			6
2026.03.06	01:17:02.982	0.58966	0.58968			6
2026.03.06	01:17:04.784	0.58965	0.58967			6
2026.03.06	01:17:20.419	0.58966	0.58968			6
2026.03.06	01:17:21.620	0.58967	0.58969			6
2026.03.06	01:17:23.725	0.58966	0.58968			6
2026.03.06	01:17:34.237	0.58965	0.58967			6
2026.03.06	01:17:37.539	0.58964	0.58966			6
2026.03.06	01:18:00.085	0.58964				2
2026.03.06	01:18:15.711	0.58967	0.58969			6
2026.03.06	01:18:16.010	0.58969	0.58971			6
2026.03.06	01:18:17.513	0.58972	0.58973			6
2026.03.06	01:18:17.814		0.58974			4
2026.03.06	01:18:18.114	0.58971	0.58973			6
2026.03.06	01:18:19.317	0.58970	0.58972			6
2026.03.06	01:18:22.920	0.58971	0.58973			6
2026.03.06	01:18:23.221	0.58972	0.58974			6
2026.03.06	01:18:25.022	0.58971	0.58973			6
2026.03.06	01:18:26.223	0.58972	0.58974			6
2026.03.06	01:18:29.826	0.58971	0.58973			6
2026.03.06	01:18:31.629	0.58972	0.58974			6
2026.03.06	01:18:39.437	0.58973	0.58975			6
2026.03.06	01:18:41.240	0.58972	0.58974			6
2026.03.06	01:18:54.170	0.58973	0.58975			6
2026.03.06	01:18:57.178	0.58972	0.58974			6
2026.03.06	01:18:58.381	0.58971	0.58973			6
2026.03.06	01:19:00.184	0.58971				2
2026.03.06	01:19:00.483	0.58972	0.58974			6
2026.03.06	01:19:02.282	0.58971	0.58973			6
2026.03.06	01:19:10.697	0.58970	0.58972			6
2026.03.06	01:19:15.200	0.58969	0.58971			6
2026.03.06	01:19:18.504	0.58971	0.58973			6
2026.03.06	01:19:29.020	0.58972	0.58974			6
2026.03.06	01:19:29.318	0.58971	0.58973			6
2026.03.06	01:19:34.125	0.58972	0.58974			6
2026.03.06	01:19:35.927	0.58973	0.58975			6
2026.03.06	01:19:44.335	0.58972	0.58974			6
2026.03.06	01:19:46.439	0.58971	0.58973			6
2026.03.06	01:19:47.640	0.58972	0.58974			6
2026.03.06	01:19:55.749	0.58973	0.58975			6
2026.03.06	01:19:56.951	0.58974	0.58976			6
2026.03.06	01:20:00.260	0.58973	0.58975			6
2026.03.06	01:20:09.278	0.58974	0.58976			6
2026.03.06	01:20:21.310	0.58973	0.58975			6
2026.03.06	01:20:28.521	0.58975	0.58977			6
2026.03.06	01:20:40.538	0.58974	0.58976			6
2026.03.06	01:20:40.838	0.58975	0.58977			6
2026.03.06	01:20:41.437	0.58974	0.58976			6
2026.03.06	01:20:44.141	0.58975	0.58977			6
2026.03.06	01:20:51.048	0.58974	0.58976			6
2026.03.06	01:20:53.156	0.58975	0.58977			6
2026.03.06	01:21:00.084	0.58975				2
2026.03.06	01:21:01.587	0.58974	0.58976			6
2026.03.06	01:21:04.294	0.58975	0.58977			6
2026.03.06	01:21:05.196	0.58974	0.58976			6
2026.03.06	01:21:08.799	0.58975	0.58977			6
2026.03.06	01:21:10.303	0.58974	0.58976			6
2026.03.06	01:21:13.008	0.58975	0.58977			6
2026.03.06	01:21:20.220	0.58974	0.58976			6
2026.03.06	01:21:35.541		0.58975			4
2026.03.06	01:21:35.841		0.58976			4
2026.03.06	01:21:36.141		0.58975			4
2026.03.06	01:21:36.441		0.58976			4
2026.03.06	01:21:40.647	0.58975	0.58977			6
2026.03.06	01:21:41.550	0.58974	0.58976			6
2026.03.06	01:22:00.191	0.58974				2
2026.03.06	01:22:01.695	0.58975	0.58977			6
2026.03.06	01:22:01.996	0.58976	0.58978			6
2026.03.06	01:22:03.198	0.58975	0.58977			6
2026.03.06	01:22:04.400	0.58976	0.58978			6
2026.03.06	01:22:05.300	0.58975	0.58977			6
2026.03.06	01:22:06.503	0.58976	0.58978			6
2026.03.06	01:22:11.014	0.58974	0.58976			6
2026.03.06	01:22:11.314	0.58975	0.58977			6
2026.03.06	01:22:41.070	0.58974	0.58976			6
2026.03.06	01:22:41.971	0.58975	0.58977			6
2026.03.06	01:22:44.978	0.58974	0.58976			6
2026.03.06	01:22:47.686	0.58975	0.58977			6
2026.03.06	01:23:00.013	0.58975				2
2026.03.06	01:23:03.316		0.58976			4
2026.03.06	01:23:05.719		0.58977			4
2026.03.06	01:23:10.522		0.58976			4
2026.03.06	01:23:11.724		0.58977			4
2026.03.06	01:23:14.428	0.58976				2
2026.03.06	01:23:23.445	0.58975				2
2026.03.06	01:23:25.251	0.58974	0.58976			6
2026.03.06	01:23:32.765	0.58975				2
2026.03.06	01:23:33.064	0.58974				2
2026.03.06	01:23:36.372	0.58975				2
2026.03.06	01:23:37.277	0.58976	0.58977			6
2026.03.06	01:23:38.180		0.58978			4
2026.03.06	01:23:40.580		0.58977			4
2026.03.06	01:23:46.905		0.58978			4
2026.03.06	01:23:47.207		0.58977			4
2026.03.06	01:23:50.513	0.58978	0.58979			6
2026.03.06	01:23:50.813		0.58980			4
2026.03.06	01:24:00.120	0.58978				2
2026.03.06	01:24:01.323	0.58979				2
2026.03.06	01:24:04.628	0.58978				2
2026.03.06	01:24:05.228	0.58979				2
2026.03.06	01:24:05.829	0.58978				2
2026.03.06	01:24:07.935	0.58979				2
2026.03.06	01:24:09.137	0.58978				2
2026.03.06	01:24:11.539	0.58979				2
2026.03.06	01:24:20.258	0.58978				2
2026.03.06	01:24:20.560	0.58979				2
2026.03.06	01:24:23.868	0.58978				2
2026.03.06	01:24:25.976	0.58979	0.58981			6
2026.03.06	01:24:31.398	0.58980				2
2026.03.06	01:24:31.697		0.58982			4
2026.03.06	01:24:32.596		0.58981			4
2026.03.06	01:24:33.496		0.58982			4
2026.03.06	01:24:37.706	0.58979	0.58981			6
2026.03.06	01:24:38.006	0.58980				2
2026.03.06	01:24:42.513	0.58979				2
2026.03.06	01:24:44.613	0.58980				2
2026.03.06	01:24:51.522	0.58979				2
2026.03.06	01:24:53.321	0.58980				2
2026.03.06	01:24:54.826	0.58979				2
2026.03.06	01:24:56.028	0.58980				2
2026.03.06	01:24:59.933	0.58979				2
2026.03.06	01:25:00.237	0.58979				2
2026.03.06	01:25:00.535	0.58976	0.58978			6
2026.03.06	01:25:00.835	0.58977				2
2026.03.06	01:25:01.135	0.58976				2
2026.03.06	01:25:02.937	0.58974	0.58976			6
2026.03.06	01:25:03.238	0.58971	0.58973			6
2026.03.06	01:25:04.740	0.58970	0.58972			6
2026.03.06	01:25:05.040	0.58969	0.58971			6
2026.03.06	01:25:24.899	0.58968	0.58970			6
2026.03.06	01:25:27.601	0.58969	0.58971			6
2026.03.06	01:25:29.103	0.58968	0.58970			6
2026.03.06	01:25:46.523	0.58966	0.58968			6
2026.03.06	01:25:46.820	0.58964	0.58966			6
2026.03.06	01:25:55.237	0.58965				2
2026.03.06	01:25:55.536	0.58968	0.58970			6
2026.03.06	01:25:55.835	0.58967	0.58969			6
2026.03.06	01:25:56.436	0.58968	0.58970			6
2026.03.06	01:26:00.044	0.58968				2
2026.03.06	01:26:00.644	0.58967	0.58969			6
2026.03.06	01:26:02.153	0.58966	0.58968			6
2026.03.06	01:26:02.451	0.58965	0.58967			6
2026.03.06	01:26:02.751	0.58964	0.58966			6
2026.03.06	01:26:40.023	0.58965	0.58967			6
2026.03.06	01:27:00.163	0.58965				2
2026.03.06	01:27:06.169	0.58966				2
2026.03.06	01:27:06.468		0.58968			4
2026.03.06	01:27:26.618	0.58967	0.58969			6
2026.03.06	01:27:36.532	0.58966	0.58968			6
2026.03.06	01:27:38.639	0.58967	0.58969			6
2026.03.06	01:27:42.853	0.58968	0.58970			6
2026.03.06	01:27:43.754	0.58967	0.58969			6
2026.03.06	01:27:49.178	0.58968	0.58970			6
2026.03.06	01:27:58.200	0.58969				2
2026.03.06	01:27:58.499	0.58972	0.58974			6
2026.03.06	01:27:59.100	0.58971	0.58973			6
2026.03.06	01:28:00.001	0.58971				2
2026.03.06	01:28:00.904	0.58973	0.58975			6
2026.03.06	01:28:03.006	0.58974	0.58976			6
2026.03.06	01:28:03.608	0.58973	0.58975			6
2026.03.06	01:28:06.312	0.58972	0.58974			6
2026.03.06	01:28:24.332	0.58971	0.58973			6
2026.03.06	01:28:28.841	0.58972	0.58974			6
2026.03.06	01:28:29.140	0.58973	0.58975			6
2026.03.06	01:28:29.439	0.58974	0.58976			6
2026.03.06	01:28:32.444	0.58973	0.58975			6
2026.03.06	01:28:35.749	0.58972	0.58974			6
2026.03.06	01:28:36.956	0.58971	0.58973			6
2026.03.06	01:28:55.309	0.58972	0.58974			6
2026.03.06	01:28:56.811	0.58973	0.58975			6
2026.03.06	01:28:57.414	0.58976	0.58977			6
2026.03.06	01:28:57.713		0.58978			4
2026.03.06	01:29:00.116	0.58976				2
2026.03.06	01:29:02.819	0.58974	0.58976			6
2026.03.06	01:29:07.625	0.58973	0.58975			6
2026.03.06	01:29:10.330	0.58970	0.58972			6
2026.03.06	01:29:10.624	0.58969	0.58971			6
2026.03.06	01:29:11.827	0.58970	0.58972			6
2026.03.06	01:29:12.428	0.58969	0.58971			6
2026.03.06	01:29:16.033	0.58970	0.58972			6
2026.03.06	01:29:16.633	0.58971	0.58973			6
2026.03.06	01:30:00.234	0.58971				2
2026.03.06	01:30:00.535	0.58973	0.58975			6
2026.03.06	01:30:00.835	0.58974	0.58976			6
2026.03.06	01:30:01.740	0.58975	0.58977			6
2026.03.06	01:30:02.341	0.58977	0.58979			6
2026.03.06	01:30:09.568	0.58975	0.58977			6
2026.03.06	01:30:09.869	0.58973	0.58975			6
2026.03.06	01:30:24.908	0.58974	0.58976			6
2026.03.06	01:30:30.018	0.58973	0.58975			6
2026.03.06	01:30:36.923	0.58971	0.58973			6
2026.03.06	01:30:48.929	0.58972	0.58974			6
2026.03.06	01:30:56.740	0.58974	0.58976			6
2026.03.06	01:30:58.840	0.58973	0.58975			6
2026.03.06	01:31:00.042	0.58972	0.58974			6
2026.03.06	01:31:03.348	0.58973	0.58975			6
2026.03.06	01:31:03.949	0.58972	0.58974			6
2026.03.06	01:31:05.149	0.58973	0.58975			6
2026.03.06	01:31:06.051	0.58972	0.58974			6
2026.03.06	01:31:08.153	0.58971	0.58972			6
2026.03.06	01:31:08.453	0.58974	0.58976			6
2026.03.06	01:31:12.357	0.58973	0.58975			6
2026.03.06	01:31:14.766	0.58971	0.58973			6
2026.03.06	01:31:15.062	0.58973	0.58975			6
2026.03.06	01:31:16.265	0.58974	0.58976			6
2026.03.06	01:31:16.563	0.58975	0.58977			6
2026.03.06	01:31:16.865	0.58974	0.58976			6
2026.03.06	01:31:18.969	0.58973	0.58975			6
2026.03.06	01:31:19.866	0.58972	0.58974			6
2026.03.06	01:31:21.369	0.58973	0.58975			6
2026.03.06	01:31:22.570	0.58972	0.58974			6
2026.03.06	01:31:23.475	0.58973	0.58975			6
2026.03.06	01:31:23.778	0.58974	0.58976			6
2026.03.06	01:31:26.183	0.58973	0.58975			6
2026.03.06	01:31:27.386	0.58972	0.58974			6
2026.03.06	01:31:30.396	0.58973	0.58975			6
2026.03.06	01:31:30.696	0.58974	0.58976			6
2026.03.06	01:31:30.997	0.58973	0.58975			6
2026.03.06	01:31:31.298	0.58974	0.58976			6
2026.03.06	01:31:42.413	0.58973	0.58975			6
2026.03.06	01:31:42.714	0.58974	0.58976			6
2026.03.06	01:31:43.313	0.58973	0.58975			6
2026.03.06	01:31:43.614	0.58974	0.58976			6
2026.03.06	01:31:51.723	0.58978	0.58980			6
2026.03.06	01:31:52.022	0.58977	0.58979			6
2026.03.06	01:31:52.322	0.58978	0.58980			6
2026.03.06	01:31:54.424	0.58977	0.58979			6
2026.03.06	01:31:55.324	0.58976	0.58978			6
2026.03.06	01:31:55.924	0.58975	0.58977			6
2026.03.06	01:32:00.132	0.58975				2
2026.03.06	01:32:03.437	0.58974	0.58976			6
2026.03.06	01:32:04.040	0.58973	0.58975			6
2026.03.06	01:32:10.351	0.58974	0.58976			6
2026.03.06	01:32:10.949	0.58973	0.58975			6
2026.03.06	01:32:11.854	0.58971	0.58973			6
2026.03.06	01:32:13.057	0.58970	0.58972			6
2026.03.06	01:32:21.181	0.58969	0.58971			6
2026.03.06	01:32:22.081	0.58970	0.58972			6
2026.03.06	01:32:26.887	0.58968	0.58969			6
2026.03.06	01:32:27.186	0.58967				2
2026.03.06	01:32:33.494	0.58965	0.58967			6
2026.03.06	01:32:34.695	0.58964	0.58966			6
2026.03.06	01:32:38.597	0.58965	0.58967			6
2026.03.06	01:32:39.799	0.58964	0.58966			6
2026.03.06	01:32:42.504	0.58963	0.58965			6
2026.03.06	01:32:55.119	0.58964	0.58966			6
2026.03.06	01:33:00.222	0.58964				2
2026.03.06	01:33:20.343	0.58963	0.58965			6
2026.03.06	01:33:22.149	0.58964	0.58966			6
2026.03.06	01:33:24.253	0.58963	0.58965			6
2026.03.06	01:33:26.656	0.58964	0.58966			6
2026.03.06	01:33:29.661	0.58963	0.58965			6
2026.03.06	01:33:32.063	0.58964	0.58966			6
2026.03.06	01:33:55.800	0.58963	0.58965			6
2026.03.06	01:33:57.603	0.58964	0.58966			6
2026.03.06	01:34:00.005	0.58964				2
2026.03.06	01:34:03.609	0.58965	0.58967			6
2026.03.06	01:34:04.214	0.58969	0.58970			6
2026.03.06	01:34:04.513		0.58971			4
2026.03.06	01:34:17.136	0.58970	0.58972			6
2026.03.06	01:34:22.553	0.58967	0.58969			6
2026.03.06	01:34:27.366	0.58965	0.58967			6
2026.03.06	01:34:31.577	0.58967	0.58969			6
2026.03.06	01:34:33.379	0.58968	0.58970			6
2026.03.06	01:34:34.880	0.58967	0.58969			6
2026.03.06	01:34:35.486	0.58966	0.58968			6
2026.03.06	01:34:35.783	0.58964	0.58966			6
2026.03.06	01:34:38.191	0.58965				2
2026.03.06	01:34:38.490	0.58966	0.58968			6
2026.03.06	01:34:39.091	0.58967	0.58969			6
2026.03.06	01:34:46.001	0.58968	0.58970			6
2026.03.06	01:34:47.202	0.58969	0.58971			6
2026.03.06	01:34:47.503	0.58970	0.58972			6
2026.03.06	01:34:47.804	0.58971	0.58973			6
2026.03.06	01:34:48.105	0.58969	0.58971			6
2026.03.06	01:34:48.404	0.58970	0.58972			6
2026.03.06	01:34:48.704	0.58971	0.58973			6
2026.03.06	01:34:55.914	0.58969	0.58971			6
2026.03.06	01:35:00.127	0.58969				2
2026.03.06	01:35:00.426	0.58968	0.58970			6
2026.03.06	01:35:16.654	0.58969	0.58971			6
2026.03.06	01:35:20.259	0.58968	0.58970			6
2026.03.06	01:35:21.460	0.58967	0.58969			6
2026.03.06	01:35:23.564	0.58966	0.58968			6
2026.03.06	01:35:26.271	0.58964	0.58966			6
2026.03.06	01:35:38.596	0.58963	0.58965			6
2026.03.06	01:35:39.198	0.58964	0.58966			6
2026.03.06	01:35:54.217	0.58963	0.58965			6
2026.03.06	01:36:00.236	0.58963				2
2026.03.06	01:36:02.937	0.58964	0.58966			6
2026.03.06	01:36:14.355	0.58967	0.58968			6
2026.03.06	01:36:14.655	0.58968	0.58970			6
2026.03.06	01:36:14.955	0.58967	0.58969			6
2026.03.06	01:36:15.558	0.58966	0.58968			6
2026.03.06	01:36:20.365	0.58967	0.58969			6
2026.03.06	01:36:21.567	0.58966	0.58968			6
2026.03.06	01:36:29.988	0.58967	0.58969			6
2026.03.06	01:36:32.691	0.58966	0.58968			6
2026.03.06	01:36:37.502	0.58968	0.58970			6
2026.03.06	01:36:37.804	0.58969	0.58971			6
2026.03.06	01:36:41.714	0.58972	0.58974			6
2026.03.06	01:36:42.616	0.58971	0.58973			6
2026.03.06	01:37:00.033	0.58971				2
2026.03.06	01:37:08.140	0.58972	0.58974			6
2026.03.06	01:37:09.642	0.58971	0.58973			6
2026.03.06	01:37:12.348	0.58972	0.58974			6
2026.03.06	01:37:19.275	0.58971	0.58973			6
2026.03.06	01:37:27.084	0.58973	0.58975			6
2026.03.06	01:37:27.386	0.58974	0.58976			6
2026.03.06	01:37:30.392	0.58973	0.58975			6
2026.03.06	01:37:30.690	0.58974	0.58976			6
2026.03.06	01:37:44.520	0.58973	0.58975			6
2026.03.06	01:37:45.420	0.58974	0.58976			6
2026.03.06	01:37:58.359	0.58975	0.58977			6
2026.03.06	01:38:00.169	0.58975				2
2026.03.06	01:38:06.184	0.58974	0.58976			6
2026.03.06	01:38:12.794	0.58973	0.58975			6
2026.03.06	01:38:13.096	0.58974	0.58976			6
2026.03.06	01:38:13.395	0.58973	0.58975			6
2026.03.06	01:38:13.697	0.58974	0.58976			6
2026.03.06	01:38:13.996	0.58973	0.58975			6
2026.03.06	01:38:14.296	0.58974	0.58976			6
2026.03.06	01:38:14.596	0.58973	0.58975			6
2026.03.06	01:38:21.813	0.58974	0.58976			6
2026.03.06	01:38:22.111	0.58973	0.58975			6
2026.03.06	01:38:22.412	0.58974	0.58976			6
2026.03.06	01:38:22.713	0.58973	0.58975			6
2026.03.06	01:38:23.012	0.58974	0.58976			6
2026.03.06	01:38:23.312	0.58973	0.58975			6
2026.03.06	01:38:26.315	0.58974	0.58976			6
2026.03.06	01:38:28.116	0.58973	0.58975			6
2026.03.06	01:38:28.416	0.58974	0.58976			6
2026.03.06	01:38:35.029	0.58976	0.58978			6
2026.03.06	01:38:36.228	0.58977	0.58979			6
2026.03.06	01:38:37.432		0.58978			4
2026.03.06	01:38:37.735		0.58979			4
2026.03.06	01:38:38.332		0.58978			4
2026.03.06	01:38:38.634		0.58979			4
2026.03.06	01:38:38.935		0.58978			4
2026.03.06	01:38:39.235	0.58978	0.58980			6
2026.03.06	01:38:39.534		0.58979			4
2026.03.06	01:38:39.834		0.58980			4
2026.03.06	01:38:41.036		0.58979			4
2026.03.06	01:38:41.335		0.58980			4
2026.03.06	01:38:45.238	0.58977	0.58979			6
2026.03.06	01:38:48.842	0.58978	0.58980			6
2026.03.06	01:38:58.771	0.58980	0.58982			6
2026.03.06	01:38:59.071	0.58981	0.58983			6
2026.03.06	01:39:00.276	0.58981				2
2026.03.06	01:39:00.874	0.58983	0.58985			6
2026.03.06	01:39:02.076	0.58984	0.58986			6
2026.03.06	01:39:03.283	0.58983	0.58985			6
2026.03.06	01:39:03.581	0.58981	0.58983			6
2026.03.06	01:39:06.296	0.58980	0.58982			6
2026.03.06	01:39:07.495	0.58979	0.58981			6
2026.03.06	01:39:12.901	0.58978	0.58980			6
2026.03.06	01:39:23.113	0.58979	0.58981			6
2026.03.06	01:39:32.437	0.58981	0.58983			6
2026.03.06	01:39:48.967	0.58980	0.58982			6
2026.03.06	01:39:49.568	0.58979	0.58981			6
2026.03.06	01:39:51.970	0.58980	0.58982			6
2026.03.06	01:39:53.176	0.58979	0.58981			6
2026.03.06	01:39:58.590	0.58976	0.58978			6
2026.03.06	01:39:58.889	0.58974	0.58976			6
2026.03.06	01:40:00.091	0.58974				2
2026.03.06	01:40:02.795	0.58973	0.58975			6
2026.03.06	01:40:06.999	0.58974	0.58976			6
2026.03.06	01:40:09.703	0.58973	0.58975			6
2026.03.06	01:40:13.009	0.58974	0.58976			6
2026.03.06	01:40:32.528	0.58975				2
2026.03.06	01:40:32.828	0.58974				2
2026.03.06	01:40:35.231	0.58975	0.58977			6
2026.03.06	01:40:37.336	0.58974	0.58976			6
2026.03.06	01:40:39.737	0.58978	0.58980			6
2026.03.06	01:40:40.036	0.58979	0.58981			6
2026.03.06	01:40:44.553	0.58978	0.58980			6
2026.03.06	01:40:46.661	0.58976	0.58978			6
2026.03.06	01:40:46.960	0.58977	0.58979			6
2026.03.06	01:40:47.260	0.58975	0.58977			6
2026.03.06	01:40:47.560	0.58974	0.58976			6
2026.03.06	01:40:48.163		0.58977			4
2026.03.06	01:40:49.068	0.58973	0.58976			6
2026.03.06	01:40:51.175	0.58974				2
2026.03.06	01:40:51.776	0.58973				2
2026.03.06	01:40:55.379	0.58974				2
2026.03.06	01:40:55.980	0.58973				2
2026.03.06	01:41:00.191	0.58973				2
2026.03.06	01:41:02.293	0.58974	0.58977			6
2026.03.06	01:41:06.352	0.58977	0.58980			6
2026.03.06	01:41:06.953	0.58979	0.58982			6
2026.03.06	01:41:08.155	0.58976	0.58979			6
2026.03.06	01:41:08.757	0.58977	0.58980			6
2026.03.06	01:41:09.056	0.58976	0.58979			6
2026.03.06	01:41:13.276	0.58977	0.58980			6
2026.03.06	01:41:24.106	0.58979				2
2026.03.06	01:41:24.406		0.58981			4
2026.03.06	01:41:25.007	0.58977	0.58979			6
2026.03.06	01:41:25.307		0.58980			4
2026.03.06	01:41:27.409	0.58976	0.58979			6
2026.03.06	01:41:29.511	0.58974	0.58976			6
2026.03.06	01:41:34.916	0.58973				2
2026.03.06	01:41:41.526	0.58974				2
2026.03.06	01:41:42.426	0.58973				2
2026.03.06	01:41:48.433	0.58974	0.58977			6
2026.03.06	01:41:51.436	0.58973	0.58976			6
2026.03.06	01:41:52.336	0.58972	0.58975			6
2026.03.06	01:41:53.247	0.58973	0.58976			6
2026.03.06	01:42:00.156	0.58973				2
2026.03.06	01:42:04.970	0.58974	0.58977			6
2026.03.06	01:42:05.271	0.58973	0.58976			6
2026.03.06	01:42:10.382	0.58977	0.58979			6
2026.03.06	01:42:10.682	0.58974	0.58977			6
2026.03.06	01:42:16.088	0.58973	0.58976			6
2026.03.06	01:42:23.298	0.58974				2
2026.03.06	01:42:23.599		0.58977			4
2026.03.06	01:42:26.002	0.58973	0.58976			6
2026.03.06	01:42:26.608	0.58974	0.58977			6
2026.03.06	01:42:39.219	0.58975				2
2026.03.06	01:42:40.420	0.58974	0.58976			6
2026.03.06	01:43:00.241	0.58974				2
2026.03.06	01:43:40.517		0.58976			4
2026.03.06	01:44:00.064	0.58974				2
2026.03.06	01:44:01.565	0.58973	0.58975			6
2026.03.06	01:44:07.576	0.58971	0.58973			6
2026.03.06	01:44:09.077	0.58972	0.58974			6
2026.03.06	01:44:28.609	0.58973	0.58975			6
2026.03.06	01:44:31.310	0.58972	0.58974			6
2026.03.06	01:44:32.512	0.58971	0.58973			6
2026.03.06	01:44:37.918	0.58972	0.58974			6
2026.03.06	01:44:42.421	0.58973	0.58975			6
2026.03.06	01:44:43.925	0.58972	0.58974			6
2026.03.06	01:44:57.442	0.58973	0.58975			6
2026.03.06	01:45:00.148	0.58973				2
2026.03.06	01:45:07.363	0.58972	0.58974			6
2026.03.06	01:45:08.866	0.58969	0.58971			6
2026.03.06	01:45:09.166	0.58963	0.58966			6
2026.03.06	01:45:13.072	0.58967	0.58969			6
2026.03.06	01:45:13.974	0.58965	0.58968			6
2026.03.06	01:45:16.382	0.58966	0.58969			6
2026.03.06	01:45:19.085	0.58965	0.58968			6
2026.03.06	01:45:19.686	0.58966	0.58969			6
2026.03.06	01:45:22.393	0.58965	0.58968			6
2026.03.06	01:45:22.993	0.58966	0.58969			6
2026.03.06	01:45:23.294	0.58965	0.58968			6
2026.03.06	01:45:31.709	0.58963	0.58966			6
2026.03.06	01:45:42.518	0.58962	0.58965			6
2026.03.06	01:45:46.128	0.58963	0.58966			6
2026.03.06	01:45:49.132		0.58965			4
2026.03.06	01:45:49.431	0.58961	0.58964			6
2026.03.06	01:45:49.731	0.58962	0.58965			6
2026.03.06	01:45:50.332	0.58961	0.58964			6
2026.03.06	01:45:51.232	0.58962	0.58965			6
2026.03.06	01:45:54.536	0.58963	0.58966			6
2026.03.06	01:45:57.540	0.58964	0.58967			6
2026.03.06	01:46:01.511	0.58964				2
2026.03.06	01:46:01.812	0.58965	0.58968			6
2026.03.06	01:46:02.111	0.58966				2
2026.03.06	01:46:03.613		0.58969			4
2026.03.06	01:46:09.619	0.58967	0.58970			6
2026.03.06	01:46:10.220	0.58969	0.58972			6
2026.03.06	01:46:12.325	0.58973	0.58975			6
2026.03.06	01:46:12.623		0.58976			4
2026.03.06	01:46:25.550	0.58974				2
2026.03.06	01:46:31.256	0.58973				2
2026.03.06	01:46:32.160	0.58974	0.58977			6
2026.03.06	01:46:34.775		0.58976			4
2026.03.06	01:46:35.377	0.58973				2
2026.03.06	01:46:49.805	0.58974	0.58977			6
2026.03.06	01:46:50.106	0.58973	0.58976			6
2026.03.06	01:46:59.119	0.58972	0.58974			6
2026.03.06	01:46:59.418		0.58973			4
2026.03.06	01:47:00.019	0.58972	0.58974			6
2026.03.06	01:47:02.119		0.58975			4
2026.03.06	01:47:03.020	0.58974	0.58976			6
2026.03.06	01:47:03.321	0.58976	0.58979			6
2026.03.06	01:47:03.622	0.58977	0.58980			6
2026.03.06	01:47:12.311	0.58976	0.58979			6
2026.03.06	01:47:17.123	0.58975	0.58978			6
2026.03.06	01:47:19.224	0.58974	0.58977			6
2026.03.06	01:47:19.525		0.58976			4
2026.03.06	01:47:19.825		0.58977			4
2026.03.06	01:47:26.233	0.58977	0.58980			6
2026.03.06	01:47:29.836	0.58978	0.58981			6
2026.03.06	01:47:32.548	0.58979	0.58982			6
2026.03.06	01:47:39.174	0.58981	0.58984			6
2026.03.06	01:47:40.377	0.58980	0.58983			6
2026.03.06	01:47:40.678	0.58981	0.58984			6
2026.03.06	01:47:40.979	0.58980	0.58983			6
2026.03.06	01:47:45.487	0.58979	0.58981			6
2026.03.06	01:47:45.787	0.58978	0.58980			6
2026.03.06	01:47:46.088		0.58981			4
2026.03.06	01:47:49.093	0.58979	0.58982			6
2026.03.06	01:47:50.294	0.58980	0.58983			6
2026.03.06	01:47:50.595	0.58981				2
2026.03.06	01:47:53.000	0.58980				2
2026.03.06	01:47:58.409	0.58978	0.58981			6
2026.03.06	01:47:58.708	0.58979	0.58982			6
2026.03.06	01:48:00.209	0.58978	0.58981			6
2026.03.06	01:48:00.511	0.58976	0.58979			6
2026.03.06	01:48:00.811	0.58973	0.58976			6
2026.03.06	01:48:02.613	0.58974	0.58977			6
2026.03.06	01:48:06.518	0.58973	0.58976			6
2026.03.06	01:48:08.020	0.58974	0.58977			6
2026.03.06	01:48:08.621	0.58976				2
2026.03.06	01:48:08.920		0.58979			4
2026.03.06	01:48:09.522	0.58977	0.58980			6
2026.03.06	01:48:14.029	0.58978	0.58981			6
2026.03.06	01:48:14.330	0.58979	0.58982			6
2026.03.06	01:48:18.837	0.58978	0.58981			6
2026.03.06	01:48:21.239	0.58979	0.58982			6
2026.03.06	01:48:22.439	0.58978	0.58981			6
2026.03.06	01:48:26.643	0.58976	0.58979			6
2026.03.06	01:48:27.244	0.58978	0.58980			6
2026.03.06	01:48:27.544	0.58979	0.58982			6
2026.03.06	01:48:30.554	0.58977	0.58980			6
2026.03.06	01:48:33.863	0.58976	0.58979			6
2026.03.06	01:48:37.169	0.58975	0.58978			6
2026.03.06	01:48:40.173	0.58977	0.58980			6
2026.03.06	01:48:41.976	0.58976	0.58979			6
2026.03.06	01:48:43.477	0.58977	0.58980			6
2026.03.06	01:48:53.693	0.58976	0.58979			6
2026.03.06	01:49:00.005	0.58976				2
2026.03.06	01:49:01.808	0.58975	0.58978			6
2026.03.06	01:49:06.615	0.58976	0.58979			6
2026.03.06	01:49:15.325	0.58977	0.58980			6
2026.03.06	01:49:19.232	0.58976	0.58979			6
2026.03.06	01:49:26.446	0.58977	0.58980			6
2026.03.06	01:49:27.649	0.58975	0.58977			6
2026.03.06	01:49:27.949	0.58973	0.58976			6
2026.03.06	01:49:28.851	0.58972	0.58975			6
2026.03.06	01:49:29.151	0.58970	0.58973			6
2026.03.06	01:49:35.462	0.58969	0.58972			6
2026.03.06	01:49:35.762	0.58968	0.58971			6
2026.03.06	01:49:56.508	0.58969				2
2026.03.06	01:49:56.809	0.58968				2
2026.03.06	01:49:58.309	0.58969				2
2026.03.06	01:49:58.909	0.58968				2
2026.03.06	01:49:59.210	0.58969	0.58972			6
2026.03.06	01:49:59.509	0.58970				2
2026.03.06	01:50:00.110	0.58970	0.58971			6
2026.03.06	01:50:00.411	0.58968				2
2026.03.06	01:50:02.512	0.58969	0.58972			6
2026.03.06	01:50:02.812	0.58968	0.58971			6
2026.03.06	01:50:07.317	0.58967	0.58970			6
2026.03.06	01:50:25.939	0.58966	0.58969			6
2026.03.06	01:50:27.745	0.58965	0.58968			6
2026.03.06	01:50:30.150	0.58963	0.58966			6
2026.03.06	01:50:31.353	0.58962	0.58965			6
2026.03.06	01:50:38.580	0.58963	0.58966			6
2026.03.06	01:50:48.499	0.58964	0.58967			6
2026.03.06	01:50:53.605	0.58963	0.58966			6
2026.03.06	01:51:00.215	0.58963				2
2026.03.06	01:51:05.325	0.58964				2
2026.03.06	01:51:06.826	0.58963	0.58965			6
2026.03.06	01:51:07.426	0.58964	0.58966			6
2026.03.06	01:51:11.933	0.58965	0.58967			6
2026.03.06	01:51:29.065	0.58964	0.58966			6
2026.03.06	01:51:40.786	0.58965	0.58967			6
2026.03.06	01:51:45.593	0.58967	0.58969			6
2026.03.06	01:51:45.893	0.58968	0.58970			6
2026.03.06	01:51:46.193	0.58969	0.58971			6
2026.03.06	01:51:46.794	0.58968	0.58970			6
2026.03.06	01:51:50.997	0.58970	0.58972			6
2026.03.06	01:52:00.010	0.58970				2
2026.03.06	01:52:00.610	0.58969	0.58971			6
2026.03.06	01:52:00.910	0.58968	0.58970			6
2026.03.06	01:52:01.210	0.58970	0.58972			6
2026.03.06	01:52:03.012	0.58971	0.58973			6
2026.03.06	01:52:03.612	0.58973	0.58975			6
2026.03.06	01:52:03.913	0.58974	0.58976			6
2026.03.06	01:52:04.213	0.58973				2
2026.03.06	01:52:10.223		0.58975			4
2026.03.06	01:52:37.286	0.58971	0.58973			6
2026.03.06	01:52:39.387	0.58973	0.58975			6
2026.03.06	01:52:45.394	0.58968	0.58970			6
2026.03.06	01:52:47.194	0.58967				2
2026.03.06	01:52:47.495	0.58968	0.58971			6
2026.03.06	01:52:56.510	0.58967	0.58970			6
2026.03.06	01:52:56.810	0.58968	0.58971			6
2026.03.06	01:52:57.111	0.58969	0.58972			6
2026.03.06	01:52:57.410	0.58968	0.58971			6
2026.03.06	01:52:58.010	0.58969	0.58972			6
2026.03.06	01:52:59.812	0.58968	0.58971			6
2026.03.06	01:53:00.113	0.58969				2
2026.03.06	01:53:17.529	0.58968	0.58970			6
2026.03.06	01:53:17.829	0.58967	0.58969			6
2026.03.06	01:53:19.630	0.58968	0.58970			6
2026.03.06	01:53:26.535	0.58970	0.58972			6
2026.03.06	01:53:28.942	0.58969	0.58971			6
2026.03.06	01:53:34.356	0.58967	0.58969			6
2026.03.06	01:53:34.957	0.58968	0.58970			6
2026.03.06	01:53:44.878	0.58969	0.58971			6
2026.03.06	01:53:45.181	0.58971	0.58973			6
2026.03.06	01:53:45.480	0.58972	0.58974			6
2026.03.06	01:53:46.681	0.58973	0.58975			6
2026.03.06	01:53:48.183		0.58976			4
2026.03.06	01:53:49.385		0.58975			4
2026.03.06	01:53:57.498	0.58974	0.58976			6
2026.03.06	01:54:00.201	0.58974				2
2026.03.06	01:54:01.703	0.58973	0.58975			6
2026.03.06	01:54:05.909	0.58974	0.58976			6
2026.03.06	01:54:08.610	0.58973	0.58975			6
2026.03.06	01:54:25.133	0.58975	0.58977			6
2026.03.06	01:54:47.988	0.58974	0.58976			6
2026.03.06	01:54:48.290	0.58975	0.58977			6
2026.03.06	01:54:59.409	0.58976	0.58978			6
2026.03.06	01:54:59.709	0.58974	0.58976			6
2026.03.06	01:55:00.010	0.58975				2
2026.03.06	01:55:00.310	0.58974				2
2026.03.06	01:55:12.019	0.58975	0.58977			6
2026.03.06	01:55:12.619	0.58974	0.58976			6
2026.03.06	01:55:17.728	0.58973	0.58975			6
2026.03.06	01:55:18.629	0.58972	0.58974			6
2026.03.06	01:55:19.830	0.58973	0.58975			6
2026.03.06	01:55:22.838	0.58974	0.58976			6
2026.03.06	01:55:25.539	0.58972	0.58974			6
2026.03.06	01:55:52.010	0.58973	0.58975			6
2026.03.06	01:55:55.617	0.58972	0.58974			6
2026.03.06	01:55:58.318	0.58974	0.58976			6
2026.03.06	01:56:00.120	0.58974				2
2026.03.06	01:56:06.724	0.58973	0.58975			6
2026.03.06	01:56:16.036	0.58972				2
2026.03.06	01:56:18.137	0.58973				2
2026.03.06	01:56:22.345	0.58972	0.58974			6
2026.03.06	01:56:56.616	0.58973	0.58975			6
2026.03.06	01:57:00.220	0.58973				2
2026.03.06	01:57:12.539	0.58972	0.58974			6
2026.03.06	01:57:15.845	0.58974	0.58976			6
2026.03.06	01:57:34.195	0.58973	0.58974			6
2026.03.06	01:57:34.796	0.58972				2
2026.03.06	01:57:35.998	0.58973	0.58975			6
2026.03.06	01:57:38.402		0.58974			4
2026.03.06	01:57:39.604	0.58972				2
2026.03.06	01:57:50.712	0.58973	0.58975			6
2026.03.06	01:57:51.914	0.58974				2
2026.03.06	01:57:53.716	0.58973				2
2026.03.06	01:57:54.617		0.58974			4
2026.03.06	01:57:57.620	0.58970	0.58971			6
2026.03.06	01:57:57.919	0.58969				2
2026.03.06	01:58:00.026	0.58969				2
2026.03.06	01:58:01.230	0.58970	0.58972			6
2026.03.06	01:58:01.831	0.58969	0.58971			6
2026.03.06	01:58:04.834	0.58968	0.58970			6
2026.03.06	01:58:08.136	0.58969	0.58971			6
2026.03.06	01:58:12.648	0.58968	0.58970			6
2026.03.06	01:58:13.249	0.58966	0.58968			6
2026.03.06	01:58:20.765	0.58965	0.58967			6
2026.03.06	01:58:21.065	0.58964	0.58966			6
2026.03.06	01:58:33.982	0.58965	0.58967			6
2026.03.06	01:58:38.188	0.58966				2
2026.03.06	01:58:41.492		0.58968			4
2026.03.06	01:58:42.393	0.58967	0.58969			6
2026.03.06	01:58:48.699	0.58966	0.58968			6
2026.03.06	01:58:49.900	0.58967	0.58969			6
2026.03.06	01:58:54.105	0.58966	0.58968			6
2026.03.06	01:59:00.110	0.58964	0.58966			6
2026.03.06	01:59:04.316	0.58962	0.58964			6
2026.03.06	01:59:04.615	0.58960	0.58962			6
2026.03.06	01:59:05.215	0.58961	0.58963			6
2026.03.06	01:59:06.717	0.58960	0.58962			6
2026.03.06	01:59:09.117	0.58961	0.58963			6
2026.03.06	01:59:10.018	0.58962	0.58964			6
2026.03.06	01:59:10.920	0.58961	0.58963			6
2026.03.06	01:59:15.736	0.58960	0.58962			6
2026.03.06	01:59:16.939	0.58959	0.58961			6
2026.03.06	01:59:17.238	0.58957	0.58959			6
2026.03.06	01:59:18.442	0.58956	0.58958			6
2026.03.06	01:59:19.646	0.58957	0.58959			6
2026.03.06	01:59:22.052	0.58958	0.58960			6
2026.03.06	01:59:22.955	0.58956	0.58958			6
2026.03.06	01:59:23.554	0.58957	0.58959			6
2026.03.06	01:59:30.772	0.58959	0.58961			6
2026.03.06	01:59:31.977	0.58960	0.58962			6
2026.03.06	01:59:33.480		0.58961			4
2026.03.06	01:59:33.781	0.58956	0.58958			6
2026.03.06	01:59:39.200		0.58957			4
2026.03.06	01:59:39.498	0.58954	0.58956			6
2026.03.06	01:59:39.799	0.58955	0.58957			6
2026.03.06	01:59:49.413	0.58957	0.58959			6
2026.03.06	01:59:55.421	0.58956	0.58958			6
2026.03.06	02:00:00.224	0.58956				2
2026.03.06	02:00:00.827	0.58957	0.58959			6
2026.03.06	02:00:02.927	0.58955	0.58957			6
2026.03.06	02:00:03.528	0.58956	0.58958			6
2026.03.06	02:00:04.130	0.58954	0.58956			6
2026.03.06	02:00:04.428	0.58953	0.58955			6
2026.03.06	02:00:05.029	0.58954				2
2026.03.06	02:00:05.329	0.58956	0.58959			6
2026.03.06	02:00:05.630	0.58958	0.58961			6
2026.03.06	02:00:06.529	0.58959	0.58962			6
2026.03.06	02:00:07.430	0.58958	0.58961			6
2026.03.06	02:00:08.631	0.58957	0.58960			6
2026.03.06	02:00:09.231		0.58958			4
2026.03.06	02:00:09.532	0.58954	0.58957			6
2026.03.06	02:00:10.133	0.58953	0.58956			6
2026.03.06	02:00:10.734	0.58954	0.58957			6
2026.03.06	02:00:13.436	0.58953	0.58956			6
2026.03.06	02:00:14.036	0.58958	0.58961			6
2026.03.06	02:00:14.936	0.58957	0.58960			6
2026.03.06	02:00:15.237	0.58956				2
2026.03.06	02:00:18.237		0.58959			4
2026.03.06	02:00:20.038		0.58960			4
2026.03.06	02:00:20.338	0.58954	0.58958			6
2026.03.06	02:00:20.641	0.58953	0.58957			6
2026.03.06	02:00:23.040	0.58951	0.58955			6
2026.03.06	02:00:23.341	0.58950	0.58954			6
2026.03.06	02:00:23.641	0.58949	0.58952			6
2026.03.06	02:00:23.942	0.58948				2
2026.03.06	02:00:24.241	0.58949				2
2026.03.06	02:00:24.542		0.58953			4
2026.03.06	02:00:25.443	0.58950	0.58954			6
2026.03.06	02:00:29.171	0.58951	0.58955			6
2026.03.06	02:00:30.372	0.58950	0.58954			6
2026.03.06	02:00:30.672	0.58951	0.58955			6
2026.03.06	02:00:31.272	0.58952	0.58956			6
2026.03.06	02:00:33.074	0.58954	0.58958			6
2026.03.06	02:00:33.674	0.58955				2
2026.03.06	02:00:33.975	0.58957	0.58959			6
2026.03.06	02:00:34.274	0.58958	0.58962			6
2026.03.06	02:00:34.574	0.58957	0.58960			6
2026.03.06	02:00:34.874	0.58956				2
2026.03.06	02:00:39.082	0.58953	0.58957			6
2026.03.06	02:00:45.692	0.58952	0.58956			6
2026.03.06	02:00:51.589	0.58953	0.58957			6
2026.03.06	02:00:53.691	0.58955				2
2026.03.06	02:00:53.992	0.58957	0.58961			6
2026.03.06	02:00:55.355	0.58958				2
2026.03.06	02:00:56.561	0.58959	0.58963			6
2026.03.06	02:00:56.861	0.58961	0.58965			6
2026.03.06	02:00:57.161	0.58965	0.58967			6
2026.03.06	02:00:57.461	0.58964				2
2026.03.06	02:00:59.564	0.58963				2
2026.03.06	02:00:59.864	0.58964				2
2026.03.06	02:01:00.163	0.58964				2
2026.03.06	02:01:01.371	0.58967	0.58970			6
2026.03.06	02:01:01.671	0.58968	0.58971			6
2026.03.06	02:01:02.273	0.58970	0.58974			6
2026.03.06	02:01:02.873	0.58971				2
2026.03.06	02:01:03.174		0.58972			4
2026.03.06	02:01:03.473	0.58970	0.58974			6
2026.03.06	02:01:03.773	0.58968	0.58971			6
2026.03.06	02:01:04.373		0.58972			4
2026.03.06	02:01:04.973	0.58970	0.58973			6
2026.03.06	02:01:05.274	0.58969				2
2026.03.06	02:01:05.573	0.58972	0.58975			6
2026.03.06	02:01:05.874		0.58976			4
2026.03.06	02:01:06.173	0.58973	0.58977			6
2026.03.06	02:01:08.275	0.58979	0.58982			6
2026.03.06	02:01:08.575		0.58983			4
2026.03.06	02:01:09.175	0.58975	0.58979			6
2026.03.06	02:01:11.878	0.58973	0.58977			6
2026.03.06	02:01:16.688	0.58972	0.58976			6
2026.03.06	02:01:22.095		0.58975			4
2026.03.06	02:01:22.396		0.58976			4
2026.03.06	02:01:22.996	0.58969	0.58971			6
2026.03.06	02:01:23.297	0.58968	0.58972			6
2026.03.06	02:01:23.899		0.58971			4
2026.03.06	02:01:24.199	0.58967				2
2026.03.06	02:01:24.500	0.58968	0.58972			6
2026.03.06	02:01:24.800		0.58971			4
2026.03.06	02:01:25.101		0.58972			4
2026.03.06	02:01:27.204	0.58970	0.58974			6
2026.03.06	02:01:27.504	0.58971				2
2026.03.06	02:01:27.804	0.58972	0.58976			6
2026.03.06	02:01:28.105	0.58973				2
2026.03.06	02:01:28.406	0.58972				2
2026.03.06	02:01:31.108		0.58975			4
2026.03.06	02:01:34.711	0.58971				2
2026.03.06	02:01:37.113	0.58970	0.58974			6
2026.03.06	02:01:42.353	0.58971	0.58975			6
2026.03.06	02:01:42.953		0.58974			4
2026.03.06	02:01:44.755	0.58970				2
2026.03.06	02:01:47.629	0.58969	0.58973			6
2026.03.06	02:01:54.834	0.58971	0.58974			6
2026.03.06	02:01:55.135	0.58974	0.58978			6
2026.03.06	02:01:55.434	0.58978	0.58981			6
2026.03.06	02:01:55.735		0.58982			4
2026.03.06	02:01:57.537		0.58981			4
2026.03.06	02:01:57.837		0.58982			4
2026.03.06	02:01:58.437		0.58981			4
2026.03.06	02:01:59.341	0.58977	0.58980			6
2026.03.06	02:01:59.638	0.58972	0.58976			6
2026.03.06	02:02:00.243	0.58972	0.58973			6
2026.03.06	02:02:00.541	0.58966	0.58969			6
2026.03.06	02:02:00.841	0.58967	0.58971			6
2026.03.06	02:02:03.544		0.58970			4
2026.03.06	02:02:03.845	0.58966				2
2026.03.06	02:02:05.952	0.58967	0.58971			6
2026.03.06	02:02:07.154	0.58968	0.58972			6
2026.03.06	02:02:07.453	0.58969				2
2026.03.06	02:02:08.056	0.58968				2
2026.03.06	02:02:09.856	0.58966	0.58970			6
2026.03.06	02:02:12.259	0.58967				2
2026.03.06	02:02:12.558		0.58971			4
2026.03.06	02:02:17.051	0.58968				2
2026.03.06	02:02:17.349	0.58967	0.58970			6
2026.03.06	02:02:17.649		0.58971			4
2026.03.06	02:02:19.754		0.58970			4
2026.03.06	02:02:20.053		0.58971			4
2026.03.06	02:02:21.262	0.58969				2
2026.03.06	02:02:21.562	0.58967				2
2026.03.06	02:02:26.368	0.58966	0.58970			6
2026.03.06	02:02:26.670		0.58967			4
2026.03.06	02:02:26.968	0.58963				2
2026.03.06	02:02:30.580	0.58962	0.58966			6
2026.03.06	02:02:30.879	0.58961	0.58965			6
2026.03.06	02:02:33.888	0.58962	0.58966			6
2026.03.06	02:02:34.189	0.58963	0.58967			6
2026.03.06	02:02:42.604	0.58965	0.58969			6
2026.03.06	02:02:44.107	0.58958	0.58960			6
2026.03.06	02:02:44.406	0.58954	0.58958			6
2026.03.06	02:02:48.312	0.58952	0.58955			6
2026.03.06	02:02:48.611	0.58953	0.58956			6
2026.03.06	02:02:49.512		0.58957			4
2026.03.06	02:02:49.812	0.58954	0.58958			6
2026.03.06	02:02:50.113	0.58957	0.58961			6
2026.03.06	02:02:51.595	0.58958				2
2026.03.06	02:02:54.601		0.58962			4
2026.03.06	02:02:58.207	0.58959	0.58963			6
2026.03.06	02:02:59.108	0.58960				2
2026.03.06	02:02:59.709	0.58959				2
2026.03.06	02:03:00.009	0.58959				2
2026.03.06	02:03:01.435	0.58960				2
2026.03.06	02:03:02.337	0.58959				2
2026.03.06	02:03:02.941	0.58962	0.58966			6
2026.03.06	02:03:03.541		0.58965			4
2026.03.06	02:03:04.442		0.58966			4
2026.03.06	02:03:06.884	0.58959	0.58963			6
2026.03.06	02:03:12.593	0.58958	0.58962			6
2026.03.06	02:03:13.192	0.58959				2
2026.03.06	02:03:14.093	0.58958				2
2026.03.06	02:03:15.294	0.58959				2
2026.03.06	02:03:17.096	0.58958				2
2026.03.06	02:03:17.697		0.58961			4
2026.03.06	02:03:17.997	0.58957				2
2026.03.06	02:03:21.522	0.58958	0.58962			6
2026.03.06	02:03:27.230	0.58959				2
2026.03.06	02:03:27.529	0.58958				2
2026.03.06	02:03:28.546	0.58959				2
2026.03.06	02:03:31.557		0.58963			4
2026.03.06	02:03:32.157		0.58962			4
2026.03.06	02:03:34.563	0.58960	0.58964			6
2026.03.06	02:03:38.174	0.58959	0.58963			6
2026.03.06	02:03:39.677		0.58962			4
2026.03.06	02:03:39.978		0.58963			4
2026.03.06	02:03:43.141		0.58962			4
2026.03.06	02:03:51.256		0.58963			4
2026.03.06	02:03:53.960		0.58962			4
2026.03.06	02:03:54.262	0.58958				2
2026.03.06	02:03:54.561	0.58959				2
2026.03.06	02:04:00.277	0.58958	0.58961			6
2026.03.06	02:04:00.578		0.58962			4
2026.03.06	02:04:00.877	0.58959				2
2026.03.06	02:04:01.178	0.58958				2
2026.03.06	02:04:07.184	0.58961	0.58964			6
2026.03.06	02:04:07.484	0.58960				2
2026.03.06	02:04:07.785		0.58963			4
2026.03.06	02:04:08.086		0.58964			4
2026.03.06	02:04:08.386	0.58959	0.58963			6
2026.03.06	02:04:12.587	0.58960	0.58964			6
2026.03.06	02:04:13.188	0.58959	0.58963			6
2026.03.06	02:04:17.696	0.58958	0.58962			6
2026.03.06	02:04:18.596	0.58959				2
2026.03.06	02:04:18.897	0.58960	0.58964			6
2026.03.06	02:04:19.197	0.58962	0.58965			6
2026.03.06	02:04:19.496		0.58966			4
2026.03.06	02:04:24.493	0.58964				2
2026.03.06	02:04:24.790	0.58965	0.58968			6
2026.03.06	02:04:26.894		0.58969			4
2026.03.06	02:04:27.194	0.58971	0.58974			6
2026.03.06	02:04:27.493	0.58970				2
2026.03.06	02:04:29.895	0.58969	0.58973			6
2026.03.06	02:04:30.195		0.58972			4
2026.03.06	02:04:32.004		0.58973			4
2026.03.06	02:04:32.303		0.58972			4
2026.03.06	02:04:33.210	0.58973	0.58975			6
2026.03.06	02:04:33.505		0.58977			4
2026.03.06	02:04:34.406	0.58974				2
2026.03.06	02:04:34.706		0.58978			4
2026.03.06	02:04:36.809	0.58973	0.58977			6
2026.03.06	02:04:38.533	0.58972	0.58976			6
2026.03.06	02:04:41.836		0.58975			4
2026.03.06	02:04:44.241	0.58968	0.58972			6
2026.03.06	02:04:44.541	0.58969	0.58973			6
2026.03.06	02:04:46.043	0.58967	0.58971			6
2026.03.06	02:04:47.305	0.58968				2
2026.03.06	02:04:47.604	0.58967				2
2026.03.06	02:04:49.406		0.58969			4
2026.03.06	02:04:49.706	0.58966				2
2026.03.06	02:04:52.409	0.58967	0.58971			6
2026.03.06	02:04:53.909	0.58968	0.58972			6
2026.03.06	02:04:54.210	0.58969				2
2026.03.06	02:04:54.510	0.58968				2
2026.03.06	02:04:54.809	0.58969	0.58973			6
2026.03.06	02:04:56.011	0.58974	0.58977			6
2026.03.06	02:04:56.311	0.58975	0.58979			6
2026.03.06	02:04:57.214		0.58978			4
2026.03.06	02:04:57.815		0.58979			4
2026.03.06	02:04:58.115	0.58977	0.58981			6
2026.03.06	02:05:00.289	0.58977				2
2026.03.06	02:05:03.381		0.58980			4
2026.03.06	02:05:03.983		0.58981			4
2026.03.06	02:05:09.311	0.58974	0.58977			6
2026.03.06	02:05:09.611	0.58973	0.58976			6
2026.03.06	02:05:09.911		0.58977			4
2026.03.06	02:05:10.512	0.58977	0.58980			6
2026.03.06	02:05:10.812		0.58981			4
2026.03.06	02:05:11.713	0.58979	0.58982			6
2026.03.06	02:05:12.013	0.58978				2
2026.03.06	02:05:13.814	0.58979	0.58983			6
2026.03.06	02:05:18.623	0.58981	0.58984			6
2026.03.06	02:05:20.723	0.58980				2
2026.03.06	02:05:21.537	0.58981				2
2026.03.06	02:05:21.838	0.58980				2
2026.03.06	02:05:23.761		0.58983			4
2026.03.06	02:05:24.061		0.58984			4
2026.03.06	02:05:26.767		0.58983			4
2026.03.06	02:05:28.876		0.58982			4
2026.03.06	02:05:29.176	0.58977	0.58981			6
2026.03.06	02:05:29.477	0.58978	0.58982			6
2026.03.06	02:05:29.779		0.58981			4
2026.03.06	02:05:30.081		0.58982			4
2026.03.06	02:05:33.090	0.58977	0.58981			6
2026.03.06	02:05:39.536	0.58976	0.58980			6
2026.03.06	02:05:45.099	0.58977	0.58981			6
2026.03.06	02:05:51.409	0.58976	0.58979			6
2026.03.06	02:05:51.707	0.58975				2
2026.03.06	02:05:54.694	0.58977	0.58981			6
2026.03.06	02:05:56.495	0.58976	0.58980			6
2026.03.06	02:05:56.795	0.58975	0.58979			6
2026.03.06	02:06:00.101	0.58975				2
2026.03.06	02:06:01.604	0.58977	0.58980			6
2026.03.06	02:06:01.903		0.58981			4
2026.03.06	02:06:02.203	0.58981	0.58982			6
2026.03.06	02:06:02.503	0.58983	0.58987			6
2026.03.06	02:06:04.603	0.58982	0.58986			6
2026.03.06	02:06:06.104	0.58984	0.58988			6
2026.03.06	02:06:06.713	0.58988	0.58990			6
2026.03.06	02:06:07.006	0.58989	0.58993			6
2026.03.06	02:06:07.310	0.58988	0.58992			6
2026.03.06	02:06:09.412	0.58989				2
2026.03.06	02:06:09.710		0.58993			4
2026.03.06	02:06:10.309	0.58991	0.58995			6
2026.03.06	02:06:11.512		0.58994			4
2026.03.06	02:06:14.517		0.58995			4
2026.03.06	02:06:17.523	0.58992	0.58996			6
2026.03.06	02:06:18.723	0.58991	0.58995			6
2026.03.06	02:06:22.929	0.58990	0.58994			6
2026.03.06	02:06:24.731	0.58991	0.58995			6
2026.03.06	02:06:25.630		0.58994			4
2026.03.06	02:06:27.136		0.58995			4
2026.03.06	02:06:28.036	0.58992				2
2026.03.06	02:06:28.337	0.58991				2
2026.03.06	02:06:28.637	0.58992				2
2026.03.06	02:06:31.042	0.58993	0.58997			6
2026.03.06	02:06:34.650	0.58994	0.58998			6
2026.03.06	02:06:34.950	0.58993	0.58997			6
2026.03.06	02:06:52.974	0.58994	0.58998			6
2026.03.06	02:06:55.679	0.58993	0.58997			6
2026.03.06	02:06:55.979	0.58994	0.58998			6
2026.03.06	02:06:56.282	0.58997				2
2026.03.06	02:06:56.581	0.58998	0.59002			6
2026.03.06	02:07:00.192	0.58998				2
2026.03.06	02:07:01.395	0.58997	0.59001			6
2026.03.06	02:07:02.598	0.58994	0.58998			6
2026.03.06	02:07:02.898	0.58993	0.58997			6
2026.03.06	02:07:03.498	0.58992	0.58996			6
2026.03.06	02:07:03.798	0.58991	0.58995			6
2026.03.06	02:07:06.501	0.58992				2
2026.03.06	02:07:06.803		0.58996			4
2026.03.06	02:07:10.557		0.58995			4
2026.03.06	02:07:11.157		0.58996			4
2026.03.06	02:07:17.165	0.58991	0.58995			6
2026.03.06	02:07:19.569	0.58992	0.58996			6
2026.03.06	02:07:19.872	0.58993	0.58997			6
2026.03.06	02:07:20.472	0.58992	0.58996			6
2026.03.06	02:07:24.980	0.58993	0.58997			6
2026.03.06	02:07:28.288	0.58992	0.58996			6
2026.03.06	02:07:30.392	0.58993	0.58997			6
2026.03.06	02:07:37.305	0.58992	0.58996			6
2026.03.06	02:07:38.505	0.58993	0.58997			6
2026.03.06	02:07:40.009		0.58996			4
2026.03.06	02:07:40.609		0.58997			4
2026.03.06	02:07:49.916	0.58994				2
2026.03.06	02:07:50.216		0.58998			4
2026.03.06	02:07:51.418		0.58997			4
2026.03.06	02:07:54.720		0.58998			4
2026.03.06	02:07:55.021	0.58993	0.58997			6
2026.03.06	02:07:55.322	0.58994				2
2026.03.06	02:07:55.621	0.58993				2
2026.03.06	02:07:55.921	0.58994	0.58998			6
2026.03.06	02:08:00.125	0.58994				2
2026.03.06	02:08:01.025	0.58995				2
2026.03.06	02:08:01.327	0.58994				2
2026.03.06	02:08:01.928	0.58996				2
2026.03.06	02:08:02.228	0.58995	0.58999			6
2026.03.06	02:08:12.662	0.58996				2
2026.03.06	02:08:17.469	0.58995				2
2026.03.06	02:08:17.770	0.58993	0.58997			6
2026.03.06	02:08:26.178	0.58994				2
2026.03.06	02:08:29.181	0.58993				2
2026.03.06	02:08:29.483	0.58994				2
2026.03.06	02:08:40.605	0.58993				2
2026.03.06	02:08:42.409	0.58997	0.59001			6
2026.03.06	02:08:42.708	0.58996	0.59000			6
2026.03.06	02:08:51.416	0.58997				2
2026.03.06	02:08:51.717	0.58996				2
2026.03.06	02:08:52.616		0.58999			4
2026.03.06	02:08:55.619		0.59000			4
2026.03.06	02:08:55.919	0.58997	0.59001			6
2026.03.06	02:08:56.219	0.58998	0.59002			6
2026.03.06	02:08:56.519	0.58997	0.59001			6
2026.03.06	02:08:58.923	0.58998	0.59002			6
2026.03.06	02:09:00.124	0.58998				2
2026.03.06	02:09:00.724	0.58997	0.59001			6
2026.03.06	02:09:05.530	0.58996	0.59000			6
2026.03.06	02:09:07.523	0.58997				2
2026.03.06	02:09:07.823		0.59001			4
2026.03.06	02:09:12.929	0.58996	0.59000			6
2026.03.06	02:09:16.688	0.58997	0.59001			6
2026.03.06	02:09:17.589	0.58996	0.59000			6
2026.03.06	02:09:23.000	0.58999	0.59001			6
2026.03.06	02:09:23.300		0.59003			4
2026.03.06	02:09:23.600	0.59002	0.59006			6
2026.03.06	02:09:24.458	0.59001	0.59005			6
2026.03.06	02:09:26.865	0.59000	0.59004			6
2026.03.06	02:09:30.472	0.59001				2
2026.03.06	02:09:32.277	0.59000				2
2026.03.06	02:09:33.207	0.59001				2
2026.03.06	02:09:34.409	0.59000				2
2026.03.06	02:09:58.733	0.58999	0.59003			6
2026.03.06	02:09:59.033	0.59000	0.59004			6
2026.03.06	02:10:00.236	0.59000				2
2026.03.06	02:10:00.537	0.58998	0.59002			6
2026.03.06	02:10:01.136	0.58999				2
2026.03.06	02:10:01.436	0.58998				2
2026.03.06	02:10:02.036	0.58999				2
2026.03.06	02:10:02.339	0.59003	0.59006			6
2026.03.06	02:10:02.640	0.59002				2
2026.03.06	02:10:04.382	0.59003	0.59007			6
2026.03.06	02:10:15.496		0.59006			4
2026.03.06	02:10:15.795	0.59001	0.59005			6
2026.03.06	02:10:16.092	0.59000	0.59004			6
2026.03.06	02:10:16.395		0.59003			4
2026.03.06	02:10:16.691	0.58998	0.59002			6
2026.03.06	02:10:16.992		0.59001			4
2026.03.06	02:10:17.591	0.58996	0.59000			6
2026.03.06	02:10:26.626		0.58999			4
2026.03.06	02:10:30.314		0.59000			4
2026.03.06	02:10:30.613		0.58999			4
2026.03.06	02:10:32.715		0.59000			4
2026.03.06	02:10:34.652		0.58999			4
2026.03.06	02:10:34.951		0.59000			4
2026.03.06	02:10:35.252		0.58999			4
2026.03.06	02:10:36.808		0.58998			4
2026.03.06	02:10:37.109	0.58992	0.58996			6
2026.03.06	02:10:39.809	0.58993	0.58997			6
2026.03.06	02:10:40.110	0.58992	0.58996			6
2026.03.06	02:10:40.410	0.58993	0.58997			6
2026.03.06	02:10:42.814	0.58994	0.58998			6
2026.03.06	02:10:43.414	0.58993	0.58997			6
2026.03.06	02:10:44.015	0.58994	0.58998			6
2026.03.06	02:10:57.095	0.58997	0.59001			6
2026.03.06	02:10:57.395	0.58998	0.59002			6
2026.03.06	02:11:00.100	0.58998				2
2026.03.06	02:11:00.401	0.58999				2
2026.03.06	02:11:01.301	0.59001	0.59004			6
2026.03.06	02:11:01.602		0.59005			4
2026.03.06	02:11:01.902		0.59004			4
2026.03.06	02:11:03.405	0.59002	0.59006			6
2026.03.06	02:11:09.411	0.59003	0.59007			6
2026.03.06	02:11:09.711	0.59002	0.59006			6
2026.03.06	02:11:13.016		0.59005			4
2026.03.06	02:11:17.820		0.59006			4
2026.03.06	02:11:19.323		0.59005			4
2026.03.06	02:11:20.830	0.59003	0.59006			6
2026.03.06	02:11:21.131	0.59002	0.59005			6
2026.03.06	02:11:31.346	0.59003	0.59006			6
2026.03.06	02:11:35.552		0.59005			4
2026.03.06	02:11:40.659		0.59006			4
2026.03.06	02:11:42.765		0.59005			4
2026.03.06	02:11:49.974		0.59006			4
2026.03.06	02:11:50.879		0.59005			4
2026.03.06	02:11:51.785	0.59004	0.59006			6
2026.03.06	02:11:52.382		0.59007			4
2026.03.06	02:11:53.583		0.59006			4
2026.03.06	02:11:54.484		0.59007			4
2026.03.06	02:11:55.685		0.59006			4
2026.03.06	02:11:59.889	0.59003	0.59005			6
2026.03.06	02:12:00.189	0.59003				2
2026.03.06	02:12:09.501	0.59004				2
2026.03.06	02:12:09.802		0.59006			4
2026.03.06	02:12:10.102		0.59005			4
2026.03.06	02:12:11.609	0.59003				2
2026.03.06	02:12:20.324	0.59002				2
2026.03.06	02:12:20.625	0.59003				2
2026.03.06	02:12:21.527	0.59001	0.59004			6
2026.03.06	02:12:22.126	0.59002	0.59005			6
2026.03.06	02:12:26.333	0.59000	0.59002			6
2026.03.06	02:12:26.633	0.59001	0.59003			6
2026.03.06	02:12:26.933		0.59004			4
2026.03.06	02:12:27.682		0.59003			4
2026.03.06	02:12:28.590	0.58999	0.59001			6
2026.03.06	02:12:30.091		0.59002			4
2026.03.06	02:12:30.691	0.59002	0.59005			6
2026.03.06	02:12:36.729	0.59003	0.59006			6
2026.03.06	02:12:38.231	0.59004	0.59007			6
2026.03.06	02:12:41.795	0.59007	0.59010			6
2026.03.06	02:12:43.903	0.59008				2
2026.03.06	02:12:44.503		0.59011			4
2026.03.06	02:12:46.006	0.59012	0.59015			6
2026.03.06	02:12:47.509		0.59014			4
2026.03.06	02:12:48.409		0.59015			4
2026.03.06	02:12:49.111		0.59014			4
2026.03.06	02:12:49.411		0.59015			4
2026.03.06	02:12:50.671		0.59014			4
2026.03.06	02:12:52.774		0.59015			4
2026.03.06	02:12:54.710	0.59019	0.59022			6
2026.03.06	02:12:55.611	0.59016	0.59019			6
2026.03.06	02:13:00.114	0.59016				2
2026.03.06	02:13:05.219	0.59015	0.59018			6
2026.03.06	02:13:05.518	0.59016	0.59019			6
2026.03.06	02:13:10.324	0.59014	0.59017			6
2026.03.06	02:13:17.243		0.59016			4
2026.03.06	02:13:17.544		0.59017			4
2026.03.06	02:13:30.186	0.59013	0.59016			6
2026.03.06	02:13:35.567	0.59014	0.59017			6
2026.03.06	02:13:39.477	0.59013	0.59016			6
2026.03.06	02:13:49.004	0.59014	0.59017			6
2026.03.06	02:13:55.911	0.59013	0.59016			6
2026.03.06	02:14:00.508	0.59013				2
2026.03.06	02:14:02.473	0.59014	0.59017			6
2026.03.06	02:14:05.175	0.59018	0.59020			6
2026.03.06	02:14:05.476	0.59019	0.59022			6
2026.03.06	02:14:10.182	0.59020				2
2026.03.06	02:14:11.082	0.59019				2
2026.03.06	02:14:11.685	0.59022	0.59025			6
2026.03.06	02:14:14.995	0.59024	0.59027			6
2026.03.06	02:14:16.196	0.59023	0.59026			6
2026.03.06	02:14:16.797	0.59025	0.59028			6
2026.03.06	02:14:21.003	0.59028	0.59030			6
2026.03.06	02:14:21.308		0.59031			4
2026.03.06	02:14:21.598	0.59029	0.59032			6
2026.03.06	02:14:22.200	0.59028	0.59031			6
2026.03.06	02:14:23.104	0.59029	0.59032			6
2026.03.06	02:14:29.737	0.59030	0.59033			6
2026.03.06	02:14:34.254	0.59035	0.59036			6
2026.03.06	02:14:34.555	0.59034	0.59037			6
2026.03.06	02:14:37.891	0.59033	0.59035			6
2026.03.06	02:14:39.092		0.59036			4
2026.03.06	02:14:46.189		0.59035			4
2026.03.06	02:14:47.695	0.59032				2
2026.03.06	02:14:47.995	0.59031	0.59034			6
2026.03.06	02:14:56.406		0.59033			4
2026.03.06	02:14:56.706	0.59029	0.59032			6
2026.03.06	02:15:00.006	0.59029				2
2026.03.06	02:15:00.308		0.59030			4
2026.03.06	02:15:00.606	0.59027	0.59029			6
2026.03.06	02:15:01.508	0.59029	0.59032			6
2026.03.06	02:15:02.109		0.59031			4
2026.03.06	02:15:02.709	0.59025	0.59028			6
2026.03.06	02:15:03.011	0.59023	0.59026			6
2026.03.06	02:15:04.211	0.59019	0.59021			6
2026.03.06	02:15:04.811		0.59022			4
2026.03.06	02:15:11.153		0.59021			4
2026.03.06	02:15:19.862		0.59022			4
2026.03.06	02:15:25.871	0.59024	0.59027			6
2026.03.06	02:15:26.171	0.59023	0.59026			6
2026.03.06	02:15:26.772	0.59024	0.59027			6
2026.03.06	02:15:39.558	0.59023	0.59026			6
2026.03.06	02:15:40.458	0.59022	0.59025			6
2026.03.06	02:15:40.758	0.59023	0.59026			6
2026.03.06	02:15:50.380	0.59021	0.59022			6
2026.03.06	02:15:50.680	0.59018	0.59021			6
2026.03.06	02:15:52.481	0.59019	0.59022			6
2026.03.06	02:15:56.093	0.59018	0.59021			6
2026.03.06	02:15:57.594	0.59019	0.59022			6
2026.03.06	02:15:59.995	0.59023	0.59024			6
2026.03.06	02:16:00.295	0.59023	0.59026			6
2026.03.06	02:16:00.596	0.59021	0.59024			6
2026.03.06	02:16:02.098	0.59020	0.59023			6
2026.03.06	02:16:02.400	0.59021	0.59024			6
2026.03.06	02:16:03.304	0.59020	0.59023			6
2026.03.06	02:16:05.405	0.59021	0.59024			6
2026.03.06	02:16:06.909	0.59023	0.59026			6
2026.03.06	02:16:12.914	0.59021	0.59024			6
2026.03.06	02:16:13.213	0.59022	0.59025			6
2026.03.06	02:16:18.318	0.59021	0.59024			6
2026.03.06	02:16:18.919	0.59022	0.59025			6
2026.03.06	02:16:19.220	0.59021	0.59024			6
2026.03.06	02:16:19.520	0.59022	0.59025			6
2026.03.06	02:16:20.122	0.59021	0.59024			6
2026.03.06	02:16:20.422	0.59022	0.59025			6
2026.03.06	02:16:20.722		0.59024			4
2026.03.06	02:16:21.022	0.59024	0.59027			6
2026.03.06	02:16:27.029	0.59023	0.59026			6
2026.03.06	02:16:28.529	0.59024	0.59027			6
2026.03.06	02:16:29.130	0.59028	0.59030			6
2026.03.06	02:16:29.430	0.59029	0.59031			6
2026.03.06	02:16:29.730		0.59032			4
2026.03.06	02:16:32.132		0.59031			4
2026.03.06	02:16:32.433	0.59030	0.59032			6
2026.03.06	02:16:32.733	0.59034	0.59036			6
2026.03.06	02:16:33.033	0.59035	0.59037			6
2026.03.06	02:16:33.634	0.59034	0.59036			6
2026.03.06	02:16:33.934	0.59035	0.59037			6
2026.03.06	02:16:34.234	0.59034	0.59036			6
2026.03.06	02:16:34.535	0.59035	0.59037			6
2026.03.06	02:16:34.835	0.59034	0.59036			6
2026.03.06	02:16:35.136	0.59035	0.59037			6
2026.03.06	02:16:35.435	0.59034	0.59036			6
2026.03.06	02:16:35.736	0.59035	0.59037			6
2026.03.06	02:16:36.036	0.59034				2
2026.03.06	02:16:37.236	0.59032	0.59035			6
2026.03.06	02:16:37.537	0.59033	0.59036			6
2026.03.06	02:16:39.339	0.59032	0.59035			6
2026.03.06	02:16:40.542	0.59033	0.59036			6
2026.03.06	02:16:42.345	0.59034	0.59037			6
2026.03.06	02:16:42.946	0.59033	0.59036			6
2026.03.06	02:16:43.249	0.59034	0.59037			6
2026.03.06	02:16:44.149	0.59033	0.59036			6
2026.03.06	02:16:48.058	0.59034	0.59037			6
2026.03.06	02:16:55.276	0.59036	0.59038			6
2026.03.06	02:16:55.577		0.59039			4
2026.03.06	02:16:57.982	0.59038	0.59041			6
2026.03.06	02:16:58.885	0.59036	0.59039			6
2026.03.06	02:16:59.185	0.59035	0.59038			6
2026.03.06	02:16:59.485	0.59034	0.59037			6
2026.03.06	02:17:00.086	0.59033	0.59036			6
2026.03.06	02:17:03.992	0.59031	0.59034			6
2026.03.06	02:17:06.697	0.59030	0.59033			6
2026.03.06	02:17:13.007	0.59031	0.59034			6
2026.03.06	02:17:13.910	0.59030	0.59033			6
2026.03.06	02:17:15.109		0.59032			4
2026.03.06	02:17:15.410	0.59031	0.59034			6
2026.03.06	02:17:17.211	0.59030	0.59033			6
2026.03.06	02:17:18.112	0.59031	0.59034			6
2026.03.06	02:17:19.012	0.59033	0.59035			6
2026.03.06	02:17:19.312	0.59032				2
2026.03.06	02:17:20.214	0.59033				2
2026.03.06	02:17:20.514		0.59036			4
2026.03.06	02:17:41.537		0.59035			4
2026.03.06	02:17:41.836	0.59030	0.59033			6
2026.03.06	02:17:43.941		0.59032			4
2026.03.06	02:17:44.241	0.59029				2
2026.03.06	02:17:44.544	0.59030	0.59033			6
2026.03.06	02:17:45.148	0.59032				2
2026.03.06	02:17:45.446	0.59033	0.59036			6
2026.03.06	02:17:46.049	0.59034	0.59037			6
2026.03.06	02:17:46.349	0.59035	0.59038			6
2026.03.06	02:17:46.649	0.59034	0.59037			6
2026.03.06	02:17:46.949	0.59036	0.59039			6
2026.03.06	02:17:48.450	0.59038	0.59041			6
2026.03.06	02:17:50.855	0.59036	0.59039			6
2026.03.06	02:17:54.161	0.59037	0.59040			6
2026.03.06	02:17:54.462		0.59039			4
2026.03.06	02:17:54.762		0.59040			4
2026.03.06	02:17:55.665	0.59039	0.59042			6
2026.03.06	02:17:57.166	0.59038	0.59041			6
2026.03.06	02:18:00.171	0.59038				2
2026.03.06	02:18:01.073	0.59037	0.59040			6
2026.03.06	02:18:01.372	0.59038	0.59041			6
2026.03.06	02:18:02.276	0.59039	0.59042			6
2026.03.06	02:18:02.576	0.59038	0.59041			6
2026.03.06	02:18:04.377	0.59039	0.59042			6
2026.03.06	02:18:09.788	0.59038	0.59041			6
2026.03.06	02:18:10.088	0.59039	0.59042			6
2026.03.06	02:18:13.394	0.59043	0.59046			6
2026.03.06	02:18:13.694	0.59044	0.59047			6
2026.03.06	02:18:15.195	0.59045	0.59048			6
2026.03.06	02:18:15.495	0.59043	0.59046			6
2026.03.06	02:18:15.795	0.59044	0.59047			6
2026.03.06	02:18:16.997	0.59045	0.59048			6
2026.03.06	02:18:20.604	0.59046	0.59049			6
2026.03.06	02:18:21.505	0.59045	0.59048			6
2026.03.06	02:18:26.311	0.59046				2
2026.03.06	02:18:27.212	0.59045				2
2026.03.06	02:18:33.218	0.59044	0.59047			6
2026.03.06	02:18:33.818	0.59045	0.59048			6
2026.03.06	02:18:34.118	0.59044	0.59047			6
2026.03.06	02:18:35.620	0.59043	0.59046			6
2026.03.06	02:18:37.422	0.59041	0.59044			6
2026.03.06	02:18:37.720	0.59040	0.59043			6
2026.03.06	02:18:38.022	0.59039	0.59042			6
2026.03.06	02:18:41.028	0.59040				2
2026.03.06	02:18:41.329	0.59041	0.59044			6
2026.03.06	02:18:42.231	0.59042	0.59045			6
2026.03.06	02:18:44.334	0.59043	0.59046			6
2026.03.06	02:18:47.038	0.59044	0.59047			6
2026.03.06	02:18:48.840	0.59047	0.59049			6
2026.03.06	02:18:49.140	0.59048	0.59051			6
2026.03.06	02:18:50.043	0.59046	0.59047			6
2026.03.06	02:18:50.342	0.59044				2
2026.03.06	02:18:50.943	0.59043	0.59046			6
2026.03.06	02:18:52.144	0.59044	0.59047			6
2026.03.06	02:18:52.744	0.59043	0.59046			6
2026.03.06	02:19:00.255	0.59043				2
2026.03.06	02:19:00.856	0.59042	0.59045			6
2026.03.06	02:19:01.158	0.59043	0.59046			6
2026.03.06	02:19:22.806	0.59044				2
2026.03.06	02:19:30.614	0.59040	0.59043			6
2026.03.06	02:19:30.914		0.59042			4
2026.03.06	02:19:31.515	0.59041				2
2026.03.06	02:19:33.317	0.59040	0.59043			6
2026.03.06	02:19:33.617		0.59042			4
2026.03.06	02:19:33.917		0.59043			4
2026.03.06	02:19:34.218	0.59041				2
2026.03.06	02:19:36.321	0.59044	0.59046			6
2026.03.06	02:19:48.033	0.59042	0.59045			6
2026.03.06	02:19:48.334	0.59043	0.59046			6
2026.03.06	02:19:55.253	0.59044				2
2026.03.06	02:19:57.057		0.59047			4
2026.03.06	02:20:00.086	0.59044				2
2026.03.06	02:20:00.687	0.59045				2
2026.03.06	02:20:00.986	0.59044				2
2026.03.06	02:20:01.285	0.59045	0.59048			6
2026.03.06	02:20:02.187	0.59044	0.59047			6
2026.03.06	02:20:04.289	0.59045	0.59048			6
2026.03.06	02:20:06.090	0.59046	0.59049			6
2026.03.06	02:20:06.390	0.59044	0.59047			6
2026.03.06	02:20:07.167	0.59046	0.59048			6
2026.03.06	02:20:07.467	0.59045	0.59047			6
2026.03.06	02:20:07.766	0.59044				2
2026.03.06	02:20:09.142	0.59045	0.59048			6
2026.03.06	02:20:09.441	0.59044	0.59047			6
2026.03.06	02:20:13.048	0.59046	0.59049			6
2026.03.06	02:20:13.650	0.59048	0.59051			6
2026.03.06	02:20:13.949	0.59050	0.59053			6
2026.03.06	02:20:14.551		0.59052			4
2026.03.06	02:20:14.852	0.59049				2
2026.03.06	02:20:17.257	0.59048	0.59051			6
2026.03.06	02:20:18.159	0.59045	0.59048			6
2026.03.06	02:20:18.460		0.59047			4
2026.03.06	02:20:18.761		0.59048			4
2026.03.06	02:20:19.661		0.59047			4
2026.03.06	02:20:20.563		0.59048			4
2026.03.06	02:20:21.165		0.59047			4
2026.03.06	02:20:23.266		0.59048			4
2026.03.06	02:20:23.866	0.59046	0.59049			6
2026.03.06	02:20:24.167	0.59045	0.59048			6
2026.03.06	02:20:24.468	0.59046	0.59049			6
2026.03.06	02:20:25.668	0.59047	0.59050			6
2026.03.06	02:20:25.969	0.59046	0.59049			6
2026.03.06	02:20:27.171	0.59047	0.59050			6
2026.03.06	02:20:27.771	0.59046	0.59049			6
2026.03.06	02:20:29.875	0.59045	0.59048			6
2026.03.06	02:20:31.078	0.59043	0.59046			6
2026.03.06	02:20:31.378	0.59044	0.59047			6
2026.03.06	02:20:31.679	0.59045	0.59048			6
2026.03.06	02:20:32.279	0.59046	0.59049			6
2026.03.06	02:20:32.580	0.59045	0.59048			6
2026.03.06	02:20:35.283	0.59046	0.59049			6
2026.03.06	02:20:37.688	0.59045	0.59048			6
2026.03.06	02:20:40.093	0.59046	0.59049			6
2026.03.06	02:20:40.394	0.59043	0.59046			6
2026.03.06	02:20:40.995	0.59044	0.59047			6
2026.03.06	02:20:42.495	0.59043	0.59046			6
2026.03.06	02:20:48.806	0.59045	0.59048			6
2026.03.06	02:20:53.310	0.59043	0.59046			6
2026.03.06	02:20:54.212	0.59042	0.59045			6
2026.03.06	02:20:54.512	0.59041	0.59043			6
2026.03.06	02:20:56.013		0.59044			4
2026.03.06	02:20:57.815	0.59043	0.59046			6
2026.03.06	02:21:00.218	0.59043				2
2026.03.06	02:21:01.720	0.59044	0.59047			6
2026.03.06	02:21:02.320	0.59045	0.59048			6
2026.03.06	02:21:03.221	0.59046	0.59049			6
2026.03.06	02:21:08.332	0.59045	0.59048			6
2026.03.06	02:21:08.934	0.59046	0.59049			6
2026.03.06	02:21:09.533	0.59047				2
2026.03.06	02:21:09.834		0.59050			4
2026.03.06	02:21:18.248	0.59048	0.59051			6
2026.03.06	02:21:19.149	0.59047	0.59050			6
2026.03.06	02:21:23.357	0.59048	0.59051			6
2026.03.06	02:21:25.163	0.59050	0.59053			6
