<DATE>	<TIME>	<BID>	<ASK>	<LAST>	<VOLUME>	<FLAGS>
2026.05.19	00:03:30.932	0.58737	0.58764			6
2026.05.19	00:04:00.152	0.58737				2
2026.05.19	00:04:31.169		0.58764			4
2026.05.19	00:05:00.077	0.58737				2
2026.05.19	00:05:31.381		0.58764			4
2026.05.19	00:06:00.278	0.58737				2
2026.05.19	00:06:31.592		0.58764			4
2026.05.19	00:07:00.201	0.58737				2
2026.05.19	00:07:31.821		0.58764			4
2026.05.19	00:08:00.142	0.58737				2
2026.05.19	00:08:32.057		0.58764			4
2026.05.19	00:09:00.063	0.58737				2
2026.05.19	00:09:32.282		0.58764			4
2026.05.19	00:10:00.293	0.58737				2
2026.05.19	00:10:15.345	0.58687	0.58758			6
2026.05.19	00:10:16.550	0.58694				2
2026.05.19	00:11:00.174	0.58694				2
2026.05.19	00:11:15.535		0.58758			4
2026.05.19	00:11:15.838	0.58687				2
2026.05.19	00:11:17.644	0.58696				2
2026.05.19	00:12:00.073	0.58696				2
2026.05.19	00:12:15.734		0.58758			4
2026.05.19	00:12:17.844	0.58697				2
2026.05.19	00:12:47.637	0.58690				2
2026.05.19	00:12:48.538	0.58698				2
2026.05.19	00:12:48.838	0.58690				2
2026.05.19	00:12:49.442	0.58696				2
2026.05.19	00:12:50.344	0.58706				2
2026.05.19	00:13:00.282	0.58706				2
2026.05.19	00:13:08.399	0.58702				2
2026.05.19	00:13:09.302	0.58709				2
2026.05.19	00:13:15.919		0.58758			4
2026.05.19	00:14:00.182	0.58709				2
2026.05.19	00:14:16.136		0.58758			4
2026.05.19	00:15:00.084	0.58709				2
2026.05.19	00:15:16.331		0.58758			4
2026.05.19	00:16:00.009	0.58709				2
2026.05.19	00:16:16.573		0.58758			4
2026.05.19	00:16:26.801	0.58731				2
2026.05.19	00:16:27.101	0.58725				2
2026.05.19	00:16:28.006	0.58727				2
2026.05.19	00:16:33.136	0.58729				2
2026.05.19	00:16:43.064	0.58715				2
2026.05.19	00:16:43.364	0.58710				2
2026.05.19	00:16:44.567	0.58714				2
2026.05.19	00:16:44.868	0.58710				2
2026.05.19	00:16:45.769	0.58714				2
2026.05.19	00:16:46.068	0.58710				2
2026.05.19	00:16:47.269	0.58714				2
2026.05.19	00:16:47.571	0.58710				2
2026.05.19	00:16:48.472	0.58714				2
2026.05.19	00:16:48.773	0.58710				2
2026.05.19	00:16:49.975	0.58714				2
2026.05.19	00:16:50.275	0.58710				2
2026.05.19	00:16:51.179	0.58714				2
2026.05.19	00:16:51.480	0.58710				2
2026.05.19	00:16:52.684	0.58714				2
2026.05.19	00:16:52.984	0.58710				2
2026.05.19	00:16:53.888	0.58714				2
2026.05.19	00:16:54.188	0.58710				2
2026.05.19	00:16:55.390	0.58714				2
2026.05.19	00:16:55.693	0.58710				2
2026.05.19	00:16:56.595	0.58714				2
2026.05.19	00:16:56.896	0.58710				2
2026.05.19	00:16:58.096	0.58714				2
2026.05.19	00:16:58.399	0.58710				2
2026.05.19	00:16:59.303	0.58714				2
2026.05.19	00:16:59.602	0.58710				2
2026.05.19	00:17:00.206	0.58710				2
2026.05.19	00:17:00.805	0.58714				2
2026.05.19	00:17:01.107	0.58710				2
2026.05.19	00:17:02.012	0.58714				2
2026.05.19	00:17:02.316	0.58710				2
2026.05.19	00:17:03.219	0.58716				2
2026.05.19	00:17:06.231	0.58722				2
2026.05.19	00:17:06.536	0.58710				2
2026.05.19	00:17:07.438	0.58714				2
2026.05.19	00:17:07.738	0.58710				2
2026.05.19	00:17:08.340	0.58714				2
2026.05.19	00:17:08.943	0.58710				2
2026.05.19	00:17:10.145	0.58714				2
2026.05.19	00:17:10.447	0.58710				2
2026.05.19	00:17:11.648	0.58716				2
2026.05.19	00:17:11.951	0.58710				2
2026.05.19	00:17:12.854	0.58716				2
2026.05.19	00:17:13.457	0.58710				2
2026.05.19	00:17:14.361	0.58714				2
2026.05.19	00:17:14.661	0.58710				2
2026.05.19	00:17:15.862	0.58718				2
2026.05.19	00:17:16.764		0.58758			4
2026.05.19	00:17:33.907	0.58710				2
2026.05.19	00:17:34.807	0.58721				2
2026.05.19	00:17:35.107	0.58710				2
2026.05.19	00:17:36.015	0.58714				2
2026.05.19	00:17:36.614	0.58710				2
2026.05.19	00:17:37.520	0.58721				2
2026.05.19	00:17:37.819	0.58710				2
2026.05.19	00:17:38.725	0.58714				2
2026.05.19	00:17:39.027	0.58710				2
2026.05.19	00:17:40.231	0.58721				2
2026.05.19	00:17:40.530	0.58710				2
2026.05.19	00:17:41.437	0.58714				2
2026.05.19	00:17:41.737	0.58710				2
2026.05.19	00:17:42.940	0.58721				2
2026.05.19	00:17:43.241	0.58710				2
2026.05.19	00:17:44.149	0.58714				2
2026.05.19	00:17:44.450	0.58710				2
2026.05.19	00:17:45.651	0.58718				2
2026.05.19	00:17:45.956	0.58710				2
2026.05.19	00:17:46.555	0.58714				2
2026.05.19	00:17:47.156	0.58710				2
2026.05.19	00:17:48.360	0.58714				2
2026.05.19	00:17:48.661	0.58710				2
2026.05.19	00:17:51.068	0.58714				2
2026.05.19	00:17:51.373	0.58710				2
2026.05.19	00:17:53.479	0.58714				2
2026.05.19	00:17:54.080	0.58710				2
2026.05.19	00:17:56.183	0.58714				2
2026.05.19	00:17:56.783	0.58710				2
2026.05.19	00:17:58.896	0.58714				2
2026.05.19	00:17:59.497	0.58710				2
2026.05.19	00:18:00.099	0.58710				2
2026.05.19	00:18:01.603	0.58714				2
2026.05.19	00:18:02.204	0.58710				2
2026.05.19	00:18:04.320	0.58714				2
2026.05.19	00:18:04.927	0.58710				2
2026.05.19	00:18:05.828	0.58721				2
2026.05.19	00:18:06.128	0.58710				2
2026.05.19	00:18:07.035	0.58714				2
2026.05.19	00:18:07.637	0.58710				2
2026.05.19	00:18:08.538	0.58721				2
2026.05.19	00:18:08.839	0.58710				2
2026.05.19	00:18:09.745	0.58714				2
2026.05.19	00:18:10.347	0.58710				2
2026.05.19	00:18:11.250	0.58721				2
2026.05.19	00:18:11.551	0.58710				2
2026.05.19	00:18:12.455	0.58714				2
2026.05.19	00:18:13.056	0.58710				2
2026.05.19	00:18:13.957	0.58716				2
2026.05.19	00:18:14.259	0.58710				2
2026.05.19	00:18:16.965		0.58758			4
2026.05.19	00:18:19.367	0.58716				2
2026.05.19	00:18:19.668	0.58710				2
2026.05.19	00:18:22.073	0.58716				2
2026.05.19	00:18:22.374	0.58710				2
2026.05.19	00:18:24.778	0.58716				2
2026.05.19	00:18:25.078	0.58710				2
2026.05.19	00:18:27.482	0.58716				2
2026.05.19	00:18:27.784	0.58710				2
2026.05.19	00:18:30.185	0.58716				2
2026.05.19	00:18:30.484	0.58710				2
2026.05.19	00:18:32.898	0.58716				2
2026.05.19	00:18:33.201	0.58710				2
2026.05.19	00:18:35.606	0.58715				2
2026.05.19	00:18:35.909	0.58710				2
2026.05.19	00:18:38.318	0.58716				2
2026.05.19	00:18:38.617	0.58710				2
2026.05.19	00:18:41.029	0.58716				2
2026.05.19	00:18:41.331	0.58710				2
2026.05.19	00:18:43.737	0.58716				2
2026.05.19	00:18:44.036	0.58710				2
2026.05.19	00:18:46.445	0.58716				2
2026.05.19	00:18:46.748	0.58710				2
2026.05.19	00:18:49.755	0.58716				2
2026.05.19	00:18:50.056	0.58710				2
2026.05.19	00:18:51.561	0.58716				2
2026.05.19	00:18:51.861	0.58710				2
2026.05.19	00:18:54.270	0.58716				2
2026.05.19	00:18:54.571	0.58710				2
2026.05.19	00:18:56.971	0.58716				2
2026.05.19	00:18:57.272	0.58710				2
2026.05.19	00:18:59.679	0.58716				2
2026.05.19	00:18:59.979	0.58710				2
2026.05.19	00:19:00.281	0.58710				2
2026.05.19	00:19:02.387	0.58716				2
2026.05.19	00:19:02.687	0.58710				2
2026.05.19	00:19:07.799	0.58716				2
2026.05.19	00:19:08.105	0.58710				2
2026.05.19	00:19:10.819	0.58716				2
2026.05.19	00:19:17.149		0.58758			4
2026.05.19	00:20:00.164	0.58716				2
2026.05.19	00:20:00.469	0.58683	0.58789			6
2026.05.19	00:20:03.477		0.58785			4
2026.05.19	00:20:04.379		0.58793			4
2026.05.19	00:20:04.679		0.58785			4
2026.05.19	00:20:04.980		0.58793			4
2026.05.19	00:20:05.883		0.58789			4
2026.05.19	00:21:00.070	0.58683				2
2026.05.19	00:21:00.368	0.58682				2
2026.05.19	00:21:06.082		0.58789			4
2026.05.19	00:21:36.182	0.58688	0.58764			6
2026.05.19	00:21:36.482	0.58691	0.58765			6
2026.05.19	00:21:36.782	0.58688	0.58771			6
2026.05.19	00:21:37.689	0.58696	0.58766			6
2026.05.19	00:21:37.992	0.58688	0.58772			6
2026.05.19	00:21:38.894	0.58697	0.58767			6
2026.05.19	00:21:39.194	0.58688	0.58772			6
2026.05.19	00:21:40.098	0.58699	0.58767			6
2026.05.19	00:21:40.397	0.58688	0.58772			6
2026.05.19	00:21:41.302	0.58699	0.58767			6
2026.05.19	00:21:41.599	0.58688	0.58772			6
2026.05.19	00:21:42.501	0.58699	0.58767			6
2026.05.19	00:21:42.801	0.58688	0.58772			6
2026.05.19	00:21:43.103		0.58754			4
2026.05.19	00:21:43.703	0.58696				2
2026.05.19	00:21:45.040	0.58695	0.58758			6
2026.05.19	00:21:45.341		0.58762			4
2026.05.19	00:21:46.243	0.58701	0.58758			6
2026.05.19	00:21:46.543	0.58693	0.58762			6
2026.05.19	00:21:47.447	0.58701	0.58758			6
2026.05.19	00:21:47.746	0.58693	0.58762			6
2026.05.19	00:22:00.192	0.58693				2
2026.05.19	00:22:06.965	0.58703	0.58758			6
2026.05.19	00:22:07.266	0.58693	0.58762			6
2026.05.19	00:22:13.990		0.58760			4
2026.05.19	00:22:20.890	0.58676	0.58761			6
2026.05.19	00:22:21.793	0.58683	0.58759			6
2026.05.19	00:22:22.094		0.58754			4
2026.05.19	00:22:22.394	0.58676	0.58761			6
2026.05.19	00:22:23.597		0.58756			4
2026.05.19	00:22:23.898		0.58755			4
2026.05.19	00:22:24.499		0.58760			4
2026.05.19	00:22:24.798		0.58756			4
2026.05.19	00:22:25.400		0.58755			4
2026.05.19	00:22:25.999		0.58756			4
2026.05.19	00:22:26.909		0.58761			4
2026.05.19	00:22:27.209		0.58755			4
2026.05.19	00:22:27.812		0.58756			4
2026.05.19	00:22:28.414		0.58761			4
2026.05.19	00:22:28.714		0.58760			4
2026.05.19	00:22:29.014		0.58756			4
2026.05.19	00:22:29.315		0.58761			4
2026.05.19	00:22:29.616		0.58760			4
2026.05.19	00:22:29.916		0.58756			4
2026.05.19	00:22:30.218		0.58761			4
2026.05.19	00:22:30.518		0.58760			4
2026.05.19	00:22:30.820		0.58755			4
2026.05.19	00:22:31.119		0.58761			4
2026.05.19	00:22:31.420		0.58755			4
2026.05.19	00:22:32.023		0.58761			4
2026.05.19	00:22:32.323		0.58756			4
2026.05.19	00:22:32.623		0.58755			4
2026.05.19	00:22:32.927		0.58760			4
2026.05.19	00:22:33.226		0.58756			4
2026.05.19	00:22:33.829		0.58760			4
2026.05.19	00:22:34.133		0.58756			4
2026.05.19	00:22:34.433		0.58755			4
2026.05.19	00:22:34.733		0.58760			4
2026.05.19	00:22:35.034		0.58756			4
2026.05.19	00:22:35.336		0.58755			4
2026.05.19	00:22:35.639		0.58760			4
2026.05.19	00:22:35.939		0.58755			4
2026.05.19	00:22:37.142		0.58761			4
2026.05.19	00:22:37.442		0.58755			4
2026.05.19	00:22:37.742		0.58756			4
2026.05.19	00:22:38.043		0.58761			4
2026.05.19	00:22:38.343	0.58681	0.58754			6
2026.05.19	00:22:38.644	0.58676	0.58761			6
2026.05.19	00:22:38.944		0.58762			4
2026.05.19	00:22:39.847	0.58683	0.58759			6
2026.05.19	00:22:40.146	0.58676	0.58755			6
2026.05.19	00:22:40.447		0.58761			4
2026.05.19	00:22:40.747		0.58755			4
2026.05.19	00:22:41.352		0.58760			4
2026.05.19	00:22:41.652		0.58755			4
2026.05.19	00:22:42.254		0.58760			4
2026.05.19	00:22:42.554		0.58755			4
2026.05.19	00:22:43.155		0.58760			4
2026.05.19	00:22:43.456		0.58755			4
2026.05.19	00:22:43.755		0.58761			4
2026.05.19	00:22:44.056		0.58760			4
2026.05.19	00:22:44.357		0.58755			4
2026.05.19	00:22:44.657		0.58761			4
2026.05.19	00:22:44.957		0.58755			4
2026.05.19	00:22:45.558		0.58761			4
2026.05.19	00:22:45.858		0.58755			4
2026.05.19	00:22:46.458		0.58761			4
2026.05.19	00:22:46.758		0.58756			4
2026.05.19	00:22:47.058		0.58755			4
2026.05.19	00:22:47.359		0.58760			4
2026.05.19	00:22:47.660		0.58755			4
2026.05.19	00:22:48.260		0.58760			4
2026.05.19	00:22:48.561		0.58755			4
2026.05.19	00:22:48.862		0.58754			4
2026.05.19	00:22:49.163		0.58759			4
2026.05.19	00:22:49.463		0.58754			4
2026.05.19	00:22:49.764		0.58761			4
2026.05.19	00:22:50.063		0.58760			4
2026.05.19	00:22:50.663		0.58761			4
2026.05.19	00:22:50.964	0.58680	0.58754			6
2026.05.19	00:22:51.264	0.58676	0.58761			6
2026.05.19	00:22:51.564		0.58757			4
2026.05.19	00:22:51.865		0.58762			4
2026.05.19	00:22:52.165		0.58761			4
2026.05.19	00:22:52.467		0.58757			4
2026.05.19	00:22:52.768		0.58762			4
2026.05.19	00:22:53.068		0.58761			4
2026.05.19	00:22:53.368		0.58762			4
2026.05.19	00:22:53.668	0.58677	0.58759			6
2026.05.19	00:22:53.970	0.58676				2
2026.05.19	00:22:54.270		0.58756			4
2026.05.19	00:22:54.570		0.58762			4
2026.05.19	00:22:54.870		0.58757			4
2026.05.19	00:22:55.470		0.58762			4
2026.05.19	00:22:55.770		0.58761			4
2026.05.19	00:22:56.373		0.58762			4
2026.05.19	00:22:56.675		0.58763			4
2026.05.19	00:22:56.976		0.58761			4
2026.05.19	00:22:57.276	0.58677	0.58757			6
2026.05.19	00:22:57.577	0.58676	0.58759			6
2026.05.19	00:22:57.876		0.58761			4
2026.05.19	00:22:58.178		0.58754			4
2026.05.19	00:22:58.480		0.58760			4
2026.05.19	00:22:58.779		0.58759			4
2026.05.19	00:22:59.080		0.58760			4
2026.05.19	00:22:59.381		0.58759			4
2026.05.19	00:22:59.981	0.58679				2
2026.05.19	00:23:00.281	0.58677	0.58757			6
2026.05.19	00:23:00.584		0.58761			4
2026.05.19	00:23:00.884	0.58676				2
2026.05.19	00:23:01.486	0.58683	0.58760			6
2026.05.19	00:23:01.786	0.58676				2
2026.05.19	00:23:02.086		0.58759			4
2026.05.19	00:23:02.386		0.58760			4
2026.05.19	00:23:02.687		0.58756			4
2026.05.19	00:23:02.988		0.58760			4
2026.05.19	00:23:03.589		0.58759			4
2026.05.19	00:23:03.889		0.58760			4
2026.05.19	00:23:04.190		0.58762			4
2026.05.19	00:23:04.492		0.58761			4
2026.05.19	00:23:04.792		0.58762			4
2026.05.19	00:23:05.392		0.58761			4
2026.05.19	00:23:05.692		0.58762			4
2026.05.19	00:23:06.293		0.58761			4
2026.05.19	00:23:06.593		0.58762			4
2026.05.19	00:23:06.892		0.58751			4
2026.05.19	00:23:07.193	0.58677	0.58750			6
2026.05.19	00:23:07.493	0.58675	0.58752			6
2026.05.19	00:23:07.794	0.58677				2
2026.05.19	00:23:08.096	0.58675				2
2026.05.19	00:23:08.396	0.58676	0.58751			6
2026.05.19	00:23:08.696		0.58750			4
2026.05.19	00:23:08.997	0.58675	0.58752			6
2026.05.19	00:23:09.298	0.58676	0.58750			6
2026.05.19	00:23:09.598	0.58675	0.58753			6
2026.05.19	00:23:09.898	0.58676	0.58750			6
2026.05.19	00:23:10.200	0.58675	0.58752			6
2026.05.19	00:23:10.502		0.58753			4
2026.05.19	00:23:10.803	0.58676	0.58750			6
2026.05.19	00:23:11.104	0.58675	0.58752			6
2026.05.19	00:23:11.409		0.58751			4
2026.05.19	00:23:11.709		0.58750			4
2026.05.19	00:23:12.009		0.58752			4
2026.05.19	00:23:12.312		0.58751			4
2026.05.19	00:23:12.613	0.58676	0.58750			6
2026.05.19	00:23:12.913	0.58675	0.58752			6
2026.05.19	00:23:13.213	0.58676	0.58751			6
2026.05.19	00:23:13.815		0.58746			4
2026.05.19	00:23:14.116	0.58675	0.58752			6
2026.05.19	00:23:14.416	0.58676	0.58751			6
2026.05.19	00:23:14.717	0.58675	0.58752			6
2026.05.19	00:23:15.017		0.58750			4
2026.05.19	00:23:15.625		0.58752			4
2026.05.19	00:23:15.924	0.58676	0.58748			6
2026.05.19	00:23:16.225	0.58675	0.58750			6
2026.05.19	00:23:16.525		0.58752			4
2026.05.19	00:23:16.824	0.58676	0.58746			6
2026.05.19	00:23:17.125		0.58750			4
2026.05.19	00:23:17.425		0.58751			4
2026.05.19	00:23:17.726		0.58750			4
2026.05.19	00:23:18.331		0.58751			4
2026.05.19	00:23:18.633		0.58750			4
2026.05.19	00:23:18.933		0.58746			4
2026.05.19	00:23:19.233		0.58751			4
2026.05.19	00:23:19.533		0.58750			4
2026.05.19	00:23:19.837		0.58746			4
2026.05.19	00:23:20.138		0.58751			4
2026.05.19	00:23:20.438		0.58750			4
2026.05.19	00:23:20.738	0.58675	0.58753			6
2026.05.19	00:23:21.039	0.58676	0.58750			6
2026.05.19	00:23:21.640	0.58675	0.58753			6
2026.05.19	00:23:21.941		0.58748			4
2026.05.19	00:23:22.241		0.58752			4
2026.05.19	00:23:22.541		0.58753			4
2026.05.19	00:23:22.842	0.58676	0.58746			6
2026.05.19	00:23:23.142		0.58750			4
2026.05.19	00:23:23.443	0.58675	0.58752			6
2026.05.19	00:23:24.046	0.58676	0.58751			6
2026.05.19	00:23:24.348	0.58675	0.58746			6
2026.05.19	00:23:24.650		0.58752			4
2026.05.19	00:23:24.953	0.58676	0.58751			6
2026.05.19	00:23:25.256	0.58675	0.58750			6
2026.05.19	00:23:25.557		0.58752			4
2026.05.19	00:23:25.857	0.58676	0.58751			6
2026.05.19	00:23:26.158		0.58750			4
2026.05.19	00:23:26.458	0.58675	0.58752			6
2026.05.19	00:23:26.758	0.58676	0.58746			6
2026.05.19	00:23:27.058		0.58750			4
2026.05.19	00:23:27.358	0.58675	0.58752			6
2026.05.19	00:23:27.658	0.58676	0.58750			6
2026.05.19	00:23:27.959	0.58677	0.58751			6
2026.05.19	00:23:28.563	0.58675	0.58753			6
2026.05.19	00:23:28.863	0.58676	0.58751			6
2026.05.19	00:23:29.163		0.58750			4
2026.05.19	00:23:29.464	0.58675	0.58752			6
2026.05.19	00:23:29.765		0.58751			4
2026.05.19	00:23:30.066	0.58676	0.58746			6
2026.05.19	00:23:30.367	0.58675	0.58752			6
2026.05.19	00:23:30.668	0.58676	0.58751			6
2026.05.19	00:23:30.967		0.58746			4
2026.05.19	00:23:31.268	0.58675	0.58753			6
2026.05.19	00:23:31.569		0.58751			4
2026.05.19	00:23:31.870		0.58750			4
2026.05.19	00:23:32.170		0.58753			4
2026.05.19	00:23:32.469		0.58747			4
2026.05.19	00:23:32.770		0.58753			4
2026.05.19	00:23:33.070	0.58677	0.58751			6
2026.05.19	00:23:33.370	0.58675	0.58746			6
2026.05.19	00:23:33.671		0.58752			4
2026.05.19	00:23:33.972	0.58676	0.58750			6
2026.05.19	00:23:34.273	0.58675	0.58746			6
2026.05.19	00:23:34.573		0.58752			4
2026.05.19	00:23:34.873	0.58676	0.58750			6
2026.05.19	00:23:35.175	0.58677	0.58746			6
2026.05.19	00:23:35.476	0.58675	0.58752			6
2026.05.19	00:23:35.776	0.58676	0.58747			6
2026.05.19	00:23:36.076		0.58750			4
2026.05.19	00:23:36.375	0.58675	0.58748			6
2026.05.19	00:23:36.675	0.58670	0.58744			6
2026.05.19	00:23:36.976	0.58648	0.58743			6
2026.05.19	00:23:37.276	0.58647	0.58745			6
2026.05.19	00:23:37.577		0.58743			4
2026.05.19	00:23:37.877	0.58646	0.58744			6
2026.05.19	00:23:38.177	0.58642	0.58745			6
2026.05.19	00:23:38.477	0.58640				2
2026.05.19	00:23:39.077	0.58634				2
2026.05.19	00:23:39.677	0.58646				2
2026.05.19	00:23:39.978		0.58747			4
2026.05.19	00:23:40.278	0.58643	0.58752			6
2026.05.19	00:23:40.580		0.58748			4
2026.05.19	00:23:40.880		0.58750			4
2026.05.19	00:23:41.180		0.58746			4
2026.05.19	00:23:43.887		0.58750			4
2026.05.19	00:23:44.188		0.58746			4
2026.05.19	00:23:46.898		0.58750			4
2026.05.19	00:23:47.198		0.58746			4
2026.05.19	00:24:00.145	0.58643				2
2026.05.19	00:24:17.583	0.58635				2
2026.05.19	00:24:37.171		0.58744			4
2026.05.19	00:24:37.775		0.58745			4
2026.05.19	00:24:38.376		0.58746			4
2026.05.19	00:24:41.685	0.58636				2
2026.05.19	00:25:00.061	0.58636				2
2026.05.19	00:25:29.241	0.58640				2
2026.05.19	00:25:33.456	0.58699	0.58754			6
2026.05.19	00:26:00.081	0.58699				2
2026.05.19	00:26:15.222		0.58760			4
2026.05.19	00:26:55.977	0.58703				2
2026.05.19	00:27:00.192	0.58703				2
2026.05.19	00:27:05.021	0.58709				2
2026.05.19	00:27:13.753	0.58708				2
2026.05.19	00:27:15.259		0.58760			4
2026.05.19	00:27:36.947	0.58712				2
2026.05.19	00:28:00.093	0.58712				2
2026.05.19	00:28:10.036	0.58717				2
2026.05.19	00:28:15.453		0.58760			4
2026.05.19	00:28:54.284		0.58758			4
2026.05.19	00:28:54.583		0.58760			4
2026.05.19	00:28:54.884		0.58758			4
2026.05.19	00:28:55.184		0.58760			4
2026.05.19	00:28:55.485		0.58758			4
2026.05.19	00:28:55.785		0.58760			4
2026.05.19	00:28:56.085		0.58758			4
2026.05.19	00:28:56.688		0.58760			4
2026.05.19	00:29:00.298	0.58717				2
2026.05.19	00:29:01.501	0.58722				2
2026.05.19	00:29:17.460		0.58768			4
2026.05.19	00:29:17.761	0.58719	0.58770			6
2026.05.19	00:29:21.971	0.58724				2
2026.05.19	00:29:23.774	0.58715	0.58788			6
2026.05.19	00:29:24.075	0.58714				2
2026.05.19	00:29:24.675	0.58722				2
2026.05.19	00:29:28.278		0.58787			4
2026.05.19	00:29:36.112		0.58791			4
2026.05.19	00:29:36.715		0.58790			4
2026.05.19	00:29:48.151		0.58791			4
2026.05.19	00:29:49.354	0.58721	0.58789			6
2026.05.19	00:30:00.178	0.58721	0.58792			6
2026.05.19	00:30:00.478		0.58793			4
2026.05.19	00:30:22.758		0.58792			4
2026.05.19	00:30:23.961		0.58793			4
2026.05.19	00:30:30.876	0.58720				2
2026.05.19	00:30:31.177	0.58713				2
2026.05.19	00:30:40.199	0.58720				2
2026.05.19	00:30:41.407	0.58714				2
2026.05.19	00:30:42.009	0.58721				2
2026.05.19	00:30:51.954	0.58714				2
2026.05.19	00:31:00.071	0.58714				2
2026.05.19	00:31:02.179	0.58721				2
2026.05.19	00:31:05.181	0.58724				2
2026.05.19	00:31:14.806	0.58723				2
2026.05.19	00:31:24.139		0.58793			4
2026.05.19	00:31:25.344	0.58718				2
2026.05.19	00:31:31.066		0.58792			4
2026.05.19	00:31:31.369		0.58793			4
2026.05.19	00:31:37.980	0.58722				2
2026.05.19	00:31:38.281	0.58724				2
2026.05.19	00:31:44.894	0.58717				2
2026.05.19	00:31:45.198	0.58725				2
2026.05.19	00:31:50.620	0.58721				2
2026.05.19	00:31:55.133	0.58714	0.58786			6
2026.05.19	00:31:55.434	0.58725	0.58789			6
2026.05.19	00:31:55.735		0.58786			4
2026.05.19	00:32:00.251	0.58725				2
2026.05.19	00:32:02.055	0.58711	0.58787			6
2026.05.19	00:32:05.663		0.58784			4
2026.05.19	00:32:05.964		0.58785			4
2026.05.19	00:32:06.868		0.58786			4
2026.05.19	00:32:09.875		0.58781			4
2026.05.19	00:32:10.175		0.58782			4
2026.05.19	00:32:11.076		0.58788			4
2026.05.19	00:32:17.706	0.58715	0.58789			6
2026.05.19	00:32:21.624	0.58713				2
2026.05.19	00:32:25.536		0.58786			4
2026.05.19	00:32:25.839	0.58712	0.58787			6
2026.05.19	00:32:26.138	0.58720	0.58792			6
2026.05.19	00:32:30.647	0.58713	0.58787			6
2026.05.19	00:32:30.948		0.58791			4
2026.05.19	00:32:33.353		0.58790			4
2026.05.19	00:32:35.155		0.58789			4
2026.05.19	00:32:35.458		0.58790			4
2026.05.19	00:32:35.758		0.58789			4
2026.05.19	00:32:41.169		0.58788			4
2026.05.19	00:32:46.286	0.58717	0.58782			6
2026.05.19	00:32:46.586	0.58726				2
2026.05.19	00:32:47.492	0.58724				2
2026.05.19	00:32:47.794		0.58781			4
2026.05.19	00:32:48.093		0.58780			4
2026.05.19	00:32:48.698	0.58721				2
2026.05.19	00:32:50.512	0.58720				2
2026.05.19	00:32:53.226	0.58712	0.58789			6
2026.05.19	00:32:53.528		0.58787			4
2026.05.19	00:32:53.828	0.58718	0.58780			6
2026.05.19	00:32:55.331		0.58776			4
2026.05.19	00:32:55.632		0.58784			4
2026.05.19	00:32:56.233		0.58776			4
2026.05.19	00:32:57.134		0.58784			4
2026.05.19	00:32:57.736		0.58780			4
2026.05.19	00:33:00.145	0.58718				2
2026.05.19	00:33:03.755	0.58716	0.58788			6
2026.05.19	00:33:04.056		0.58787			4
2026.05.19	00:33:04.356	0.58722				2
2026.05.19	00:33:04.958		0.58781			4
2026.05.19	00:33:12.775		0.58787			4
2026.05.19	00:33:13.076	0.58721	0.58781			6
2026.05.19	00:33:13.376		0.58780			4
2026.05.19	00:33:23.295	0.58720	0.58781			6
2026.05.19	00:33:23.594	0.58719	0.58784			6
2026.05.19	00:33:23.896	0.58726				2
2026.05.19	00:33:24.197	0.58724				2
2026.05.19	00:33:24.496	0.58722	0.58785			6
2026.05.19	00:33:24.796		0.58784			4
2026.05.19	00:33:25.097		0.58780			4
2026.05.19	00:33:33.529	0.58712	0.58770			6
2026.05.19	00:33:41.058	0.58689	0.58775			6
2026.05.19	00:33:41.358	0.58687				2
2026.05.19	00:33:42.491	0.58688				2
2026.05.19	00:33:43.640	0.58687	0.58778			6
2026.05.19	00:33:43.942		0.58775			4
2026.05.19	00:33:44.792	0.58688	0.58772			6
2026.05.19	00:33:45.092		0.58774			4
2026.05.19	00:33:45.943	0.58686				2
2026.05.19	00:33:47.091	0.58687				2
2026.05.19	00:33:47.392	0.58693	0.58771			6
2026.05.19	00:33:47.992	0.58694				2
2026.05.19	00:33:48.292	0.58693				2
2026.05.19	00:33:49.390	0.58692				2
2026.05.19	00:33:51.691	0.58690	0.58770			6
2026.05.19	00:33:52.841	0.58689	0.58772			6
2026.05.19	00:33:53.742		0.58771			4
2026.05.19	00:33:54.043		0.58770			4
2026.05.19	00:33:55.140	0.58692	0.58773			6
2026.05.19	00:33:55.441	0.58688	0.58776			6
2026.05.19	00:33:56.040	0.58691	0.58775			6
2026.05.19	00:33:56.341	0.58690	0.58772			6
2026.05.19	00:33:57.242	0.58699	0.58771			6
2026.05.19	00:33:57.543	0.58689				2
2026.05.19	00:33:57.846	0.58690	0.58766			6
2026.05.19	00:33:58.447	0.58707	0.58767			6
2026.05.19	00:33:58.747	0.58684	0.58769			6
2026.05.19	00:33:59.047	0.58682	0.58767			6
2026.05.19	00:33:59.648	0.58704				2
2026.05.19	00:33:59.947	0.58690	0.58763			6
2026.05.19	00:34:00.250	0.58694	0.58761			6
2026.05.19	00:34:00.550	0.58697				2
2026.05.19	00:34:00.853	0.58696	0.58763			6
2026.05.19	00:34:01.153	0.58697	0.58774			6
2026.05.19	00:34:01.453		0.58775			4
2026.05.19	00:34:02.053	0.58694				2
2026.05.19	00:34:02.354		0.58776			4
2026.05.19	00:34:03.255	0.58711	0.58775			6
2026.05.19	00:34:03.556	0.58694				2
2026.05.19	00:34:04.456	0.58713	0.58776			6
2026.05.19	00:34:04.756	0.58708				2
2026.05.19	00:34:05.058	0.58694	0.58775			6
2026.05.19	00:34:05.961	0.58714	0.58776			6
2026.05.19	00:34:06.261	0.58694	0.58774			6
2026.05.19	00:34:07.163		0.58777			4
2026.05.19	00:34:07.464	0.58713	0.58775			6
2026.05.19	00:34:07.763		0.58777			4
2026.05.19	00:34:08.065	0.58694	0.58775			6
2026.05.19	00:34:08.965	0.58712	0.58774			6
2026.05.19	00:34:09.565	0.58694				2
2026.05.19	00:34:10.166		0.58775			4
2026.05.19	00:34:10.467		0.58776			4
2026.05.19	00:34:10.768		0.58774			4
2026.05.19	00:34:11.370		0.58775			4
2026.05.19	00:34:11.670	0.58720				2
2026.05.19	00:34:11.970	0.58694				2
2026.05.19	00:34:13.175		0.58773			4
2026.05.19	00:34:14.076		0.58774			4
2026.05.19	00:34:14.376	0.58714	0.58775			6
2026.05.19	00:34:14.677	0.58694	0.58776			6
2026.05.19	00:34:16.179		0.58775			4
2026.05.19	00:34:17.085	0.58712	0.58774			6
2026.05.19	00:34:17.385	0.58694	0.58775			6
2026.05.19	00:34:18.585		0.58777			4
2026.05.19	00:34:18.886		0.58775			4
2026.05.19	00:34:19.788	0.58710				2
2026.05.19	00:34:20.088	0.58694	0.58774			6
2026.05.19	00:34:21.292	0.58713	0.58775			6
2026.05.19	00:34:21.592	0.58694	0.58774			6
2026.05.19	00:34:22.494	0.58713	0.58776			6
2026.05.19	00:34:22.794	0.58694	0.58775			6
2026.05.19	00:34:23.698		0.58774			4
2026.05.19	00:34:24.001	0.58714	0.58775			6
2026.05.19	00:34:24.302	0.58694	0.58774			6
2026.05.19	00:34:25.206	0.58713				2
2026.05.19	00:34:25.507	0.58694	0.58775			6
2026.05.19	00:34:26.709	0.58713				2
2026.05.19	00:34:27.011	0.58694	0.58774			6
2026.05.19	00:34:27.912	0.58714	0.58775			6
2026.05.19	00:34:28.214	0.58694				2
2026.05.19	00:34:29.418	0.58716	0.58776			6
2026.05.19	00:34:29.720	0.58694	0.58775			6
2026.05.19	00:34:30.624	0.58713				2
2026.05.19	00:34:30.925	0.58710	0.58776			6
2026.05.19	00:34:31.227	0.58699	0.58775			6
2026.05.19	00:34:31.534	0.58694	0.58776			6
2026.05.19	00:34:31.835		0.58775			4
2026.05.19	00:34:32.137	0.58714	0.58774			6
2026.05.19	00:34:32.438	0.58694				2
2026.05.19	00:34:33.342		0.58775			4
2026.05.19	00:34:33.642	0.58713	0.58774			6
2026.05.19	00:34:33.947	0.58694	0.58772			6
2026.05.19	00:34:34.849	0.58711	0.58774			6
2026.05.19	00:34:35.153	0.58694				2
2026.05.19	00:34:36.055		0.58773			4
2026.05.19	00:34:36.354	0.58713	0.58775			6
2026.05.19	00:34:36.655	0.58694	0.58774			6
2026.05.19	00:34:37.558	0.58709				2
2026.05.19	00:34:37.858	0.58694	0.58773			6
2026.05.19	00:34:38.459		0.58772			4
2026.05.19	00:34:38.759		0.58774			4
2026.05.19	00:34:39.060		0.58773			4
2026.05.19	00:34:40.261	0.58711				2
2026.05.19	00:34:48.673	0.58700				2
2026.05.19	00:34:48.974	0.58709	0.58772			6
2026.05.19	00:34:51.678		0.58774			4
2026.05.19	00:34:52.278	0.58694				2
2026.05.19	00:34:53.480	0.58711	0.58773			6
2026.05.19	00:34:53.784	0.58694	0.58775			6
2026.05.19	00:34:54.687	0.58713				2
2026.05.19	00:34:54.990	0.58709	0.58774			6
2026.05.19	00:34:55.290	0.58694	0.58775			6
2026.05.19	00:34:56.192	0.58714	0.58776			6
2026.05.19	00:34:56.493		0.58775			4
2026.05.19	00:34:56.793	0.58694				2
2026.05.19	00:34:57.096		0.58776			4
2026.05.19	00:34:57.397	0.58695				2
2026.05.19	00:34:57.698	0.58694	0.58775			6
2026.05.19	00:34:57.999	0.58715	0.58774			6
2026.05.19	00:34:58.301	0.58694				2
2026.05.19	00:34:59.204	0.58713				2
2026.05.19	00:34:59.505	0.58694	0.58776			6
2026.05.19	00:35:00.108	0.58694				2
2026.05.19	00:35:01.924		0.58777			4
2026.05.19	00:35:03.128		0.58776			4
2026.05.19	00:35:03.731		0.58775			4
2026.05.19	00:35:04.332	0.58716	0.58776			6
2026.05.19	00:35:04.632	0.58695	0.58777			6
2026.05.19	00:35:04.933	0.58699				2
2026.05.19	00:35:05.233	0.58700				2
2026.05.19	00:35:05.536	0.58717	0.58774			6
2026.05.19	00:35:05.836	0.58694	0.58775			6
2026.05.19	00:35:06.739	0.58714	0.58777			6
2026.05.19	00:35:07.044	0.58694	0.58776			6
2026.05.19	00:35:07.344	0.58700				2
2026.05.19	00:35:07.645	0.58694				2
2026.05.19	00:35:07.946	0.58698				2
2026.05.19	00:35:08.846		0.58777			4
2026.05.19	00:35:09.147	0.58694				2
2026.05.19	00:35:09.747		0.58776			4
2026.05.19	00:35:10.049		0.58775			4
2026.05.19	00:35:11.254	0.58714	0.58777			6
2026.05.19	00:35:11.555		0.58775			4
2026.05.19	00:35:11.856		0.58774			4
2026.05.19	00:35:12.156	0.58695				2
2026.05.19	00:35:12.457	0.58694				2
2026.05.19	00:35:13.056	0.58709	0.58773			6
2026.05.19	00:35:13.357	0.58713				2
2026.05.19	00:35:13.657	0.58694	0.58774			6
2026.05.19	00:35:14.860	0.58715				2
2026.05.19	00:35:15.161	0.58694				2
2026.05.19	00:35:16.064	0.58714				2
2026.05.19	00:35:16.369	0.58694				2
2026.05.19	00:35:16.669		0.58773			4
2026.05.19	00:35:16.970		0.58775			4
2026.05.19	00:35:17.270	0.58714				2
2026.05.19	00:35:17.570	0.58717	0.58774			6
2026.05.19	00:35:17.870	0.58694	0.58775			6
2026.05.19	00:35:18.772	0.58714				2
2026.05.19	00:35:19.073	0.58694	0.58776			6
2026.05.19	00:35:19.975	0.58714	0.58777			6
2026.05.19	00:35:20.275	0.58694	0.58776			6
2026.05.19	00:35:21.175	0.58717	0.58775			6
2026.05.19	00:35:21.476	0.58694				2
2026.05.19	00:35:22.377	0.58714	0.58773			6
2026.05.19	00:35:22.677	0.58694				2
2026.05.19	00:35:23.579		0.58772			4
2026.05.19	00:35:23.879	0.58711	0.58773			6
2026.05.19	00:35:24.180	0.58710				2
2026.05.19	00:35:24.480	0.58694	0.58771			6
2026.05.19	00:35:25.380	0.58714	0.58772			6
2026.05.19	00:35:25.681	0.58694	0.58770			6
2026.05.19	00:35:25.981		0.58771			4
2026.05.19	00:35:26.882		0.58772			4
2026.05.19	00:35:28.087	0.58711	0.58773			6
2026.05.19	00:35:28.386	0.58712	0.58774			6
2026.05.19	00:35:28.687	0.58694	0.58773			6
2026.05.19	00:35:28.987	0.58714	0.58774			6
2026.05.19	00:35:29.290	0.58694	0.58773			6
2026.05.19	00:35:30.191	0.58713				2
2026.05.19	00:35:30.491	0.58714				2
2026.05.19	00:35:30.791	0.58694				2
2026.05.19	00:35:31.692	0.58712				2
2026.05.19	00:35:31.992	0.58694	0.58770			6
2026.05.19	00:35:32.894	0.58707	0.58772			6
2026.05.19	00:35:33.495	0.58694	0.58770			6
2026.05.19	00:35:33.794		0.58771			4
2026.05.19	00:35:34.396		0.58772			4
2026.05.19	00:35:34.696	0.58710	0.58773			6
2026.05.19	00:35:34.998	0.58694				2
2026.05.19	00:35:35.903		0.58769			4
2026.05.19	00:35:36.204	0.58707				2
2026.05.19	00:35:36.511	0.58694	0.58768			6
2026.05.19	00:35:36.812		0.58767			4
2026.05.19	00:35:37.114	0.58696				2
2026.05.19	00:35:37.416	0.58694	0.58770			6
2026.05.19	00:35:37.716	0.58710				2
2026.05.19	00:35:38.016	0.58694	0.58774			6
2026.05.19	00:35:38.321	0.58698	0.58771			6
2026.05.19	00:35:38.622	0.58699	0.58772			6
2026.05.19	00:35:38.922	0.58714				2
2026.05.19	00:35:39.225	0.58697	0.58776			6
2026.05.19	00:35:39.529	0.58700	0.58773			6
2026.05.19	00:35:40.342		0.58774			4
2026.05.19	00:35:41.691	0.58715				2
2026.05.19	00:35:41.991	0.58695	0.58775			6
2026.05.19	00:35:42.292	0.58694				2
2026.05.19	00:35:42.592		0.58774			4
2026.05.19	00:35:42.892	0.58714	0.58775			6
2026.05.19	00:35:43.192	0.58700	0.58771			6
2026.05.19	00:35:44.393	0.58720	0.58775			6
2026.05.19	00:35:44.693	0.58701	0.58774			6
2026.05.19	00:35:44.993	0.58695	0.58775			6
2026.05.19	00:35:45.594	0.58714	0.58774			6
2026.05.19	00:35:45.894	0.58694	0.58775			6
2026.05.19	00:35:46.498	0.58700	0.58774			6
2026.05.19	00:35:47.102	0.58720				2
2026.05.19	00:35:47.409	0.58699				2
2026.05.19	00:35:47.709	0.58700				2
2026.05.19	00:35:48.011	0.58694				2
2026.05.19	00:35:48.312	0.58714	0.58775			6
2026.05.19	00:35:48.613		0.58774			4
2026.05.19	00:35:48.916	0.58694	0.58773			6
2026.05.19	00:35:49.216	0.58700	0.58772			6
2026.05.19	00:35:50.141	0.58694	0.58775			6
2026.05.19	00:35:50.442	0.58697				2
2026.05.19	00:35:50.741	0.58700	0.58774			6
2026.05.19	00:35:51.043	0.58699				2
2026.05.19	00:35:51.343	0.58714				2
2026.05.19	00:35:51.644	0.58699	0.58775			6
2026.05.19	00:35:52.513	0.58694	0.58774			6
2026.05.19	00:35:52.812		0.58773			4
2026.05.19	00:35:53.113	0.58695				2
2026.05.19	00:35:54.192	0.58694	0.58774			6
2026.05.19	00:35:54.793	0.58699	0.58773			6
2026.05.19	00:35:55.393	0.58714	0.58774			6
2026.05.19	00:35:55.693	0.58699				2
2026.05.19	00:35:56.892	0.58720	0.58773			6
2026.05.19	00:35:57.193	0.58698				2
2026.05.19	00:35:57.794	0.58699				2
2026.05.19	00:35:58.094	0.58714				2
2026.05.19	00:35:58.397	0.58694				2
2026.05.19	00:35:58.697		0.58774			4
2026.05.19	00:35:58.998	0.58699				2
2026.05.19	00:35:59.299	0.58703	0.58771			6
2026.05.19	00:35:59.602	0.58722	0.58773			6
2026.05.19	00:35:59.903	0.58699				2
2026.05.19	00:36:00.209	0.58699				2
2026.05.19	00:36:00.943	0.58719	0.58774			6
2026.05.19	00:36:01.243	0.58702				2
2026.05.19	00:36:02.292	0.58694	0.58773			6
2026.05.19	00:36:02.593		0.58771			4
2026.05.19	00:36:02.893	0.58699	0.58770			6
2026.05.19	00:36:03.194	0.58694	0.58759			6
2026.05.19	00:36:03.494	0.58673	0.58754			6
2026.05.19	00:36:03.794	0.58694	0.58749			6
2026.05.19	00:36:04.873	0.58693	0.58747			6
2026.05.19	00:36:05.174	0.58694	0.58748			6
2026.05.19	00:36:06.145	0.58697				2
2026.05.19	00:36:07.348		0.58751			4
2026.05.19	00:36:09.149		0.58750			4
2026.05.19	00:36:12.156		0.58749			4
2026.05.19	00:36:12.457	0.58670	0.58759			6
2026.05.19	00:36:13.359	0.58697	0.58752			6
2026.05.19	00:36:13.658		0.58750			4
2026.05.19	00:36:23.283		0.58753			4
2026.05.19	00:36:23.584	0.58672	0.58752			6
2026.05.19	00:36:24.185	0.58694				2
2026.05.19	00:36:24.486	0.58697	0.58747			6
2026.05.19	00:36:24.786		0.58750			4
2026.05.19	00:36:27.191		0.58754			4
2026.05.19	00:36:27.492	0.58667	0.58752			6
2026.05.19	00:36:27.792	0.58692	0.58748			6
2026.05.19	00:36:28.092	0.58667				2
2026.05.19	00:36:28.392		0.58749			4
2026.05.19	00:36:28.694		0.58753			4
2026.05.19	00:36:28.993		0.58752			4
2026.05.19	00:36:29.596	0.58668	0.58744			6
2026.05.19	00:36:29.896	0.58692	0.58747			6
2026.05.19	00:36:30.197	0.58694	0.58749			6
2026.05.19	00:36:30.498	0.58697	0.58746			6
2026.05.19	00:36:30.799	0.58696				2
2026.05.19	00:36:31.100	0.58677	0.58745			6
2026.05.19	00:36:31.403		0.58747			4
2026.05.19	00:36:31.704	0.58678				2
2026.05.19	00:36:32.613	0.58697	0.58746			6
2026.05.19	00:36:32.913	0.58699	0.58751			6
2026.05.19	00:36:33.213		0.58748			4
2026.05.19	00:36:33.814		0.58745			4
2026.05.19	00:36:34.114	0.58695	0.58746			6
2026.05.19	00:36:34.415	0.58678				2
2026.05.19	00:36:34.722		0.58744			4
2026.05.19	00:36:35.024	0.58695	0.58750			6
2026.05.19	00:36:35.324	0.58680	0.58748			6
2026.05.19	00:36:35.625	0.58696	0.58744			6
2026.05.19	00:36:36.743	0.58692	0.58749			6
2026.05.19	00:36:37.871	0.58694	0.58747			6
2026.05.19	00:36:42.255	0.58695				2
2026.05.19	00:36:47.857	0.58685				2
2026.05.19	00:36:48.158	0.58699	0.58746			6
2026.05.19	00:36:48.462	0.58696				2
2026.05.19	00:36:52.169	0.58695	0.58744			6
2026.05.19	00:36:52.469	0.58671				2
2026.05.19	00:36:53.220	0.58696				2
2026.05.19	00:36:53.520	0.58699	0.58743			6
2026.05.19	00:36:53.820	0.58698	0.58740			6
2026.05.19	00:36:54.122		0.58741			4
2026.05.19	00:36:54.422		0.58746			4
2026.05.19	00:36:54.724	0.58699	0.58745			6
2026.05.19	00:36:55.030	0.58697	0.58744			6
2026.05.19	00:36:55.331	0.58696				2
2026.05.19	00:36:55.630	0.58697	0.58740			6
2026.05.19	00:36:55.931		0.58739			4
2026.05.19	00:36:56.698	0.58696	0.58742			6
2026.05.19	00:36:58.060		0.58753			4
2026.05.19	00:36:58.361	0.58703	0.58759			6
2026.05.19	00:36:58.661	0.58697	0.58760			6
2026.05.19	00:36:59.263	0.58696	0.58759			6
2026.05.19	00:36:59.563	0.58694	0.58760			6
2026.05.19	00:36:59.863	0.58695				2
2026.05.19	00:37:00.164	0.58699	0.58761			6
2026.05.19	00:37:00.463	0.58702	0.58762			6
2026.05.19	00:37:00.769	0.58696	0.58761			6
2026.05.19	00:37:01.071	0.58699				2
2026.05.19	00:37:01.371	0.58700				2
2026.05.19	00:37:01.976	0.58699	0.58760			6
2026.05.19	00:37:02.276	0.58700				2
2026.05.19	00:37:03.642	0.58710				2
2026.05.19	00:37:03.942	0.58698				2
2026.05.19	00:37:04.242	0.58703				2
2026.05.19	00:37:04.842		0.58761			4
2026.05.19	00:37:05.143	0.58712	0.58758			6
2026.05.19	00:37:05.444	0.58695				2
2026.05.19	00:37:05.744	0.58701				2
2026.05.19	00:37:06.044	0.58711				2
2026.05.19	00:37:06.347	0.58698	0.58759			6
2026.05.19	00:37:06.652	0.58701				2
2026.05.19	00:37:06.954	0.58698	0.58760			6
2026.05.19	00:37:07.253	0.58711	0.58756			6
2026.05.19	00:37:07.556	0.58710	0.58759			6
2026.05.19	00:37:07.856	0.58702				2
2026.05.19	00:37:08.156	0.58698	0.58761			6
2026.05.19	00:37:08.456	0.58695	0.58760			6
2026.05.19	00:37:08.756	0.58712	0.58759			6
2026.05.19	00:37:09.058	0.58711				2
2026.05.19	00:37:09.358	0.58702	0.58756			6
2026.05.19	00:37:09.658	0.58697	0.58761			6
2026.05.19	00:37:09.958	0.58698	0.58759			6
2026.05.19	00:37:10.258	0.58697	0.58754			6
2026.05.19	00:37:10.559	0.58700				2
2026.05.19	00:37:11.253	0.58698				2
2026.05.19	00:37:11.554	0.58696	0.58753			6
2026.05.19	00:37:11.853	0.58697	0.58756			6
2026.05.19	00:37:12.155	0.58696	0.58758			6
2026.05.19	00:37:12.891	0.58681	0.58754			6
2026.05.19	00:37:13.193	0.58695				2
2026.05.19	00:37:13.492	0.58681				2
2026.05.19	00:37:13.793	0.58693	0.58760			6
2026.05.19	00:37:14.094	0.58696				2
2026.05.19	00:37:14.991	0.58693	0.58754			6
2026.05.19	00:37:15.291	0.58687	0.58755			6
2026.05.19	00:37:15.893		0.58754			4
2026.05.19	00:37:16.493	0.58699				2
2026.05.19	00:37:16.794	0.58687	0.58755			6
2026.05.19	00:37:17.094		0.58754			4
2026.05.19	00:37:17.394	0.58688	0.58755			6
2026.05.19	00:37:17.694	0.58687	0.58749			6
2026.05.19	00:37:17.998	0.58691				2
2026.05.19	00:37:18.298	0.58692				2
2026.05.19	00:37:18.900	0.58689				2
2026.05.19	00:37:19.201	0.58685				2
2026.05.19	00:37:19.502	0.58686				2
2026.05.19	00:37:19.803	0.58685				2
2026.05.19	00:37:20.106	0.58719				2
2026.05.19	00:37:20.407	0.58737	0.58754			6
2026.05.19	00:37:20.711	0.58735	0.58753			6
2026.05.19	00:37:21.018	0.58734	0.58748			6
2026.05.19	00:37:21.515		0.58752			4
2026.05.19	00:37:21.817		0.58748			4
2026.05.19	00:37:23.109		0.58752			4
2026.05.19	00:37:24.013	0.58736	0.58749			6
2026.05.19	00:37:24.314	0.58737	0.58748			6
2026.05.19	00:37:27.798		0.58749			4
2026.05.19	00:37:31.069		0.58751			4
2026.05.19	00:37:31.369		0.58750			4
2026.05.19	00:37:37.903		0.58749			4
2026.05.19	00:37:43.098		0.58750			4
2026.05.19	00:37:44.802		0.58751			4
2026.05.19	00:37:45.223	0.58738				2
2026.05.19	00:37:45.968		0.58752			4
2026.05.19	00:37:47.026	0.58739				2
2026.05.19	00:37:47.487		0.58751			4
2026.05.19	00:37:47.787	0.58740				2
2026.05.19	00:37:48.525	0.58739				2
2026.05.19	00:37:57.224	0.58740				2
2026.05.19	00:37:57.824		0.58752			4
2026.05.19	00:38:00.348	0.58740				2
2026.05.19	00:38:02.491	0.58741				2
2026.05.19	00:38:04.425	0.58740				2
2026.05.19	00:38:06.225	0.58741				2
2026.05.19	00:38:11.260	0.58740	0.58750			6
2026.05.19	00:38:21.447	0.58739	0.58749			6
2026.05.19	00:38:26.326	0.58740	0.58751			6
2026.05.19	00:38:36.526	0.58741	0.58752			6
2026.05.19	00:38:37.158		0.58751			4
2026.05.19	00:38:37.458		0.58754			4
2026.05.19	00:38:37.758	0.58742				2
2026.05.19	00:38:38.058	0.58743				2
2026.05.19	00:38:48.669	0.58742				2
2026.05.19	00:38:53.625	0.58743				2
2026.05.19	00:39:00.224	0.58744	0.58752			6
2026.05.19	00:39:03.838	0.58743				2
2026.05.19	00:39:05.614		0.58751			4
2026.05.19	00:39:05.919	0.58742				2
2026.05.19	00:39:06.524	0.58744	0.58752			6
2026.05.19	00:39:06.828		0.58754			4
2026.05.19	00:39:07.724		0.58752			4
2026.05.19	00:39:08.025		0.58754			4
2026.05.19	00:39:13.056	0.58745				2
2026.05.19	00:39:14.505	0.58743				2
2026.05.19	00:39:15.837	0.58746				2
2026.05.19	00:39:25.724	0.58745				2
2026.05.19	00:39:28.124	0.58744				2
2026.05.19	00:39:30.408	0.58745				2
2026.05.19	00:39:30.713	0.58746				2
2026.05.19	00:39:38.024	0.58747				2
2026.05.19	00:39:44.339	0.58745				2
2026.05.19	00:39:44.942	0.58747				2
2026.05.19	00:40:00.825	0.58747				2
2026.05.19	00:40:05.026	0.58746				2
2026.05.19	00:40:05.326	0.58748				2
2026.05.19	00:40:08.925		0.58754			4
2026.05.19	00:40:11.642	0.58746				2
2026.05.19	00:40:12.243	0.58747				2
2026.05.19	00:40:22.753	0.58748				2
2026.05.19	00:40:23.711	0.58747				2
2026.05.19	00:40:24.010	0.58748				2
2026.05.19	00:40:24.312	0.58747				2
2026.05.19	00:40:32.624	0.58748				2
2026.05.19	00:40:34.126	0.58746				2
2026.05.19	00:40:35.624	0.58747				2
2026.05.19	00:40:39.524	0.58746				2
2026.05.19	00:40:42.142	0.58747				2
2026.05.19	00:40:43.726	0.58748				2
2026.05.19	00:40:53.924	0.58747				2
2026.05.19	00:40:57.685	0.58748				2
2026.05.19	00:41:00.116	0.58748				2
2026.05.19	00:41:01.290	0.58735				2
2026.05.19	00:41:03.393	0.58733	0.58753			6
2026.05.19	00:41:03.693		0.58754			4
2026.05.19	00:41:09.710	0.58732				2
2026.05.19	00:41:16.341	0.58730				2
2026.05.19	00:41:27.211	0.58729				2
2026.05.19	00:41:27.519	0.58730				2
2026.05.19	00:41:27.874	0.58729				2
2026.05.19	00:41:47.413	0.58733				2
2026.05.19	00:41:51.932	0.58732				2
2026.05.19	00:41:55.847		0.58753			4
2026.05.19	00:41:57.055	0.58729				2
2026.05.19	00:41:57.355	0.58730	0.58752			6
2026.05.19	00:41:57.657		0.58753			4
2026.05.19	00:42:00.063	0.58730				2
2026.05.19	00:42:10.292		0.58752			4
2026.05.19	00:42:24.146		0.58754			4
2026.05.19	00:42:34.124	0.58732				2
2026.05.19	00:42:35.933	0.58730	0.58753			6
2026.05.19	00:42:39.842		0.58752			4
2026.05.19	00:42:48.563		0.58753			4
2026.05.19	00:43:00.281	0.58730				2
2026.05.19	00:43:45.433		0.58751			4
2026.05.19	00:43:58.070		0.58752			4
2026.05.19	00:44:00.228	0.58730				2
2026.05.19	00:44:00.529		0.58748			4
2026.05.19	00:44:00.831	0.58735	0.58754			6
2026.05.19	00:44:01.734	0.58730	0.58748			6
2026.05.19	00:44:02.941		0.58752			4
2026.05.19	00:45:00.115	0.58730	0.58751			6
2026.05.19	00:45:00.415	0.58731	0.58750			6
2026.05.19	00:45:00.715	0.58730	0.58751			6
2026.05.19	00:45:02.671	0.58728	0.58755			6
2026.05.19	00:45:05.977	0.58731	0.58751			6
2026.05.19	00:45:10.731	0.58730				2
2026.05.19	00:45:12.524	0.58731				2
2026.05.19	00:45:12.825		0.58752			4
2026.05.19	00:45:15.823		0.58753			4
2026.05.19	00:45:16.122		0.58752			4
2026.05.19	00:45:16.425		0.58753			4
2026.05.19	00:45:16.726		0.58752			4
2026.05.19	00:45:17.027		0.58753			4
2026.05.19	00:45:17.327		0.58752			4
2026.05.19	00:45:17.628		0.58753			4
2026.05.19	00:45:17.931	0.58730	0.58750			6
2026.05.19	00:45:18.233		0.58751			4
2026.05.19	00:45:37.942	0.58731				2
2026.05.19	00:45:38.242	0.58730				2
2026.05.19	00:45:41.190	0.58729	0.58763			6
2026.05.19	00:45:41.492	0.58738	0.58768			6
2026.05.19	00:45:42.093		0.58766			4
2026.05.19	00:45:43.898		0.58765			4
2026.05.19	00:45:44.198		0.58769			4
2026.05.19	00:45:44.498		0.58770			4
2026.05.19	00:45:44.800		0.58767			4
2026.05.19	00:45:47.816	0.58737	0.58766			6
2026.05.19	00:45:49.020	0.58740				2
2026.05.19	00:45:49.922		0.58765			4
2026.05.19	00:45:51.424		0.58766			4
2026.05.19	00:45:51.726	0.58737				2
2026.05.19	00:45:52.027	0.58735	0.58765			6
2026.05.19	00:46:00.147	0.58735				2
2026.05.19	00:46:01.954		0.58764			4
2026.05.19	00:46:03.760		0.58765			4
2026.05.19	00:46:13.989		0.58764			4
2026.05.19	00:46:25.749	0.58736	0.58763			6
2026.05.19	00:46:31.165	0.58735	0.58766			6
2026.05.19	00:46:32.670	0.58736				2
2026.05.19	00:46:34.171	0.58737	0.58767			6
2026.05.19	00:46:34.474		0.58768			4
2026.05.19	00:46:44.705	0.58736	0.58766			6
2026.05.19	00:46:45.006	0.58737	0.58768			6
2026.05.19	00:46:46.522		0.58767			4
2026.05.19	00:46:48.627		0.58768			4
2026.05.19	00:46:50.137		0.58767			4
2026.05.19	00:46:57.961	0.58736	0.58768			6
2026.05.19	00:46:58.263		0.58769			4
2026.05.19	00:46:58.564	0.58739				2
2026.05.19	00:47:00.064	0.58739				2
2026.05.19	00:47:02.767		0.58770			4
2026.05.19	00:47:05.773		0.58769			4
2026.05.19	00:47:09.080		0.58767			4
2026.05.19	00:47:13.888		0.58769			4
2026.05.19	00:47:16.894		0.58770			4
2026.05.19	00:47:17.195	0.58740				2
2026.05.19	00:47:17.797		0.58769			4
2026.05.19	00:47:18.398	0.58739	0.58770			6
2026.05.19	00:47:19.004		0.58769			4
2026.05.19	00:47:22.015	0.58738				2
2026.05.19	00:47:28.344		0.58768			4
2026.05.19	00:47:32.553		0.58767			4
2026.05.19	00:47:32.852	0.58740	0.58769			6
2026.05.19	00:47:33.153	0.58739				2
2026.05.19	00:47:39.469	0.58738				2
2026.05.19	00:47:39.770		0.58767			4
2026.05.19	00:47:40.071		0.58768			4
2026.05.19	00:47:40.971		0.58769			4
2026.05.19	00:47:49.693		0.58767			4
2026.05.19	00:47:49.993	0.58736				2
2026.05.19	00:47:50.294	0.58738				2
2026.05.19	00:47:54.811		0.58769			4
2026.05.19	00:47:55.111	0.58740	0.58768			6
2026.05.19	00:47:55.411	0.58738	0.58769			6
2026.05.19	00:48:00.232	0.58738				2
2026.05.19	00:48:00.833		0.58770			4
2026.05.19	00:48:01.136	0.58741				2
2026.05.19	00:48:05.951	0.58737	0.58768			6
2026.05.19	00:48:06.253	0.58740	0.58769			6
2026.05.19	00:48:15.878		0.58768			4
2026.05.19	00:48:20.991	0.58738	0.58769			6
2026.05.19	00:48:21.591	0.58741				2
2026.05.19	00:48:25.802	0.58738				2
2026.05.19	00:48:26.101		0.58770			4
2026.05.19	00:48:26.404		0.58769			4
2026.05.19	00:48:26.707	0.58741	0.58770			6
2026.05.19	00:48:31.224	0.58740				2
2026.05.19	00:48:31.526	0.58741	0.58771			6
2026.05.19	00:48:33.635		0.58772			4
2026.05.19	00:48:40.250	0.58740				2
2026.05.19	00:48:40.551	0.58743				2
2026.05.19	00:48:40.853	0.58742	0.58771			6
2026.05.19	00:48:42.055		0.58772			4
2026.05.19	00:48:54.992		0.58773			4
2026.05.19	00:48:58.299	0.58740	0.58770			6
2026.05.19	00:48:58.598	0.58739	0.58772			6
2026.05.19	00:48:58.898		0.58770			4
2026.05.19	00:48:59.198	0.58742				2
2026.05.19	00:49:00.102	0.58742				2
2026.05.19	00:49:09.138	0.58740	0.58772			6
2026.05.19	00:49:09.438		0.58770			4
2026.05.19	00:49:19.062		0.58769			4
2026.05.19	00:49:24.170		0.58770			4
2026.05.19	00:49:36.198		0.58769			4
2026.05.19	00:49:39.505		0.58770			4
2026.05.19	00:49:49.135		0.58769			4
2026.05.19	00:49:49.440	0.58739	0.58770			6
2026.05.19	00:49:52.146	0.58743				2
2026.05.19	00:49:58.463	0.58741				2
2026.05.19	00:49:58.765		0.58772			4
2026.05.19	00:50:00.270	0.58741				2
2026.05.19	00:50:04.184	0.58744				2
2026.05.19	00:50:08.998		0.58769			4
2026.05.19	00:50:09.298	0.58742				2
2026.05.19	00:50:09.602	0.58740				2
2026.05.19	00:50:10.204	0.58739	0.58772			6
2026.05.19	00:50:10.505	0.58743				2
2026.05.19	00:50:14.128	0.58742				2
2026.05.19	00:50:20.449		0.58771			4
2026.05.19	00:50:20.750	0.58740				2
2026.05.19	00:50:21.051	0.58743	0.58772			6
2026.05.19	00:50:30.678	0.58741	0.58771			6
2026.05.19	00:50:31.580	0.58739				2
2026.05.19	00:50:32.781		0.58770			4
2026.05.19	00:50:42.120		0.58769			4
2026.05.19	00:50:45.131		0.58770			4
2026.05.19	00:50:47.837		0.58768			4
2026.05.19	00:50:48.442		0.58769			4
2026.05.19	00:50:52.047	0.58738				2
2026.05.19	00:50:52.348	0.58741				2
2026.05.19	00:50:52.649		0.58771			4
2026.05.19	00:50:58.363	0.58739	0.58770			6
2026.05.19	00:51:00.166	0.58739				2
2026.05.19	00:51:03.775	0.58742				2
2026.05.19	00:51:04.076	0.58741				2
2026.05.19	00:51:10.694	0.58739				2
2026.05.19	00:51:11.296	0.58742				2
2026.05.19	00:51:11.596	0.58741				2
2026.05.19	00:51:14.301		0.58769			4
2026.05.19	00:51:19.136		0.58770			4
2026.05.19	00:51:29.363		0.58769			4
2026.05.19	00:51:34.175	0.58739	0.58768			6
2026.05.19	00:51:34.475	0.58740	0.58771			6
2026.05.19	00:51:34.776	0.58742				2
2026.05.19	00:51:35.076	0.58740	0.58770			6
2026.05.19	00:51:44.398		0.58769			4
2026.05.19	00:51:58.565	0.58742				2
2026.05.19	00:51:58.865	0.58741				2
2026.05.19	00:51:59.770	0.58740				2
2026.05.19	00:52:00.070	0.58739				2
2026.05.19	00:52:03.376	0.58742				2
2026.05.19	00:52:08.790	0.58739				2
2026.05.19	00:52:09.090		0.58770			4
2026.05.19	00:52:19.636		0.58769			4
2026.05.19	00:52:37.675		0.58770			4
2026.05.19	00:52:47.617	0.58740	0.58769			6
2026.05.19	00:52:48.521		0.58770			4
2026.05.19	00:52:58.148	0.58742				2
2026.05.19	00:52:58.449		0.58771			4
2026.05.19	00:52:59.049	0.58740	0.58770			6
2026.05.19	00:53:00.249	0.58740				2
2026.05.19	00:53:02.054	0.58739				2
2026.05.19	00:53:04.760		0.58771			4
2026.05.19	00:53:07.765	0.58741				2
2026.05.19	00:53:23.398	0.58742	0.58769			6
2026.05.19	00:53:23.698	0.58741				2
2026.05.19	00:53:23.999	0.58740				2
2026.05.19	00:53:27.629		0.58771			4
2026.05.19	00:53:27.929	0.58741	0.58768			6
2026.05.19	00:53:33.041	0.58744	0.58771			6
2026.05.19	00:53:33.342	0.58742				2
2026.05.19	00:53:43.263		0.58770			4
2026.05.19	00:53:43.563	0.58741				2
2026.05.19	00:53:47.775		0.58769			4
2026.05.19	00:53:49.276		0.58770			4
2026.05.19	00:53:51.983		0.58769			4
2026.05.19	00:53:52.284		0.58770			4
2026.05.19	00:53:54.093	0.58740				2
2026.05.19	00:54:00.107	0.58740				2
2026.05.19	00:54:01.911		0.58768			4
2026.05.19	00:54:02.212	0.58739	0.58769			6
2026.05.19	00:54:02.513		0.58770			4
2026.05.19	00:54:02.813	0.58742				2
2026.05.19	00:54:04.318	0.58740	0.58767			6
2026.05.19	00:54:04.619	0.58737				2
2026.05.19	00:54:04.919		0.58765			4
2026.05.19	00:54:05.525		0.58768			4
2026.05.19	00:54:05.827	0.58740				2
2026.05.19	00:54:06.128		0.58767			4
2026.05.19	00:54:06.430	0.58738				2
2026.05.19	00:54:10.344	0.58736	0.58765			6
2026.05.19	00:54:10.946		0.58766			4
2026.05.19	00:54:11.246	0.58737	0.58767			6
2026.05.19	00:54:11.847	0.58740				2
2026.05.19	00:54:22.971	0.58737				2
2026.05.19	00:54:23.574	0.58739	0.58766			6
2026.05.19	00:54:33.792		0.58767			4
2026.05.19	00:54:34.093		0.58766			4
2026.05.19	00:54:34.394	0.58738				2
2026.05.19	00:54:34.993	0.58736				2
2026.05.19	00:54:35.294		0.58765			4
2026.05.19	00:54:41.316	0.58735				2
2026.05.19	00:54:41.619	0.58737				2
2026.05.19	00:54:46.741	0.58736	0.58764			6
2026.05.19	00:54:47.042	0.58739	0.58765			6
2026.05.19	00:54:57.569	0.58736	0.58766			6
2026.05.19	00:54:58.771	0.58739	0.58767			6
2026.05.19	00:55:00.275	0.58737	0.58766			6
2026.05.19	00:55:00.576	0.58740				2
2026.05.19	00:55:00.878		0.58767			4
2026.05.19	00:55:04.184		0.58768			4
2026.05.19	00:55:05.986		0.58769			4
2026.05.19	00:55:13.349		0.58763			4
2026.05.19	00:55:14.880		0.58765			4
2026.05.19	00:55:16.370	0.58736	0.58761			6
2026.05.19	00:55:16.672	0.58739	0.58764			6
2026.05.19	00:55:18.778	0.58740				2
2026.05.19	00:55:27.195		0.58763			4
2026.05.19	00:55:27.495	0.58738				2
2026.05.19	00:55:27.796	0.58739				2
2026.05.19	00:55:29.900	0.58738				2
2026.05.19	00:55:30.501	0.58739	0.58764			6
2026.05.19	00:55:38.031	0.58737	0.58762			6
2026.05.19	00:55:38.333	0.58738				2
2026.05.19	00:55:40.139	0.58737				2
2026.05.19	00:55:40.439	0.58739				2
2026.05.19	00:55:40.742		0.58764			4
2026.05.19	00:55:43.151	0.58740	0.58765			6
2026.05.19	00:55:44.051	0.58739	0.58763			6
2026.05.19	00:55:46.157	0.58737	0.58762			6
2026.05.19	00:55:46.458		0.58761			4
2026.05.19	00:55:48.263	0.58738	0.58763			6
2026.05.19	00:55:48.564	0.58740	0.58765			6
2026.05.19	00:55:49.766	0.58741				2
2026.05.19	00:55:52.774	0.58740				2
2026.05.19	00:56:00.288	0.58739	0.58763			6
2026.05.19	00:56:03.293	0.58737	0.58762			6
2026.05.19	00:56:03.895	0.58738	0.58763			6
2026.05.19	00:56:13.248	0.58737	0.58761			6
2026.05.19	00:56:28.285	0.58739				2
2026.05.19	00:56:28.589	0.58740	0.58762			6
2026.05.19	00:56:30.691	0.58737	0.58761			6
2026.05.19	00:56:31.292	0.58736	0.58771			6
2026.05.19	00:56:38.522	0.58738	0.58762			6
2026.05.19	00:56:38.823	0.58741	0.58763			6
2026.05.19	00:56:41.835	0.58739				2
2026.05.19	00:56:42.137		0.58761			4
2026.05.19	00:56:42.438	0.58740	0.58762			6
2026.05.19	00:56:46.651	0.58739	0.58764			6
2026.05.19	00:56:57.178		0.58763			4
2026.05.19	00:57:00.185	0.58739				2
2026.05.19	00:57:01.685		0.58761			4
2026.05.19	00:57:01.985		0.58763			4
2026.05.19	00:57:02.285	0.58740				2
2026.05.19	00:57:04.393	0.58739				2
2026.05.19	00:57:12.201	0.58740	0.58764			6
2026.05.19	00:57:20.334		0.58762			4
2026.05.19	00:57:21.834	0.58741	0.58764			6
2026.05.19	00:57:22.137	0.58738	0.58762			6
2026.05.19	00:57:23.641	0.58739	0.58761			6
2026.05.19	00:57:23.942		0.58763			4
2026.05.19	00:57:27.258	0.58738	0.58762			6
2026.05.19	00:57:27.556	0.58737	0.58772			6
2026.05.19	00:57:27.857	0.58739	0.58763			6
2026.05.19	00:57:33.571	0.58737	0.58770			6
2026.05.19	00:57:33.873	0.58742	0.58766			6
2026.05.19	00:57:34.173	0.58741	0.58763			6
2026.05.19	00:57:34.473		0.58765			4
2026.05.19	00:57:38.983	0.58740	0.58764			6
2026.05.19	00:57:48.925	0.58742				2
2026.05.19	00:57:49.528	0.58740				2
2026.05.19	00:57:51.932	0.58739				2
2026.05.19	00:57:52.229		0.58761			4
2026.05.19	00:57:52.533		0.58763			4
2026.05.19	00:57:53.739	0.58738	0.58761			6
2026.05.19	00:57:54.041		0.58762			4
2026.05.19	00:58:00.069	0.58738				2
2026.05.19	00:58:02.169	0.58739	0.58761			6
2026.05.19	00:58:03.674	0.58737	0.58760			6
2026.05.19	00:58:04.273	0.58741	0.58763			6
2026.05.19	00:58:04.572	0.58743	0.58765			6
2026.05.19	00:58:04.875	0.58742	0.58764			6
2026.05.19	00:58:10.585	0.58739	0.58763			6
2026.05.19	00:58:10.888	0.58740				2
2026.05.19	00:58:13.596	0.58739	0.58761			6
2026.05.19	00:58:20.831	0.58740	0.58764			6
2026.05.19	00:58:21.130	0.58742				2
2026.05.19	00:58:21.432	0.58740	0.58762			6
2026.05.19	00:58:31.364	0.58738	0.58771			6
2026.05.19	00:58:50.028	0.58737	0.58761			6
2026.05.19	00:58:50.326		0.58763			4
2026.05.19	00:58:50.633	0.58738	0.58762			6
2026.05.19	00:58:53.052		0.58763			4
2026.05.19	00:59:00.269	0.58738				2
2026.05.19	00:59:00.869	0.58740				2
2026.05.19	00:59:10.788	0.58739	0.58772			6
2026.05.19	00:59:11.088	0.58742	0.58764			6
2026.05.19	00:59:14.696	0.58740				2
2026.05.19	00:59:14.996	0.58738	0.58762			6
2026.05.19	00:59:15.297		0.58763			4
2026.05.19	00:59:25.258	0.58740	0.58764			6
2026.05.19	00:59:25.859		0.58765			4
2026.05.19	00:59:27.962	0.58738	0.58762			6
2026.05.19	00:59:28.266	0.58739	0.58764			6
2026.05.19	00:59:30.067	0.58740				2
2026.05.19	00:59:30.667	0.58741	0.58766			6
2026.05.19	00:59:32.771	0.58740	0.58764			6
2026.05.19	00:59:35.480	0.58743				2
2026.05.19	00:59:36.680		0.58765			4
2026.05.19	00:59:36.978	0.58742	0.58767			6
2026.05.19	00:59:37.279		0.58765			4
2026.05.19	00:59:42.986		0.58770			4
2026.05.19	00:59:43.289	0.58740	0.58764			6
2026.05.19	00:59:43.889	0.58739	0.58763			6
2026.05.19	00:59:45.995	0.58740	0.58765			6
2026.05.19	00:59:48.699	0.58737	0.58764			6
2026.05.19	00:59:49.001	0.58736	0.58761			6
2026.05.19	00:59:54.126		0.58764			4
2026.05.19	00:59:58.031	0.58737	0.58765			6
2026.05.19	00:59:58.333	0.58738	0.58763			6
2026.05.19	00:59:58.636	0.58740	0.58765			6
2026.05.19	01:00:00.144	0.58740	0.58764			6
2026.05.19	01:00:00.743	0.58742	0.58767			6
2026.05.19	01:00:01.343	0.58741	0.58765			6
2026.05.19	01:00:01.647	0.58745	0.58764			6
2026.05.19	01:00:01.945	0.58746	0.58768			6
2026.05.19	01:00:02.246	0.58754	0.58762			6
2026.05.19	01:00:03.748	0.58755	0.58763			6
2026.05.19	01:00:04.347		0.58762			4
2026.05.19	01:00:09.156	0.58756	0.58763			6
2026.05.19	01:00:11.564	0.58757	0.58764			6
2026.05.19	01:00:18.770	0.58758	0.58765			6
2026.05.19	01:00:19.369	0.58760	0.58767			6
2026.05.19	01:00:19.672	0.58771	0.58782			6
2026.05.19	01:00:19.968	0.58764	0.58794			6
2026.05.19	01:00:20.267	0.58767				2
2026.05.19	01:00:20.870	0.58774	0.58781			6
2026.05.19	01:00:21.171	0.58767	0.58794			6
2026.05.19	01:00:22.074	0.58766				2
2026.05.19	01:00:22.372	0.58765				2
2026.05.19	01:00:22.673	0.58764				2
2026.05.19	01:00:24.176	0.58762				2
2026.05.19	01:00:24.776	0.58763				2
2026.05.19	01:00:25.376	0.58762				2
2026.05.19	01:00:26.878	0.58763				2
2026.05.19	01:00:27.777	0.58762				2
2026.05.19	01:00:28.679	0.58763				2
2026.05.19	01:00:30.179	0.58765				2
2026.05.19	01:00:40.993		0.58793			4
2026.05.19	01:00:41.290		0.58794			4
2026.05.19	01:00:48.505	0.58779	0.58782			6
2026.05.19	01:00:54.514	0.58773	0.58794			6
2026.05.19	01:00:56.621		0.58791			4
2026.05.19	01:00:56.923		0.58793			4
2026.05.19	01:01:00.230	0.58773	0.58791			6
2026.05.19	01:01:03.227	0.58766				2
2026.05.19	01:01:10.135	0.58782	0.58785			6
2026.05.19	01:01:38.068	0.58773	0.58776			6
2026.05.19	01:01:38.368	0.58771	0.58774			6
2026.05.19	01:01:38.670	0.58769	0.58772			6
2026.05.19	01:01:39.569	0.58768	0.58771			6
2026.05.19	01:01:51.583	0.58769	0.58772			6
2026.05.19	01:01:53.690	0.58768	0.58771			6
2026.05.19	01:01:54.592	0.58772	0.58773			6
2026.05.19	01:01:54.889	0.58770	0.58772			6
2026.05.19	01:01:55.191	0.58768	0.58771			6
2026.05.19	01:01:57.292	0.58769				2
2026.05.19	01:01:57.593	0.58768				2
2026.05.19	01:02:00.297	0.58768				2
2026.05.19	01:02:01.199	0.58767	0.58770			6
2026.05.19	01:02:01.497	0.58766	0.58769			6
2026.05.19	01:02:01.801	0.58765	0.58767			6
2026.05.19	01:02:02.101		0.58768			4
2026.05.19	01:02:02.398	0.58767	0.58770			6
2026.05.19	01:02:05.701		0.58769			4
2026.05.19	01:02:06.305	0.58766				2
2026.05.19	01:02:12.320	0.58765	0.58768			6
2026.05.19	01:02:13.222	0.58764	0.58767			6
2026.05.19	01:02:23.144	0.58766	0.58769			6
2026.05.19	01:02:36.063	0.58765	0.58768			6
2026.05.19	01:02:40.867	0.58766	0.58769			6
2026.05.19	01:02:47.476	0.58765	0.58768			6
2026.05.19	01:02:58.888	0.58766	0.58769			6
2026.05.19	01:03:00.097	0.58766				2
2026.05.19	01:03:00.395	0.58767	0.58770			6
2026.05.19	01:03:03.697	0.58768	0.58771			6
2026.05.19	01:03:04.898	0.58767	0.58770			6
2026.05.19	01:03:09.107	0.58772	0.58774			6
2026.05.19	01:03:09.409	0.58770	0.58773			6
2026.05.19	01:03:09.710	0.58769	0.58772			6
2026.05.19	01:03:10.013	0.58767	0.58770			6
2026.05.19	01:03:11.214	0.58768	0.58771			6
2026.05.19	01:03:22.337	0.58775	0.58776			6
2026.05.19	01:03:22.638	0.58774				2
2026.05.19	01:03:22.939	0.58772	0.58775			6
2026.05.19	01:03:23.539	0.58770	0.58773			6
2026.05.19	01:03:23.841	0.58773	0.58776			6
2026.05.19	01:03:24.140	0.58771	0.58774			6
2026.05.19	01:03:24.438	0.58770	0.58773			6
2026.05.19	01:03:24.740	0.58772	0.58775			6
2026.05.19	01:03:25.039	0.58771	0.58774			6
2026.05.19	01:03:25.339	0.58775	0.58777			6
2026.05.19	01:03:25.640	0.58774				2
2026.05.19	01:03:25.939	0.58772	0.58775			6
2026.05.19	01:03:26.241	0.58771	0.58774			6
2026.05.19	01:03:26.539	0.58774	0.58777			6
2026.05.19	01:03:26.841	0.58771	0.58774			6
2026.05.19	01:03:27.441	0.58775	0.58777			6
2026.05.19	01:03:27.741	0.58772	0.58775			6
2026.05.19	01:03:28.043	0.58773	0.58776			6
2026.05.19	01:03:28.341	0.58771	0.58774			6
2026.05.19	01:03:28.944	0.58775	0.58777			6
2026.05.19	01:03:29.244	0.58773	0.58776			6
2026.05.19	01:03:29.546	0.58772	0.58775			6
2026.05.19	01:03:29.844	0.58775	0.58777			6
2026.05.19	01:03:30.143	0.58774				2
2026.05.19	01:03:30.445	0.58772	0.58775			6
2026.05.19	01:03:30.745	0.58771	0.58774			6
2026.05.19	01:03:31.044	0.58775	0.58777			6
2026.05.19	01:03:31.345	0.58773	0.58776			6
2026.05.19	01:03:31.647	0.58772	0.58775			6
2026.05.19	01:03:31.947	0.58777	0.58778			6
2026.05.19	01:03:32.246	0.58770	0.58773			6
2026.05.19	01:03:32.552	0.58772	0.58775			6
2026.05.19	01:03:33.751	0.58778	0.58779			6
2026.05.19	01:03:34.051	0.58775	0.58778			6
2026.05.19	01:03:34.952	0.58773	0.58776			6
2026.05.19	01:03:35.251	0.58777	0.58778			6
2026.05.19	01:03:35.552	0.58775				2
2026.05.19	01:03:35.854	0.58772	0.58775			6
2026.05.19	01:03:36.156	0.58773	0.58776			6
2026.05.19	01:03:36.455	0.58777	0.58779			6
2026.05.19	01:03:36.758	0.58775	0.58778			6
2026.05.19	01:03:37.355	0.58774	0.58777			6
2026.05.19	01:03:37.657	0.58772	0.58775			6
2026.05.19	01:03:37.956	0.58776	0.58779			6
2026.05.19	01:03:38.257	0.58775	0.58778			6
2026.05.19	01:03:38.557	0.58774	0.58777			6
2026.05.19	01:03:38.858	0.58777	0.58779			6
2026.05.19	01:03:39.158	0.58776				2
2026.05.19	01:03:43.967	0.58774	0.58777			6
2026.05.19	01:03:44.268	0.58777	0.58779			6
2026.05.19	01:03:44.569	0.58775	0.58778			6
2026.05.19	01:03:44.869	0.58774	0.58777			6
2026.05.19	01:03:45.169	0.58779	0.58780			6
2026.05.19	01:03:45.470	0.58776	0.58779			6
2026.05.19	01:03:45.771	0.58775	0.58778			6
2026.05.19	01:03:46.070	0.58778	0.58779			6
2026.05.19	01:03:46.373	0.58777				2
2026.05.19	01:03:46.673	0.58774	0.58777			6
2026.05.19	01:03:46.973	0.58776	0.58779			6
2026.05.19	01:03:47.274	0.58773	0.58776			6
2026.05.19	01:03:47.871	0.58778	0.58779			6
2026.05.19	01:03:48.174	0.58776				2
2026.05.19	01:03:48.472	0.58774	0.58777			6
2026.05.19	01:03:49.072	0.58778	0.58779			6
2026.05.19	01:03:49.377	0.58776				2
2026.05.19	01:03:49.681	0.58774	0.58777			6
2026.05.19	01:03:50.278	0.58777	0.58779			6
2026.05.19	01:03:50.580	0.58776				2
2026.05.19	01:03:50.877	0.58774	0.58777			6
2026.05.19	01:03:51.180	0.58773	0.58776			6
2026.05.19	01:03:51.477	0.58777	0.58779			6
2026.05.19	01:03:51.779	0.58775	0.58778			6
2026.05.19	01:03:52.077	0.58776	0.58779			6
2026.05.19	01:03:52.382	0.58774	0.58777			6
2026.05.19	01:03:52.678	0.58773	0.58776			6
2026.05.19	01:03:52.979	0.58778	0.58779			6
2026.05.19	01:03:53.279	0.58777				2
2026.05.19	01:03:53.581	0.58776				2
2026.05.19	01:03:53.881	0.58775	0.58778			6
2026.05.19	01:03:54.182	0.58777	0.58779			6
2026.05.19	01:03:54.480	0.58775	0.58778			6
2026.05.19	01:03:55.083	0.58774	0.58777			6
2026.05.19	01:03:55.382	0.58773	0.58776			6
2026.05.19	01:03:55.983	0.58776	0.58779			6
2026.05.19	01:03:56.284	0.58775	0.58778			6
2026.05.19	01:03:56.583	0.58774	0.58777			6
2026.05.19	01:03:57.183	0.58777	0.58779			6
2026.05.19	01:03:57.484	0.58775	0.58778			6
2026.05.19	01:03:57.784	0.58774	0.58777			6
2026.05.19	01:03:58.383	0.58777	0.58779			6
2026.05.19	01:03:58.685	0.58775	0.58778			6
2026.05.19	01:03:58.986	0.58774	0.58777			6
2026.05.19	01:03:59.286	0.58777	0.58779			6
2026.05.19	01:03:59.585	0.58773	0.58776			6
2026.05.19	01:03:59.884	0.58772	0.58775			6
2026.05.19	01:04:00.189	0.58774	0.58777			6
2026.05.19	01:04:00.488	0.58772	0.58775			6
2026.05.19	01:04:01.085	0.58776	0.58777			6
2026.05.19	01:04:01.387	0.58774				2
2026.05.19	01:04:01.688	0.58772	0.58775			6
2026.05.19	01:04:01.989	0.58770	0.58773			6
2026.05.19	01:04:05.595	0.58772	0.58775			6
2026.05.19	01:04:15.514	0.58768	0.58771			6
2026.05.19	01:04:15.816	0.58769	0.58772			6
2026.05.19	01:04:18.819	0.58770	0.58773			6
2026.05.19	01:04:19.123	0.58771	0.58774			6
2026.05.19	01:04:19.424	0.58772	0.58775			6
2026.05.19	01:04:21.526	0.58773	0.58776			6
2026.05.19	01:04:29.343	0.58772	0.58775			6
2026.05.19	01:04:39.557	0.58771	0.58774			6
2026.05.19	01:04:39.858	0.58769	0.58772			6
2026.05.19	01:04:41.359	0.58770	0.58773			6
2026.05.19	01:04:44.065	0.58769	0.58772			6
2026.05.19	01:04:50.371	0.58770	0.58773			6
2026.05.19	01:04:51.573	0.58771	0.58774			6
2026.05.19	01:04:55.474	0.58770	0.58773			6
2026.05.19	01:05:00.285	0.58771	0.58774			6
2026.05.19	01:05:00.582	0.58773	0.58776			6
2026.05.19	01:05:01.182	0.58772	0.58775			6
2026.05.19	01:05:01.480	0.58777	0.58778			6
2026.05.19	01:05:01.779	0.58776				2
2026.05.19	01:05:02.081	0.58774	0.58777			6
2026.05.19	01:05:02.381	0.58773	0.58776			6
2026.05.19	01:05:15.305	0.58774	0.58777			6
2026.05.19	01:05:36.059	0.58775	0.58778			6
2026.05.19	01:05:36.359	0.58776	0.58779			6
2026.05.19	01:05:36.661	0.58775	0.58778			6
2026.05.19	01:05:36.960	0.58777	0.58780			6
2026.05.19	01:05:37.260	0.58779	0.58781			6
2026.05.19	01:05:37.560	0.58777	0.58780			6
2026.05.19	01:05:46.576	0.58776	0.58779			6
2026.05.19	01:05:46.876	0.58774	0.58777			6
2026.05.19	01:05:47.175	0.58776	0.58779			6
2026.05.19	01:05:47.477	0.58774	0.58777			6
2026.05.19	01:05:47.775	0.58777	0.58780			6
2026.05.19	01:05:48.076	0.58776	0.58779			6
2026.05.19	01:06:00.101	0.58776				2
2026.05.19	01:06:00.699	0.58777	0.58780			6
2026.05.19	01:06:16.042	0.58778	0.58781			6
2026.05.19	01:06:52.690	0.58779	0.58782			6
2026.05.19	01:06:53.296	0.58780	0.58783			6
2026.05.19	01:06:54.200	0.58784	0.58786			6
2026.05.19	01:06:54.497	0.58782	0.58785			6
2026.05.19	01:06:54.799	0.58781	0.58784			6
2026.05.19	01:06:55.101	0.58783	0.58786			6
2026.05.19	01:06:55.703	0.58782	0.58785			6
2026.05.19	01:06:57.804	0.58781	0.58784			6
2026.05.19	01:07:00.207	0.58781				2
2026.05.19	01:07:00.809	0.58782	0.58785			6
2026.05.19	01:07:02.612	0.58780	0.58783			6
2026.05.19	01:07:12.537	0.58782	0.58785			6
2026.05.19	01:07:13.138	0.58781	0.58784			6
2026.05.19	01:07:13.435	0.58780	0.58783			6
2026.05.19	01:07:21.552	0.58774	0.58777			6
2026.05.19	01:07:21.848	0.58773	0.58776			6
2026.05.19	01:07:22.449	0.58771	0.58774			6
2026.05.19	01:07:23.353	0.58772	0.58775			6
2026.05.19	01:07:23.652	0.58771	0.58774			6
2026.05.19	01:07:26.663	0.58774	0.58777			6
2026.05.19	01:07:28.160	0.58776	0.58779			6
2026.05.19	01:07:28.460	0.58775	0.58778			6
2026.05.19	01:07:32.667	0.58773	0.58776			6
2026.05.19	01:07:37.770	0.58774	0.58777			6
2026.05.19	01:08:00.010	0.58774				2
2026.05.19	01:08:07.234	0.58775	0.58778			6
2026.05.19	01:08:08.140	0.58774	0.58777			6
2026.05.19	01:08:46.012	0.58773	0.58776			6
2026.05.19	01:09:00.157	0.58773				2
2026.05.19	01:09:05.568	0.58772	0.58775			6
2026.05.19	01:09:05.864	0.58770	0.58773			6
2026.05.19	01:09:06.765	0.58769	0.58772			6
2026.05.19	01:09:07.364	0.58768	0.58771			6
2026.05.19	01:09:12.176	0.58769	0.58772			6
2026.05.19	01:09:19.084	0.58768	0.58771			6
2026.05.19	01:09:19.687	0.58770	0.58773			6
2026.05.19	01:09:19.985	0.58768	0.58771			6
2026.05.19	01:09:45.861	0.58769	0.58772			6
2026.05.19	01:10:00.282	0.58769				2
2026.05.19	01:10:05.695	0.58770	0.58773			6
2026.05.19	01:10:06.294	0.58772	0.58775			6
2026.05.19	01:10:12.002	0.58770	0.58773			6
2026.05.19	01:10:13.503	0.58771	0.58774			6
2026.05.19	01:10:15.000	0.58773	0.58776			6
2026.05.19	01:10:15.303	0.58771	0.58774			6
2026.05.19	01:10:23.132	0.58772	0.58775			6
2026.05.19	01:10:48.680	0.58771	0.58774			6
2026.05.19	01:10:55.587	0.58770	0.58773			6
2026.05.19	01:10:56.489	0.58769	0.58772			6
2026.05.19	01:11:00.100	0.58769				2
2026.05.19	01:11:00.699	0.58768	0.58771			6
2026.05.19	01:11:01.296	0.58769	0.58772			6
2026.05.19	01:11:01.599	0.58768	0.58771			6
2026.05.19	01:11:01.899	0.58767	0.58770			6
2026.05.19	01:11:02.200	0.58769	0.58772			6
2026.05.19	01:11:04.602	0.58768	0.58771			6
2026.05.19	01:11:04.906	0.58770	0.58773			6
2026.05.19	01:11:06.406	0.58769	0.58772			6
2026.05.19	01:11:17.833	0.58770	0.58773			6
2026.05.19	01:11:24.152	0.58769	0.58772			6
2026.05.19	01:11:46.083	0.58771	0.58774			6
2026.05.19	01:12:00.229	0.58771				2
2026.05.19	01:12:13.144	0.58773	0.58776			6
2026.05.19	01:12:14.948	0.58772	0.58775			6
2026.05.19	01:12:15.849	0.58771	0.58774			6
2026.05.19	01:12:18.853	0.58770	0.58773			6
2026.05.19	01:12:19.152	0.58769	0.58772			6
2026.05.19	01:12:24.260	0.58770	0.58773			6
2026.05.19	01:12:32.671	0.58768	0.58771			6
2026.05.19	01:12:38.683	0.58767	0.58770			6
2026.05.19	01:12:41.087	0.58766	0.58769			6
2026.05.19	01:13:00.047	0.58766				2
2026.05.19	01:13:08.153	0.58767				2
2026.05.19	01:13:18.074	0.58766	0.58768			6
2026.05.19	01:13:20.476	0.58767	0.58769			6
2026.05.19	01:13:21.378		0.58770			4
2026.05.19	01:13:32.496	0.58768	0.58771			6
2026.05.19	01:13:32.798	0.58769	0.58772			6
2026.05.19	01:13:41.523	0.58770	0.58773			6
2026.05.19	01:13:48.447	0.58768	0.58771			6
2026.05.19	01:13:56.867	0.58767	0.58770			6
2026.05.19	01:14:00.172	0.58767				2
2026.05.19	01:14:02.571	0.58766	0.58769			6
2026.05.19	01:14:05.876	0.58767	0.58770			6
2026.05.19	01:14:13.989	0.58766	0.58769			6
2026.05.19	01:14:14.291	0.58764	0.58767			6
2026.05.19	01:14:17.297	0.58766	0.58769			6
2026.05.19	01:14:30.536	0.58764	0.58767			6
2026.05.19	01:14:41.072	0.58765	0.58768			6
2026.05.19	01:14:49.490	0.58767	0.58770			6
2026.05.19	01:14:49.789	0.58766	0.58769			6
2026.05.19	01:14:57.004	0.58768	0.58771			6
2026.05.19	01:14:57.300	0.58769	0.58772			6
2026.05.19	01:15:00.009	0.58769				2
2026.05.19	01:15:00.308	0.58768	0.58771			6
2026.05.19	01:15:00.606	0.58767	0.58770			6
2026.05.19	01:15:06.924	0.58768	0.58771			6
2026.05.19	01:15:07.525	0.58770	0.58773			6
2026.05.19	01:15:10.836	0.58771	0.58774			6
2026.05.19	01:15:34.584	0.58770	0.58773			6
2026.05.19	01:15:34.879	0.58769	0.58772			6
2026.05.19	01:15:35.180	0.58768	0.58771			6
2026.05.19	01:15:39.990	0.58769	0.58772			6
2026.05.19	01:15:43.599	0.58768	0.58771			6
2026.05.19	01:15:49.906	0.58769	0.58772			6
2026.05.19	01:16:00.146	0.58768	0.58771			6
2026.05.19	01:16:44.629	0.58769	0.58772			6
2026.05.19	01:17:00.269	0.58769				2
2026.05.19	01:17:01.472	0.58770	0.58773			6
2026.05.19	01:17:02.372	0.58769	0.58772			6
2026.05.19	01:17:12.899	0.58770	0.58773			6
2026.05.19	01:17:39.372	0.58771	0.58774			6
2026.05.19	01:17:42.375	0.58772				2
2026.05.19	01:18:00.134	0.58772				2
2026.05.19	01:18:10.967	0.58771	0.58773			6
2026.05.19	01:18:33.805	0.58770	0.58772			6
2026.05.19	01:18:34.403	0.58769	0.58771			6
2026.05.19	01:18:52.164	0.58770	0.58772			6
2026.05.19	01:18:59.972	0.58771	0.58773			6
2026.05.19	01:19:00.273	0.58771				2
2026.05.19	01:19:39.063	0.58772	0.58774			6
2026.05.19	01:19:39.365	0.58771	0.58773			6
2026.05.19	01:20:00.099	0.58772	0.58774			6
2026.05.19	01:20:01.300	0.58771	0.58773			6
2026.05.19	01:20:08.822	0.58772	0.58774			6
2026.05.19	01:20:13.339	0.58773	0.58775			6
2026.05.19	01:20:13.636	0.58772	0.58774			6
2026.05.19	01:20:16.038	0.58774	0.58776			6
2026.05.19	01:20:16.341	0.58776	0.58778			6
2026.05.19	01:20:17.240	0.58775				2
2026.05.19	01:20:28.963	0.58773	0.58776			6
2026.05.19	01:20:29.863	0.58772	0.58775			6
2026.05.19	01:20:34.368	0.58775	0.58778			6
2026.05.19	01:20:58.723	0.58773	0.58776			6
2026.05.19	01:20:59.022	0.58772	0.58775			6
2026.05.19	01:20:59.923	0.58773	0.58776			6
2026.05.19	01:21:00.224	0.58773				2
2026.05.19	01:21:08.044	0.58772	0.58775			6
2026.05.19	01:21:16.168	0.58773	0.58776			6
2026.05.19	01:21:16.766	0.58772	0.58775			6
2026.05.19	01:21:29.692	0.58771	0.58774			6
2026.05.19	01:21:40.208	0.58773	0.58776			6
2026.05.19	01:21:40.510	0.58775	0.58778			6
2026.05.19	01:21:40.812	0.58777	0.58780			6
2026.05.19	01:21:48.943	0.58776	0.58779			6
2026.05.19	01:22:00.068	0.58776				2
2026.05.19	01:22:15.086	0.58775	0.58778			6
2026.05.19	01:22:31.942	0.58776	0.58779			6
2026.05.19	01:22:52.381	0.58775	0.58778			6
2026.05.19	01:23:00.193	0.58775				2
2026.05.19	01:23:52.514		0.58778			4
2026.05.19	01:24:00.045	0.58775				2
2026.05.19	01:24:43.363	0.58779	0.58782			6
2026.05.19	01:24:43.663	0.58778	0.58781			6
2026.05.19	01:24:51.775	0.58779	0.58782			6
2026.05.19	01:25:00.189	0.58779				2
2026.05.19	01:25:00.488	0.58778	0.58781			6
2026.05.19	01:25:11.920	0.58777	0.58780			6
2026.05.19	01:25:12.224	0.58778	0.58781			6
2026.05.19	01:25:12.523	0.58779	0.58782			6
2026.05.19	01:25:14.026	0.58778	0.58781			6
2026.05.19	01:25:20.349	0.58779	0.58782			6
2026.05.19	01:25:20.652	0.58778	0.58781			6
2026.05.19	01:25:23.358	0.58779	0.58782			6
2026.05.19	01:25:25.165	0.58780	0.58783			6
2026.05.19	01:25:25.463	0.58778	0.58781			6
2026.05.19	01:25:28.466	0.58777	0.58780			6
2026.05.19	01:25:35.983	0.58778	0.58781			6
2026.05.19	01:25:54.938	0.58779	0.58782			6
2026.05.19	01:25:57.344	0.58778	0.58781			6
2026.05.19	01:25:57.640	0.58777	0.58780			6
2026.05.19	01:26:00.047	0.58777				2
2026.05.19	01:26:01.546	0.58778	0.58781			6
2026.05.19	01:26:02.750	0.58777	0.58780			6
2026.05.19	01:26:12.367	0.58775	0.58778			6
2026.05.19	01:27:00.185	0.58775				2
2026.05.19	01:27:01.686	0.58776	0.58779			6
2026.05.19	01:27:02.288	0.58775	0.58778			6
2026.05.19	01:27:23.051	0.58776	0.58779			6
2026.05.19	01:27:30.563	0.58773	0.58776			6
2026.05.19	01:27:30.866	0.58775	0.58778			6
2026.05.19	01:27:31.163	0.58774	0.58777			6
2026.05.19	01:27:32.367	0.58773	0.58776			6
2026.05.19	01:27:35.373	0.58774	0.58777			6
2026.05.19	01:27:37.779	0.58773	0.58776			6
2026.05.19	01:27:38.076	0.58772	0.58775			6
2026.05.19	01:27:38.378	0.58774	0.58777			6
2026.05.19	01:27:38.681	0.58773	0.58776			6
2026.05.19	01:27:45.589	0.58772	0.58775			6
2026.05.19	01:27:45.891	0.58773	0.58776			6
2026.05.19	01:27:50.704	0.58775	0.58778			6
2026.05.19	01:27:53.111	0.58774	0.58777			6
2026.05.19	01:27:56.132	0.58773	0.58776			6
2026.05.19	01:27:56.735	0.58774	0.58777			6
2026.05.19	01:27:57.035	0.58773	0.58776			6
2026.05.19	01:27:59.446	0.58774	0.58777			6
2026.05.19	01:28:00.050	0.58774				2
2026.05.19	01:28:01.849	0.58773	0.58776			6
2026.05.19	01:28:06.962	0.58774	0.58777			6
2026.05.19	01:28:14.172	0.58772	0.58775			6
2026.05.19	01:28:14.470	0.58774	0.58777			6
2026.05.19	01:28:25.890	0.58773	0.58776			6
2026.05.19	01:28:27.697	0.58774	0.58777			6
2026.05.19	01:28:33.703	0.58773	0.58776			6
2026.05.19	01:28:38.520	0.58774	0.58777			6
2026.05.19	01:28:40.629	0.58773	0.58776			6
2026.05.19	01:28:40.925	0.58772	0.58775			6
2026.05.19	01:28:41.527	0.58771	0.58774			6
2026.05.19	01:29:00.172	0.58771				2
2026.05.19	01:29:26.052	0.58775	0.58778			6
2026.05.19	01:29:26.349	0.58774	0.58777			6
2026.05.19	01:29:33.863	0.58775	0.58778			6
2026.05.19	01:29:34.463	0.58774	0.58777			6
2026.05.19	01:29:35.662	0.58775	0.58778			6
2026.05.19	01:29:36.866		0.58777			4
2026.05.19	01:29:37.165	0.58773	0.58776			6
2026.05.19	01:29:37.767	0.58772	0.58775			6
2026.05.19	01:29:42.276	0.58773	0.58776			6
2026.05.19	01:29:43.175	0.58772	0.58775			6
2026.05.19	01:29:43.776	0.58773	0.58776			6
2026.05.19	01:29:44.978	0.58772	0.58775			6
2026.05.19	01:29:49.789	0.58773	0.58776			6
2026.05.19	01:29:50.086	0.58772	0.58775			6
2026.05.19	01:29:55.201	0.58773	0.58776			6
2026.05.19	01:29:59.411	0.58775	0.58778			6
2026.05.19	01:30:00.012	0.58775				2
2026.05.19	01:30:00.614	0.58776	0.58779			6
2026.05.19	01:30:19.563	0.58775	0.58778			6
2026.05.19	01:30:21.967	0.58772	0.58775			6
2026.05.19	01:30:22.270	0.58773	0.58776			6
2026.05.19	01:30:26.474	0.58772	0.58775			6
2026.05.19	01:30:26.773	0.58774	0.58777			6
2026.05.19	01:30:43.300	0.58773	0.58776			6
2026.05.19	01:30:46.005	0.58774	0.58777			6
2026.05.19	01:30:50.817	0.58775	0.58778			6
2026.05.19	01:30:54.131	0.58774	0.58777			6
2026.05.19	01:30:56.238	0.58773	0.58776			6
2026.05.19	01:31:00.153	0.58773				2
2026.05.19	01:31:03.455	0.58772	0.58775			6
2026.05.19	01:31:38.619	0.58771	0.58774			6
2026.05.19	01:31:40.727	0.58772	0.58775			6
2026.05.19	01:31:59.368	0.58770	0.58773			6
2026.05.19	01:32:00.274	0.58770				2
2026.05.19	01:32:12.298	0.58774	0.58777			6
2026.05.19	01:32:12.599	0.58773	0.58776			6
2026.05.19	01:32:12.898	0.58771	0.58774			6
2026.05.19	01:32:55.634	0.58772	0.58775			6
2026.05.19	01:32:55.931	0.58773	0.58776			6
2026.05.19	01:32:56.233	0.58774	0.58777			6
2026.05.19	01:32:57.438	0.58773	0.58776			6
2026.05.19	01:33:00.152	0.58773				2
2026.05.19	01:33:02.852	0.58774	0.58777			6
2026.05.19	01:33:04.356	0.58775				2
2026.05.19	01:33:04.960	0.58776	0.58779			6
2026.05.19	01:33:47.074	0.58777	0.58780			6
2026.05.19	01:33:56.392	0.58776	0.58779			6
2026.05.19	01:34:00.302	0.58776				2
2026.05.19	01:34:30.679	0.58773	0.58776			6
2026.05.19	01:34:41.790	0.58772	0.58775			6
2026.05.19	01:34:42.088	0.58771	0.58774			6
2026.05.19	01:34:42.389	0.58772	0.58775			6
2026.05.19	01:35:00.148	0.58772				2
2026.05.19	01:35:01.655	0.58771	0.58774			6
2026.05.19	01:35:58.766	0.58772	0.58775			6
2026.05.19	01:36:00.272	0.58772				2
2026.05.19	01:36:08.981	0.58771	0.58774			6
2026.05.19	01:37:00.099	0.58771				2
2026.05.19	01:37:09.133		0.58774			4
2026.05.19	01:37:15.741	0.58772	0.58775			6
2026.05.19	01:37:16.344	0.58771	0.58774			6
2026.05.19	01:37:48.197	0.58772				2
2026.05.19	01:38:00.239	0.58772				2
2026.05.19	01:38:08.954	0.58774	0.58776			6
2026.05.19	01:38:09.258		0.58777			4
2026.05.19	01:38:10.762	0.58773	0.58776			6
2026.05.19	01:38:12.265	0.58774	0.58777			6
2026.05.19	01:38:12.565	0.58773	0.58776			6
2026.05.19	01:38:14.076	0.58775	0.58778			6
2026.05.19	01:38:16.473	0.58774	0.58776			6
2026.05.19	01:38:16.772	0.58775	0.58778			6
2026.05.19	01:38:17.071	0.58773	0.58776			6
2026.05.19	01:38:19.474	0.58774				2
2026.05.19	01:38:19.774	0.58773				2
2026.05.19	01:38:20.376	0.58774				2
2026.05.19	01:38:20.974	0.58773				2
2026.05.19	01:38:28.786	0.58772	0.58775			6
2026.05.19	01:38:29.994	0.58773	0.58776			6
2026.05.19	01:38:33.900	0.58774	0.58777			6
2026.05.19	01:38:36.304	0.58773	0.58776			6
2026.05.19	01:38:38.408		0.58777			4
2026.05.19	01:38:39.621	0.58774	0.58778			6
2026.05.19	01:38:47.145	0.58775	0.58779			6
2026.05.19	01:38:47.445	0.58774	0.58778			6
2026.05.19	01:38:48.046	0.58773	0.58777			6
2026.05.19	01:38:50.758	0.58775	0.58778			6
2026.05.19	01:38:51.059	0.58773	0.58777			6
2026.05.19	01:38:57.371	0.58774	0.58778			6
2026.05.19	01:38:57.670	0.58773	0.58777			6
2026.05.19	01:38:58.872	0.58774	0.58778			6
2026.05.19	01:38:59.772	0.58773	0.58777			6
2026.05.19	01:39:00.077	0.58774	0.58778			6
2026.05.19	01:39:03.382	0.58775	0.58779			6
2026.05.19	01:39:03.676	0.58773	0.58777			6
2026.05.19	01:39:03.980	0.58772	0.58776			6
2026.05.19	01:39:04.279	0.58771	0.58775			6
2026.05.19	01:40:00.230	0.58771				2
2026.05.19	01:40:00.530	0.58770	0.58774			6
2026.05.19	01:40:01.425	0.58771				2
2026.05.19	01:40:02.327	0.58772	0.58775			6
2026.05.19	01:40:02.928		0.58776			4
2026.05.19	01:40:03.226	0.58771	0.58775			6
2026.05.19	01:40:04.734	0.58772	0.58776			6
2026.05.19	01:40:05.933	0.58771	0.58775			6
2026.05.19	01:40:12.249		0.58774			4
2026.05.19	01:40:55.237	0.58776	0.58779			6
2026.05.19	01:40:56.138		0.58780			4
2026.05.19	01:41:00.047	0.58776				2
2026.05.19	01:41:03.350		0.58779			4
2026.05.19	01:41:05.452	0.58775				2
2026.05.19	01:41:28.293	0.58776				2
2026.05.19	01:41:33.103	0.58775				2
2026.05.19	01:41:39.123	0.58776	0.58780			6
2026.05.19	01:41:42.133	0.58775	0.58779			6
2026.05.19	01:41:46.046	0.58776				2
2026.05.19	01:41:49.957	0.58777				2
2026.05.19	01:41:50.253		0.58780			4
2026.05.19	01:42:00.174	0.58777				2
2026.05.19	01:42:02.575	0.58776				2
2026.05.19	01:42:05.280		0.58779			4
2026.05.19	01:42:05.880	0.58777				2
2026.05.19	01:42:06.179	0.58780	0.58783			6
2026.05.19	01:42:07.382		0.58784			4
2026.05.19	01:42:14.892	0.58781	0.58785			6
2026.05.19	01:42:16.097	0.58780	0.58784			6
2026.05.19	01:42:19.395	0.58781	0.58785			6
2026.05.19	01:42:19.695	0.58780	0.58783			6
2026.05.19	01:42:38.656	0.58779	0.58782			6
2026.05.19	01:42:38.952		0.58783			4
2026.05.19	01:42:42.867	0.58780	0.58784			6
2026.05.19	01:42:50.383	0.58779	0.58783			6
2026.05.19	01:42:56.389	0.58780				2
2026.05.19	01:42:58.798	0.58779	0.58782			6
2026.05.19	01:43:00.002	0.58779				2
2026.05.19	01:43:03.018	0.58780	0.58783			6
2026.05.19	01:43:07.835	0.58779	0.58782			6
2026.05.19	01:43:19.871	0.58777	0.58780			6
2026.05.19	01:43:20.170	0.58776				2
2026.05.19	01:43:22.881		0.58779			4
2026.05.19	01:43:23.175		0.58778			4
2026.05.19	01:43:23.477	0.58775				2
2026.05.19	01:43:23.774	0.58776	0.58779			6
2026.05.19	01:43:24.078	0.58775	0.58778			6
2026.05.19	01:43:24.375	0.58776	0.58780			6
2026.05.19	01:43:24.679		0.58778			4
2026.05.19	01:43:25.281		0.58780			4
2026.05.19	01:43:34.299		0.58779			4
2026.05.19	01:43:51.442	0.58777	0.58780			6
2026.05.19	01:44:00.170	0.58777				2
2026.05.19	01:44:14.290	0.58778	0.58781			6
2026.05.19	01:44:16.094		0.58780			4
2026.05.19	01:44:17.898	0.58777				2
2026.05.19	01:44:18.499		0.58779			4
2026.05.19	01:44:18.799		0.58780			4
2026.05.19	01:44:26.027	0.58776	0.58779			6
2026.05.19	01:44:30.240	0.58777	0.58780			6
2026.05.19	01:44:49.175	0.58776	0.58779			6
2026.05.19	01:44:53.079	0.58777	0.58780			6
2026.05.19	01:44:53.981	0.58776	0.58779			6
2026.05.19	01:44:56.683	0.58777	0.58780			6
2026.05.19	01:44:57.893	0.58775	0.58778			6
2026.05.19	01:44:58.187	0.58772	0.58775			6
2026.05.19	01:44:59.989		0.58774			4
2026.05.19	01:45:00.291	0.58772				2
2026.05.19	01:45:02.397		0.58775			4
2026.05.19	01:45:07.514	0.58771	0.58774			6
2026.05.19	01:45:07.811	0.58770	0.58773			6
2026.05.19	01:46:00.079	0.58770				2
2026.05.19	01:46:00.676	0.58769	0.58772			6
2026.05.19	01:46:00.976	0.58770	0.58773			6
2026.05.19	01:46:39.468	0.58769	0.58772			6
2026.05.19	01:46:40.067	0.58770	0.58773			6
2026.05.19	01:46:51.781	0.58771	0.58774			6
2026.05.19	01:46:52.683	0.58773	0.58776			6
2026.05.19	01:47:00.196	0.58773				2
2026.05.19	01:47:12.526	0.58772	0.58775			6
2026.05.19	01:47:29.072	0.58771	0.58774			6
2026.05.19	01:47:29.674	0.58773	0.58776			6
2026.05.19	01:47:42.596	0.58772	0.58775			6
2026.05.19	01:48:00.046	0.58772				2
2026.05.19	01:48:12.365	0.58771	0.58774			6
2026.05.19	01:48:12.966		0.58773			4
2026.05.19	01:48:24.984		0.58774			4
2026.05.19	01:48:42.132	0.58774	0.58775			6
2026.05.19	01:48:42.430	0.58776	0.58779			6
2026.05.19	01:48:42.730	0.58777	0.58780			6
2026.05.19	01:48:43.331	0.58776				2
2026.05.19	01:48:55.664	0.58775	0.58779			6
2026.05.19	01:48:56.269	0.58776				2
2026.05.19	01:48:56.570	0.58775	0.58778			6
2026.05.19	01:48:56.868	0.58776	0.58779			6
2026.05.19	01:49:00.181	0.58776				2
2026.05.19	01:49:30.555	0.58775	0.58778			6
2026.05.19	01:49:30.855	0.58773	0.58776			6
2026.05.19	01:49:31.155		0.58777			4
2026.05.19	01:49:32.658	0.58774	0.58778			6
2026.05.19	01:49:32.959	0.58773	0.58777			6
2026.05.19	01:49:38.668	0.58775	0.58779			6
2026.05.19	01:49:57.894	0.58776	0.58780			6
2026.05.19	01:50:00.301	0.58776				2
2026.05.19	01:50:02.411	0.58778	0.58782			6
2026.05.19	01:50:17.471	0.58777	0.58781			6
2026.05.19	01:50:29.194	0.58778				2
2026.05.19	01:51:00.169	0.58778				2
2026.05.19	01:51:02.273	0.58779				2
2026.05.19	01:51:02.571	0.58778				2
2026.05.19	01:51:17.596		0.58781			4
2026.05.19	01:51:17.899	0.58779	0.58782			6
2026.05.19	01:51:18.199	0.58778	0.58781			6
2026.05.19	01:51:50.683	0.58772	0.58775			6
2026.05.19	01:51:50.984	0.58775	0.58778			6
2026.05.19	01:51:52.490	0.58774	0.58777			6
2026.05.19	01:51:55.494	0.58775	0.58778			6
2026.05.19	01:52:00.004	0.58775				2
2026.05.19	01:52:01.509	0.58776	0.58779			6
2026.05.19	01:52:12.058	0.58775	0.58777			6
2026.05.19	01:52:12.360		0.58778			4
2026.05.19	01:52:12.960		0.58777			4
2026.05.19	01:52:13.262		0.58778			4
2026.05.19	01:52:13.561		0.58777			4
2026.05.19	01:52:13.861		0.58778			4
2026.05.19	01:52:15.367	0.58774	0.58777			6
2026.05.19	01:52:16.267	0.58775	0.58778			6
2026.05.19	01:52:16.570	0.58774	0.58777			6
2026.05.19	01:52:20.780	0.58776	0.58779			6
2026.05.19	01:52:21.082	0.58777	0.58780			6
2026.05.19	01:52:50.567	0.58776	0.58779			6
2026.05.19	01:53:00.181	0.58776				2
2026.05.19	01:53:00.781	0.58775	0.58778			6
2026.05.19	01:53:01.081	0.58776	0.58779			6
2026.05.19	01:53:01.681	0.58774	0.58777			6
2026.05.19	01:53:01.981	0.58776	0.58779			6
2026.05.19	01:53:07.692	0.58777	0.58780			6
2026.05.19	01:53:07.990	0.58778	0.58781			6
2026.05.19	01:53:08.591	0.58779	0.58782			6
2026.05.19	01:53:08.892	0.58780	0.58783			6
2026.05.19	01:53:10.393	0.58781	0.58784			6
2026.05.19	01:53:10.694	0.58782	0.58785			6
2026.05.19	01:53:21.819	0.58781	0.58784			6
2026.05.19	01:53:25.431	0.58780	0.58783			6
2026.05.19	01:53:27.835	0.58779	0.58782			6
2026.05.19	01:53:28.138	0.58778				2
2026.05.19	01:53:31.143	0.58779	0.58783			6
2026.05.19	01:53:35.352		0.58782			4
2026.05.19	01:53:44.367	0.58780				2
2026.05.19	01:53:50.386	0.58778	0.58781			6
2026.05.19	01:54:00.003	0.58778				2
2026.05.19	01:54:01.205	0.58779	0.58782			6
2026.05.19	01:54:02.711	0.58778	0.58781			6
2026.05.19	01:54:47.817	0.58779				2
2026.05.19	01:54:53.837	0.58778				2
2026.05.19	01:55:00.150	0.58778				2
2026.05.19	01:55:02.854		0.58781			4
2026.05.19	01:55:21.785	0.58780	0.58783			6
2026.05.19	01:55:22.085	0.58779	0.58782			6
2026.05.19	01:55:22.687	0.58780	0.58783			6
2026.05.19	01:55:23.288	0.58781	0.58784			6
2026.05.19	01:55:25.390	0.58780	0.58783			6
2026.05.19	01:55:25.693	0.58781	0.58784			6
2026.05.19	01:55:30.501	0.58780	0.58783			6
2026.05.19	01:55:46.756	0.58781	0.58784			6
2026.05.19	01:55:47.358	0.58780	0.58783			6
2026.05.19	01:55:51.863	0.58781	0.58784			6
2026.05.19	01:55:52.163	0.58782	0.58785			6
2026.05.19	01:55:54.866	0.58781	0.58784			6
2026.05.19	01:55:56.969	0.58780	0.58783			6
2026.05.19	01:56:00.276	0.58779	0.58782			6
2026.05.19	01:56:00.875	0.58780	0.58783			6
2026.05.19	01:56:06.583	0.58779	0.58782			6
2026.05.19	01:56:06.882	0.58780	0.58783			6
2026.05.19	01:56:22.233	0.58779	0.58782			6
2026.05.19	01:56:31.560	0.58780	0.58783			6
2026.05.19	01:56:31.858	0.58781	0.58784			6
2026.05.19	01:56:33.963	0.58780	0.58783			6
2026.05.19	01:56:36.065	0.58781	0.58784			6
2026.05.19	01:56:37.867	0.58780	0.58783			6
2026.05.19	01:56:42.670	0.58781	0.58784			6
2026.05.19	01:56:46.575	0.58780	0.58783			6
2026.05.19	01:56:48.984	0.58779	0.58782			6
2026.05.19	01:57:00.100	0.58779				2
2026.05.19	01:57:12.134	0.58780				2
2026.05.19	01:57:12.434	0.58779	0.58781			6
2026.05.19	01:57:23.258	0.58780	0.58782			6
2026.05.19	01:57:35.286	0.58781	0.58783			6
2026.05.19	01:57:35.590	0.58782	0.58784			6
2026.05.19	01:57:39.496	0.58781	0.58783			6
2026.05.19	01:57:41.599	0.58782	0.58784			6
2026.05.19	01:57:42.801	0.58781	0.58783			6
2026.05.19	01:57:43.105	0.58782	0.58784			6
2026.05.19	01:57:55.442	0.58781	0.58783			6
2026.05.19	01:57:56.346	0.58782	0.58784			6
2026.05.19	01:57:59.056	0.58781	0.58783			6
2026.05.19	01:58:00.261	0.58781				2
2026.05.19	01:58:02.063	0.58782	0.58784			6
2026.05.19	01:58:02.362	0.58781	0.58783			6
2026.05.19	01:58:08.074	0.58782	0.58784			6
2026.05.19	01:58:10.182	0.58780	0.58782			6
2026.05.19	01:58:10.784	0.58781	0.58783			6
2026.05.19	01:58:11.386		0.58784			4
2026.05.19	01:58:14.089	0.58780	0.58783			6
2026.05.19	01:58:22.209	0.58781	0.58784			6
2026.05.19	01:58:29.742	0.58779	0.58782			6
2026.05.19	01:58:30.041	0.58780	0.58783			6
2026.05.19	01:58:38.162	0.58781				2
2026.05.19	01:58:54.387	0.58780				2
2026.05.19	01:58:55.287	0.58781				2
2026.05.19	01:59:00.104	0.58781				2
2026.05.19	01:59:03.718	0.58780	0.58782			6
2026.05.19	01:59:04.019	0.58779	0.58781			6
2026.05.19	01:59:39.525	0.58780	0.58782			6
2026.05.19	01:59:40.732	0.58779	0.58781			6
2026.05.19	01:59:59.373	0.58780	0.58782			6
2026.05.19	02:00:00.281	0.58780				2
2026.05.19	02:00:02.381	0.58779	0.58781			6
2026.05.19	02:00:03.582	0.58780	0.58782			6
2026.05.19	02:00:05.084	0.58779	0.58781			6
2026.05.19	02:00:08.991	0.58780	0.58782			6
2026.05.19	02:00:12.303	0.58781	0.58783			6
2026.05.19	02:00:12.599	0.58782	0.58784			6
2026.05.19	02:00:12.900	0.58781	0.58783			6
2026.05.19	02:00:13.199	0.58782	0.58784			6
2026.05.19	02:00:16.812	0.58781	0.58783			6
2026.05.19	02:00:17.109	0.58782	0.58784			6
2026.05.19	02:00:18.612	0.58781	0.58783			6
2026.05.19	02:00:21.920	0.58780	0.58782			6
2026.05.19	02:00:22.819	0.58779	0.58781			6
2026.05.19	02:00:23.421	0.58780	0.58782			6
2026.05.19	02:00:24.326	0.58779				2
2026.05.19	02:00:25.526	0.58780	0.58783			6
2026.05.19	02:00:25.826	0.58779	0.58782			6
2026.05.19	02:00:26.126	0.58780	0.58783			6
2026.05.19	02:00:26.426	0.58781	0.58784			6
2026.05.19	02:00:27.025	0.58786	0.58789			6
2026.05.19	02:00:27.332	0.58785				2
2026.05.19	02:00:27.936	0.58786	0.58790			6
2026.05.19	02:00:28.232	0.58784	0.58788			6
2026.05.19	02:00:28.837	0.58782	0.58786			6
2026.05.19	02:00:44.394	0.58780	0.58784			6
2026.05.19	02:00:44.694	0.58779	0.58783			6
2026.05.19	02:00:47.401	0.58780	0.58784			6
2026.05.19	02:00:47.703	0.58779	0.58783			6
2026.05.19	02:00:48.004	0.58780	0.58784			6
2026.05.19	02:00:49.809		0.58783			4
2026.05.19	02:00:50.110	0.58779				2
2026.05.19	02:00:50.712	0.58780				2
2026.05.19	02:00:51.013		0.58784			4
2026.05.19	02:00:55.825	0.58779	0.58783			6
2026.05.19	02:00:56.725	0.58780	0.58784			6
2026.05.19	02:00:58.230	0.58779	0.58783			6
2026.05.19	02:00:58.533	0.58780	0.58784			6
2026.05.19	02:01:00.049	0.58780				2
2026.05.19	02:01:00.351		0.58783			4
2026.05.19	02:01:00.652		0.58784			4
2026.05.19	02:01:05.276	0.58781	0.58785			6
2026.05.19	02:01:06.480	0.58780	0.58784			6
2026.05.19	02:01:07.385	0.58781				2
2026.05.19	02:01:07.687	0.58780				2
2026.05.19	02:01:07.987		0.58783			4
2026.05.19	02:01:08.288		0.58784			4
2026.05.19	02:01:11.297	0.58781	0.58785			6
2026.05.19	02:01:13.102		0.58784			4
2026.05.19	02:01:15.807		0.58785			4
2026.05.19	02:01:17.613	0.58780	0.58784			6
2026.05.19	02:01:18.214	0.58781	0.58785			6
2026.05.19	02:01:19.416	0.58782	0.58786			6
2026.05.19	02:01:20.921	0.58781	0.58785			6
2026.05.19	02:01:22.726	0.58782	0.58786			6
2026.05.19	02:01:23.027	0.58781	0.58785			6
2026.05.19	02:01:23.328	0.58782	0.58786			6
2026.05.19	02:01:23.930	0.58781	0.58785			6
2026.05.19	02:01:25.734	0.58780	0.58784			6
2026.05.19	02:01:26.033	0.58782	0.58786			6
2026.05.19	02:01:27.237	0.58781	0.58785			6
2026.05.19	02:01:29.046	0.58780	0.58784			6
2026.05.19	02:01:29.346	0.58781	0.58785			6
2026.05.19	02:01:32.049	0.58780	0.58784			6
2026.05.19	02:01:39.864	0.58781				2
2026.05.19	02:01:46.179	0.58780				2
2026.05.19	02:01:53.089	0.58781	0.58785			6
2026.05.19	02:01:54.892	0.58780	0.58784			6
2026.05.19	02:01:57.899	0.58781	0.58785			6
2026.05.19	02:02:00.006	0.58780	0.58784			6
2026.05.19	02:02:02.718	0.58781	0.58785			6
2026.05.19	02:02:05.723	0.58779	0.58783			6
2026.05.19	02:02:06.024	0.58780	0.58784			6
2026.05.19	02:02:08.431	0.58779	0.58783			6
2026.05.19	02:02:12.346	0.58780	0.58784			6
2026.05.19	02:02:12.646	0.58781	0.58785			6
2026.05.19	02:02:18.930	0.58782	0.58786			6
2026.05.19	02:02:19.532		0.58785			4
2026.05.19	02:02:20.437	0.58781				2
2026.05.19	02:02:27.047	0.58780	0.58784			6
2026.05.19	02:02:27.348	0.58781	0.58785			6
2026.05.19	02:02:30.652	0.58779	0.58783			6
2026.05.19	02:02:30.952	0.58780	0.58784			6
2026.05.19	02:02:46.277	0.58781	0.58785			6
2026.05.19	02:02:52.587	0.58780	0.58784			6
2026.05.19	02:03:00.117	0.58780				2
2026.05.19	02:03:01.703	0.58781				2
2026.05.19	02:03:04.716	0.58780				2
2026.05.19	02:03:06.494	0.58781	0.58785			6
2026.05.19	02:03:15.089		0.58784			4
2026.05.19	02:03:15.390	0.58780	0.58783			6
2026.05.19	02:03:18.094	0.58781				2
2026.05.19	02:03:18.695		0.58784			4
2026.05.19	02:03:18.995	0.58782	0.58786			6
2026.05.19	02:03:19.294	0.58783				2
2026.05.19	02:03:26.047		0.58785			4
2026.05.19	02:03:26.648	0.58781	0.58782			6
2026.05.19	02:03:26.947	0.58780	0.58783			6
2026.05.19	02:03:29.860	0.58779	0.58781			6
2026.05.19	02:03:30.763		0.58783			4
2026.05.19	02:03:31.329	0.58780				2
2026.05.19	02:03:31.631		0.58782			4
2026.05.19	02:03:33.435	0.58778				2
2026.05.19	02:03:33.734	0.58777	0.58780			6
2026.05.19	02:03:34.035	0.58778	0.58782			6
2026.05.19	02:03:51.324	0.58777	0.58781			6
2026.05.19	02:03:57.342	0.58778				2
2026.05.19	02:04:00.046	0.58778				2
2026.05.19	02:04:05.154	0.58779				2
2026.05.19	02:04:05.755	0.58777				2
2026.05.19	02:04:06.655		0.58780			4
2026.05.19	02:04:06.955	0.58778				2
2026.05.19	02:04:08.155	0.58777				2
2026.05.19	02:04:08.456		0.58781			4
2026.05.19	02:04:09.658	0.58778				2
2026.05.19	02:04:09.958	0.58777				2
2026.05.19	02:04:10.885	0.58778				2
2026.05.19	02:04:20.406	0.58777				2
2026.05.19	02:04:22.210		0.58780			4
2026.05.19	02:04:24.913	0.58778	0.58781			6
2026.05.19	02:04:28.221	0.58777				2
2026.05.19	02:04:32.475	0.58778				2
2026.05.19	02:04:41.238	0.58777				2
2026.05.19	02:04:41.539		0.58780			4
2026.05.19	02:04:42.141	0.58778				2
2026.05.19	02:04:50.255		0.58781			4
2026.05.19	02:04:52.025	0.58779				2
2026.05.19	02:05:00.143	0.58779				2
2026.05.19	02:05:03.453		0.58782			4
2026.05.19	02:05:03.753		0.58781			4
2026.05.19	02:05:15.771		0.58782			4
2026.05.19	02:05:16.855	0.58778				2
2026.05.19	02:05:18.497		0.58781			4
2026.05.19	02:05:18.798	0.58777				2
2026.05.19	02:05:27.259	0.58778				2
2026.05.19	02:05:39.613	0.58777	0.58780			6
2026.05.19	02:05:39.915		0.58781			4
2026.05.19	02:05:40.605		0.58780			4
2026.05.19	02:05:48.284		0.58779			4
2026.05.19	02:06:00.014	0.58777				2
2026.05.19	02:06:01.817	0.58775	0.58778			6
2026.05.19	02:06:02.417		0.58777			4
2026.05.19	02:06:03.319		0.58778			4
2026.05.19	02:06:07.230	0.58776				2
2026.05.19	02:06:07.833		0.58779			4
2026.05.19	02:06:15.648		0.58778			4
2026.05.19	02:06:17.155	0.58773	0.58775			6
2026.05.19	02:06:22.563	0.58772				2
2026.05.19	02:06:37.282		0.58776			4
2026.05.19	02:06:38.787	0.58773				2
2026.05.19	02:06:39.390		0.58775			4
2026.05.19	02:06:48.114		0.58774			4
2026.05.19	02:06:51.123		0.58775			4
2026.05.19	02:06:55.039		0.58776			4
2026.05.19	02:06:57.446		0.58775			4
2026.05.19	02:07:00.150	0.58775	0.58778			6
2026.05.19	02:07:00.450	0.58776	0.58779			6
2026.05.19	02:07:01.051	0.58775	0.58778			6
2026.05.19	02:07:01.351	0.58774				2
2026.05.19	02:07:07.063	0.58772	0.58776			6
2026.05.19	02:07:08.160	0.58773				2
2026.05.19	02:07:08.462	0.58772				2
2026.05.19	02:07:08.762		0.58775			4
2026.05.19	02:07:10.567	0.58773	0.58777			6
2026.05.19	02:07:11.768		0.58776			4
2026.05.19	02:07:14.473	0.58772				2
2026.05.19	02:07:16.747	0.58773				2
2026.05.19	02:07:27.115	0.58772				2
2026.05.19	02:07:30.879	0.58773				2
2026.05.19	02:07:39.201	0.58772				2
2026.05.19	02:07:40.404	0.58773				2
2026.05.19	02:07:44.624	0.58772				2
2026.05.19	02:07:46.265	0.58773				2
2026.05.19	02:07:52.380		0.58775			4
2026.05.19	02:07:52.679	0.58772				2
2026.05.19	02:07:58.387	0.58773				2
2026.05.19	02:08:00.193	0.58773				2
2026.05.19	02:08:02.294		0.58776			4
2026.05.19	02:08:17.582		0.58775			4
2026.05.19	02:08:29.903		0.58774			4
2026.05.19	02:08:33.213		0.58775			4
2026.05.19	02:08:33.818	0.58772				2
2026.05.19	02:08:34.720	0.58771	0.58774			6
2026.05.19	02:08:35.020	0.58769	0.58772			6
2026.05.19	02:08:35.322		0.58773			4
2026.05.19	02:08:36.041	0.58770				2
2026.05.19	02:08:37.242		0.58772			4
2026.05.19	02:08:39.952		0.58773			4
2026.05.19	02:08:41.758		0.58772			4
2026.05.19	02:08:50.172		0.58773			4
2026.05.19	02:08:50.472	0.58771	0.58774			6
2026.05.19	02:08:51.375	0.58770				2
2026.05.19	02:08:55.281	0.58771	0.58775			6
2026.05.19	02:08:57.083	0.58772				2
2026.05.19	02:08:58.286		0.58774			4
2026.05.19	02:09:00.088	0.58772				2
2026.05.19	02:09:03.393		0.58775			4
2026.05.19	02:09:35.123	0.58771	0.58773			6
2026.05.19	02:09:43.247	0.58772				2
2026.05.19	02:09:44.147		0.58774			4
2026.05.19	02:09:46.253	0.58771				2
2026.05.19	02:09:47.455	0.58770	0.58773			6
2026.05.19	02:09:54.065		0.58772			4
2026.05.19	02:09:58.873		0.58773			4
2026.05.19	02:10:00.075	0.58770				2
2026.05.19	02:10:08.487	0.58767	0.58770			6
2026.05.19	02:10:36.751	0.58766	0.58769			6
2026.05.19	02:10:43.660	0.58767	0.58770			6
2026.05.19	02:10:48.108		0.58769			4
2026.05.19	02:11:00.140	0.58767				2
2026.05.19	02:11:01.642	0.58766	0.58767			6
2026.05.19	02:11:02.842	0.58765				2
2026.05.19	02:11:04.347	0.58767	0.58769			6
2026.05.19	02:11:05.248	0.58766				2
2026.05.19	02:11:08.558		0.58768			4
2026.05.19	02:11:08.858		0.58769			4
2026.05.19	02:11:09.458		0.58768			4
2026.05.19	02:11:09.758		0.58769			4
2026.05.19	02:11:10.059	0.58767	0.58770			6
2026.05.19	02:11:10.360		0.58769			4
2026.05.19	02:11:11.863	0.58766	0.58768			6
2026.05.19	02:11:12.163	0.58767	0.58769			6
2026.05.19	02:11:24.186	0.58768	0.58770			6
2026.05.19	02:12:00.284	0.58768				2
2026.05.19	02:12:05.695	0.58766	0.58767			6
2026.05.19	02:12:06.296	0.58767	0.58769			6
2026.05.19	02:12:08.698		0.58768			4
2026.05.19	02:12:08.999	0.58766				2
2026.05.19	02:12:20.732	0.58767	0.58769			6
2026.05.19	02:12:23.137	0.58766	0.58768			6
2026.05.19	02:12:27.048	0.58765	0.58767			6
2026.05.19	02:12:28.548	0.58766	0.58768			6
2026.05.19	02:12:38.775	0.58767	0.58769			6
2026.05.19	02:12:43.282	0.58764	0.58766			6
2026.05.19	02:12:44.186	0.58763	0.58765			6
2026.05.19	02:12:50.494	0.58764				2
2026.05.19	02:12:50.794		0.58766			4
2026.05.19	02:12:51.396	0.58765	0.58767			6
2026.05.19	02:13:00.120	0.58765				2
2026.05.19	02:13:03.124	0.58764	0.58766			6
2026.05.19	02:13:08.237	0.58766	0.58768			6
2026.05.19	02:13:09.138	0.58765				2
2026.05.19	02:13:11.438	0.58766	0.58769			6
2026.05.19	02:13:15.354	0.58768	0.58771			6
2026.05.19	02:13:15.654	0.58767	0.58770			6
2026.05.19	02:13:16.555	0.58768	0.58771			6
2026.05.19	02:13:22.565		0.58770			4
2026.05.19	02:13:22.864	0.58767	0.58769			6
2026.05.19	02:13:23.765	0.58766				2
2026.05.19	02:13:39.074	0.58765	0.58767			6
2026.05.19	02:13:39.375		0.58768			4
2026.05.19	02:13:39.975	0.58764	0.58767			6
2026.05.19	02:13:40.276	0.58765	0.58768			6
2026.05.19	02:13:45.422	0.58766				2
2026.05.19	02:13:47.826		0.58769			4
2026.05.19	02:14:00.154	0.58766				2
2026.05.19	02:14:09.168	0.58767				2
2026.05.19	02:14:12.473	0.58766				2
2026.05.19	02:14:26.293	0.58767				2
2026.05.19	02:14:35.626	0.58765	0.58767			6
2026.05.19	02:14:36.228	0.58764				2
2026.05.19	02:14:39.842	0.58765				2
2026.05.19	02:14:40.143	0.58764				2
2026.05.19	02:14:41.346	0.58765				2
2026.05.19	02:14:42.848	0.58763	0.58766			6
2026.05.19	02:14:43.149	0.58764	0.58767			6
2026.05.19	02:14:48.561	0.58763	0.58766			6
2026.05.19	02:14:49.162	0.58764	0.58767			6
2026.05.19	02:14:52.171	0.58765				2
2026.05.19	02:14:55.176	0.58764	0.58766			6
2026.05.19	02:14:56.378	0.58765	0.58767			6
2026.05.19	02:14:57.881	0.58764	0.58766			6
2026.05.19	02:14:58.185	0.58765	0.58767			6
2026.05.19	02:15:00.291	0.58765	0.58766			6
2026.05.19	02:15:02.398		0.58767			4
2026.05.19	02:15:12.621	0.58764	0.58766			6
2026.05.19	02:15:14.734	0.58765				2
2026.05.19	02:15:15.035	0.58764				2
2026.05.19	02:15:18.347	0.58765				2
2026.05.19	02:15:19.548	0.58764				2
2026.05.19	02:15:21.050	0.58765				2
2026.05.19	02:15:21.954	0.58764				2
2026.05.19	02:15:28.260		0.58765			4
2026.05.19	02:15:35.479		0.58766			4
2026.05.19	02:15:45.995	0.58765				2
2026.05.19	02:15:52.312	0.58764				2
2026.05.19	02:15:56.819		0.58765			4
2026.05.19	02:16:00.126	0.58764				2
2026.05.19	02:16:01.028	0.58763	0.58764			6
2026.05.19	02:16:05.436	0.58765	0.58766			6
2026.05.19	02:16:06.336	0.58764	0.58765			6
2026.05.19	02:16:06.937	0.58763				2
2026.05.19	02:16:11.197	0.58762				2
2026.05.19	02:16:14.040	0.58763				2
2026.05.19	02:16:17.348	0.58762				2
2026.05.19	02:16:17.647	0.58763				2
2026.05.19	02:16:21.858	0.58762				2
2026.05.19	02:16:24.386	0.58763				2
2026.05.19	02:16:24.689	0.58764				2
2026.05.19	02:16:29.494	0.58763				2
2026.05.19	02:16:31.662	0.58764				2
2026.05.19	02:16:35.269	0.58763				2
2026.05.19	02:16:36.170	0.58764				2
2026.05.19	02:16:43.093	0.58763				2
2026.05.19	02:16:46.373	0.58764				2
2026.05.19	02:17:00.197	0.58764				2
2026.05.19	02:17:04.102		0.58766			4
2026.05.19	02:17:09.226		0.58767			4
2026.05.19	02:17:15.244	0.58765				2
2026.05.19	02:17:15.544	0.58766				2
2026.05.19	02:17:32.677		0.58768			4
2026.05.19	02:17:39.285	0.58767	0.58769			6
2026.05.19	02:17:41.686	0.58766	0.58768			6
2026.05.19	02:17:46.194	0.58765	0.58767			6
2026.05.19	02:17:46.494	0.58766	0.58768			6
2026.05.19	02:18:00.044	0.58766				2
2026.05.19	02:18:13.277	0.58765	0.58767			6
2026.05.19	02:18:13.878	0.58766	0.58768			6
2026.05.19	02:18:17.483	0.58765	0.58767			6
2026.05.19	02:18:18.685	0.58766	0.58768			6
2026.05.19	02:18:23.793	0.58767				2
2026.05.19	02:18:43.054	0.58766				2
2026.05.19	02:18:55.676		0.58767			4
2026.05.19	02:18:56.576		0.58768			4
2026.05.19	02:18:58.679		0.58767			4
2026.05.19	02:19:00.181	0.58766				2
2026.05.19	02:19:02.284		0.58768			4
2026.05.19	02:19:05.893	0.58765	0.58767			6
