<DATE>	<TIME>	<BID>	<ASK>	<LAST>	<VOLUME>	<FLAGS>
2026.04.06	00:03:30.579	0.56864	0.56971			6
2026.04.06	00:04:00.068	0.56864				2
2026.04.06	00:04:30.761		0.56971			4
2026.04.06	00:05:00.280	0.56864	0.56962			6
2026.04.06	00:05:01.179		0.56965			4
2026.04.06	00:05:02.688		0.56964			4
2026.04.06	00:06:00.149	0.56864				2
2026.04.06	00:06:02.860		0.56964			4
2026.04.06	00:07:00.037	0.56864				2
2026.04.06	00:07:03.045		0.56964			4
2026.04.06	00:07:04.851	0.56874				2
2026.04.06	00:07:17.496	0.56876				2
2026.04.06	00:07:32.553	0.56852	0.56963			6
2026.04.06	00:08:00.241	0.56852				2
2026.04.06	00:08:32.742		0.56963			4
2026.04.06	00:08:34.547	0.56853				2
2026.04.06	00:09:00.139	0.56853				2
2026.04.06	00:09:32.947		0.56963			4
2026.04.06	00:09:45.298	0.56899	0.56968			6
2026.04.06	00:10:00.244	0.56899	0.56976			6
2026.04.06	00:10:09.477	0.56900				2
2026.04.06	00:10:22.020	0.56901				2
2026.04.06	00:10:35.577	0.56902				2
2026.04.06	00:10:37.086	0.56901				2
2026.04.06	00:10:38.577	0.56902				2
2026.04.06	00:10:55.978	0.56903				2
2026.04.06	00:11:01.677	0.56903	0.56976			6
2026.04.06	00:11:13.677	0.56904				2
2026.04.06	00:11:31.899	0.56905				2
2026.04.06	00:11:56.973	0.56906				2
2026.04.06	00:12:00.477	0.56906				2
2026.04.06	00:12:01.966		0.56977			4
2026.04.06	00:12:22.377	0.56907				2
2026.04.06	00:12:47.295		0.56975			4
2026.04.06	00:12:49.295	0.56906				2
2026.04.06	00:13:01.280	0.56906				2
2026.04.06	00:13:09.295		0.56976			4
2026.04.06	00:13:16.978	0.56907				2
2026.04.06	00:14:00.777	0.56907				2
2026.04.06	00:14:04.377	0.56908				2
2026.04.06	00:14:09.298		0.56976			4
2026.04.06	00:14:48.958		0.56977			4
2026.04.06	00:15:00.477	0.56908				2
2026.04.06	00:15:03.197	0.56909				2
2026.04.06	00:15:15.782	0.56910				2
2026.04.06	00:15:29.581	0.56909	0.56975			6
2026.04.06	00:15:39.178	0.56910				2
2026.04.06	00:16:01.280	0.56910				2
2026.04.06	00:16:07.978		0.56979			4
2026.04.06	00:16:09.425		0.56976			4
2026.04.06	00:16:10.977	0.56911				2
2026.04.06	00:16:12.777	0.56910				2
2026.04.06	00:16:15.777	0.56911				2
2026.04.06	00:17:01.076	0.56911				2
2026.04.06	00:17:10.377		0.56976			4
2026.04.06	00:17:37.678	0.56912				2
2026.04.06	00:17:39.478	0.56911				2
2026.04.06	00:17:48.477	0.56912				2
2026.04.06	00:18:00.186	0.56912				2
2026.04.06	00:18:11.877		0.56976			4
2026.04.06	00:18:21.316	0.56913				2
2026.04.06	00:18:25.977	0.56912				2
2026.04.06	00:18:29.277	0.56913				2
2026.04.06	00:19:01.280	0.56913				2
2026.04.06	00:19:12.178		0.56976			4
2026.04.06	00:19:15.478	0.56914				2
2026.04.06	00:19:15.785		0.56975			4
2026.04.06	00:19:24.478	0.56915				2
2026.04.06	00:19:24.780		0.56974			4
2026.04.06	00:19:29.766	0.56913				2
2026.04.06	00:20:00.478	0.56913				2
2026.04.06	00:20:17.877		0.56975			4
2026.04.06	00:20:25.386	0.56912				2
2026.04.06	00:20:38.578	0.56913				2
2026.04.06	00:20:49.151	0.56914				2
2026.04.06	00:20:49.453	0.56913				2
2026.04.06	00:20:52.878	0.56914	0.56974			6
2026.04.06	00:20:57.178	0.56913				2
2026.04.06	00:21:02.578	0.56914				2
2026.04.06	00:21:29.608		0.56973			4
2026.04.06	00:22:00.477	0.56914				2
2026.04.06	00:22:06.177	0.56915				2
2026.04.06	00:22:31.977		0.56973			4
2026.04.06	00:22:52.979		0.56972			4
2026.04.06	00:23:00.478	0.56915				2
2026.04.06	00:23:54.477		0.56972			4
2026.04.06	00:23:55.458	0.56914				2
2026.04.06	00:23:55.757		0.56974			4
2026.04.06	00:23:56.277	0.56913				2
2026.04.06	00:24:02.878	0.56913				2
2026.04.06	00:24:28.987	0.56914				2
2026.04.06	00:24:29.288		0.56973			4
2026.04.06	00:25:00.777	0.56915				2
2026.04.06	00:25:29.578		0.56972			4
2026.04.06	00:26:04.678	0.56915				2
2026.04.06	00:26:26.885	0.56914				2
2026.04.06	00:26:27.185	0.56915	0.56973			6
2026.04.06	00:26:29.878		0.56972			4
2026.04.06	00:27:02.277	0.56915				2
2026.04.06	00:27:23.984	0.56916				2
2026.04.06	00:27:30.177		0.56972			4
2026.04.06	00:27:46.678		0.56971			4
2026.04.06	00:28:05.198	0.56916				2
2026.04.06	00:28:09.477		0.56972			4
2026.04.06	00:28:57.778		0.56971			4
2026.04.06	00:28:59.879		0.56972			4
2026.04.06	00:29:00.200	0.56916				2
2026.04.06	00:29:03.170	0.56915				2
2026.04.06	00:29:03.470		0.56973			4
2026.04.06	00:29:03.775	0.56914				2
2026.04.06	00:29:04.678		0.56974			4
2026.04.06	00:29:07.796		0.56973			4
2026.04.06	00:29:08.878	0.56915				2
2026.04.06	00:29:09.179		0.56972			4
2026.04.06	00:29:29.790	0.56917				2
2026.04.06	00:30:04.078	0.56918				2
2026.04.06	00:30:04.386		0.56971			4
2026.04.06	00:30:05.842	0.56917				2
2026.04.06	00:30:06.142		0.56972			4
2026.04.06	00:30:07.377	0.56918				2
2026.04.06	00:30:07.678		0.56971			4
2026.04.06	00:30:08.578	0.56917	0.56972			6
2026.04.06	00:30:14.277	0.56918	0.56971			6
2026.04.06	00:30:29.680	0.56916				2
2026.04.06	00:30:30.281	0.56918				2
2026.04.06	00:30:45.186	0.56911	0.56970			6
2026.04.06	00:30:45.486	0.56910				2
2026.04.06	00:30:45.785		0.56969			4
2026.04.06	00:31:03.777	0.56910				2
2026.04.06	00:31:06.226	0.56899	0.56966			6
2026.04.06	00:31:50.578	0.56900				2
2026.04.06	00:31:55.704	0.56899				2
2026.04.06	00:32:01.377	0.56899				2
2026.04.06	00:32:02.577	0.56900				2
2026.04.06	00:32:04.078	0.56899				2
2026.04.06	00:32:06.467		0.56966			4
2026.04.06	00:32:27.176	0.56900				2
2026.04.06	00:32:39.077		0.56965			4
2026.04.06	00:32:44.579	0.56901				2
2026.04.06	00:32:45.541	0.56910	0.56962			6
2026.04.06	00:32:45.842	0.56903	0.56963			6
2026.04.06	00:32:46.142	0.56902	0.56964			6
2026.04.06	00:32:46.443	0.56903	0.56963			6
2026.04.06	00:32:47.878	0.56902				2
2026.04.06	00:32:49.076	0.56903				2
2026.04.06	00:32:49.676	0.56919	0.56964			6
2026.04.06	00:32:50.578	0.56918				2
2026.04.06	00:32:52.078	0.56919				2
2026.04.06	00:33:02.578	0.56919				2
2026.04.06	00:33:05.286		0.56963			4
2026.04.06	00:33:49.714	0.56920				2
2026.04.06	00:34:01.420	0.56920				2
2026.04.06	00:34:07.079		0.56963			4
2026.04.06	00:34:16.677		0.56962			4
2026.04.06	00:35:03.183	0.56920				2
2026.04.06	00:35:03.486	0.56921				2
2026.04.06	00:35:03.787	0.56922	0.56960			6
2026.04.06	00:35:06.178		0.56961			4
2026.04.06	00:35:11.628	0.56920				2
2026.04.06	00:35:11.931		0.56962			4
2026.04.06	00:35:27.275	0.56917	0.56959			6
2026.04.06	00:35:28.077	0.56918				2
2026.04.06	00:35:29.877	0.56917				2
2026.04.06	00:35:42.777	0.56918				2
2026.04.06	00:36:00.484	0.56918				2
2026.04.06	00:36:00.783	0.56917				2
2026.04.06	00:36:01.977	0.56918				2
2026.04.06	00:36:15.786	0.56919				2
2026.04.06	00:36:16.086	0.56918				2
2026.04.06	00:36:29.578		0.56959			4
2026.04.06	00:37:01.077	0.56918				2
2026.04.06	00:37:12.177	0.56919				2
2026.04.06	00:37:30.449		0.56959			4
2026.04.06	00:37:32.416		0.56958			4
2026.04.06	00:37:33.178	0.56920				2
2026.04.06	00:38:01.281	0.56920				2
2026.04.06	00:38:16.077		0.56957			4
2026.04.06	00:39:00.177	0.56920				2
2026.04.06	00:39:00.478	0.56919	0.56958			6
2026.04.06	00:39:01.377	0.56918				2
2026.04.06	00:39:02.278	0.56920				2
2026.04.06	00:39:03.477	0.56919				2
2026.04.06	00:39:03.779		0.56957			4
2026.04.06	00:39:09.334	0.56920				2
2026.04.06	00:39:09.639	0.56919				2
2026.04.06	00:39:11.336	0.56920				2
2026.04.06	00:39:13.378		0.56958			4
2026.04.06	00:39:13.678		0.56957			4
2026.04.06	00:39:31.989	0.56919	0.56958			6
2026.04.06	00:39:32.290	0.56920				2
2026.04.06	00:39:41.735		0.56957			4
2026.04.06	00:40:00.214	0.56920				2
2026.04.06	00:40:17.551	0.56897	0.56942			6
2026.04.06	00:40:18.842	0.56901	0.56955			6
2026.04.06	00:40:21.460	0.56900				2
2026.04.06	00:40:21.760	0.56902	0.56954			6
2026.04.06	00:40:23.877	0.56901				2
2026.04.06	00:40:27.839	0.56913				2
2026.04.06	00:40:28.875	0.56916				2
2026.04.06	00:40:30.020	0.56919				2
2026.04.06	00:40:31.880	0.56918				2
2026.04.06	00:40:33.301	0.56922	0.56955			6
2026.04.06	00:40:34.535	0.56927				2
2026.04.06	00:40:36.478	0.56933	0.56962			6
2026.04.06	00:40:37.444	0.56935				2
2026.04.06	00:40:49.570	0.56921	0.56959			6
2026.04.06	00:40:57.995		0.56956			4
2026.04.06	00:40:58.295	0.56919				2
2026.04.06	00:40:59.877	0.56920				2
2026.04.06	00:41:00.177	0.56920				2
2026.04.06	00:41:17.284		0.56955			4
2026.04.06	00:41:18.478		0.56956			4
2026.04.06	00:41:21.420		0.56955			4
2026.04.06	00:41:43.077	0.56921				2
2026.04.06	00:41:44.920	0.56922	0.56954			6
2026.04.06	00:41:45.926		0.56953			4
2026.04.06	00:41:46.281		0.56954			4
2026.04.06	00:41:55.937	0.56921				2
2026.04.06	00:41:57.115	0.56922				2
2026.04.06	00:42:01.932	0.56922				2
2026.04.06	00:42:02.942	0.56921				2
2026.04.06	00:42:07.230		0.56955			4
2026.04.06	00:42:23.417	0.56914	0.56962			6
2026.04.06	00:42:26.129	0.56921	0.56955			6
2026.04.06	00:42:43.679	0.56918	0.56951			6
2026.04.06	00:42:45.478	0.56919	0.56950			6
2026.04.06	00:42:48.788	0.56918				2
2026.04.06	00:42:49.090		0.56951			4
2026.04.06	00:42:59.578	0.56919				2
2026.04.06	00:42:59.878		0.56950			4
2026.04.06	00:43:01.677	0.56919				2
2026.04.06	00:43:13.978	0.56920	0.56949			6
2026.04.06	00:43:58.118	0.56919	0.56950			6
2026.04.06	00:44:03.779	0.56919				2
2026.04.06	00:44:10.908	0.56918	0.56951			6
2026.04.06	00:44:58.678	0.56919				2
2026.04.06	00:44:58.979		0.56950			4
2026.04.06	00:45:02.170	0.56911	0.56958			6
2026.04.06	00:45:04.571	0.56919	0.56950			6
2026.04.06	00:46:03.007	0.56919				2
2026.04.06	00:46:06.712		0.56950			4
2026.04.06	00:47:00.778	0.56919				2
2026.04.06	00:47:02.171	0.56911	0.56958			6
2026.04.06	00:47:03.976	0.56919	0.56950			6
2026.04.06	00:47:26.277	0.56920				2
2026.04.06	00:47:26.579		0.56949			4
2026.04.06	00:48:01.280	0.56920				2
2026.04.06	00:48:37.978		0.56949			4
2026.04.06	00:49:05.277	0.56920				2
2026.04.06	00:49:39.177		0.56949			4
2026.04.06	00:49:39.780	0.56919	0.56946			6
2026.04.06	00:49:46.448		0.56947			4
2026.04.06	00:49:46.749	0.56918				2
2026.04.06	00:49:47.283	0.56919				2
2026.04.06	00:49:48.486		0.56946			4
2026.04.06	00:49:49.078		0.56947			4
2026.04.06	00:50:01.077	0.56919				2
2026.04.06	00:50:31.712		0.56946			4
2026.04.06	00:50:50.877	0.56920				2
2026.04.06	00:51:01.117	0.56919				2
2026.04.06	00:51:01.417		0.56947			4
2026.04.06	00:51:02.909	0.56918				2
2026.04.06	00:51:03.209		0.56948			4
2026.04.06	00:51:03.616	0.56917				2
2026.04.06	00:51:03.916		0.56949			4
2026.04.06	00:51:04.428		0.56948			4
2026.04.06	00:51:04.730	0.56918	0.56947			6
2026.04.06	00:51:05.033	0.56915	0.56951			6
2026.04.06	00:51:05.910		0.56950			4
2026.04.06	00:51:06.786	0.56916				2
2026.04.06	00:51:08.277	0.56915				2
2026.04.06	00:51:14.530		0.56951			4
2026.04.06	00:51:14.878	0.56916	0.56950			6
2026.04.06	00:51:16.078	0.56915				2
2026.04.06	00:51:19.947	0.56917				2
2026.04.06	00:51:20.248	0.56914	0.56952			6
2026.04.06	00:51:28.569	0.56915	0.56951			6
2026.04.06	00:51:31.258	0.56916				2
2026.04.06	00:51:31.559		0.56950			4
2026.04.06	00:51:32.279	0.56915	0.56951			6
2026.04.06	00:51:33.529	0.56916				2
2026.04.06	00:51:33.828		0.56950			4
2026.04.06	00:51:35.219		0.56949			4
2026.04.06	00:51:37.977	0.56917				2
2026.04.06	00:51:42.114	0.56918	0.56948			6
2026.04.06	00:51:44.809	0.56917				2
2026.04.06	00:51:45.109		0.56949			4
2026.04.06	00:52:01.419	0.56917				2
2026.04.06	00:52:42.497		0.56948			4
2026.04.06	00:53:01.378	0.56918				2
2026.04.06	00:53:17.878	0.56917				2
2026.04.06	00:53:19.077	0.56918				2
2026.04.06	00:53:22.378	0.56917				2
2026.04.06	00:53:23.277	0.56918				2
2026.04.06	00:53:26.580	0.56917				2
2026.04.06	00:53:29.576	0.56918				2
2026.04.06	00:53:30.478	0.56917				2
2026.04.06	00:53:31.677	0.56918				2
2026.04.06	00:53:32.578	0.56917				2
2026.04.06	00:53:35.877	0.56918				2
2026.04.06	00:53:37.078	0.56917				2
2026.04.06	00:53:38.279	0.56918				2
2026.04.06	00:53:44.278		0.56948			4
2026.04.06	00:54:05.577	0.56918				2
2026.04.06	00:54:46.378		0.56948			4
2026.04.06	00:55:00.222	0.56918	0.56946			6
2026.04.06	00:55:09.109	0.56912				2
2026.04.06	00:55:09.409	0.56918				2
2026.04.06	00:55:28.767	0.56917				2
2026.04.06	00:55:30.273	0.56918				2
2026.04.06	00:55:36.290	0.56914				2
2026.04.06	00:55:38.091	0.56917				2
2026.04.06	00:55:51.020	0.56918				2
2026.04.06	00:55:56.740	0.56917				2
2026.04.06	00:56:00.052	0.56917				2
2026.04.06	00:56:00.350		0.56946			4
2026.04.06	00:56:24.411	0.56916				2
2026.04.06	00:56:55.096	0.56915				2
2026.04.06	00:57:00.215	0.56914				2
2026.04.06	00:57:00.516		0.56946			4
2026.04.06	00:57:42.049	0.56913				2
2026.04.06	00:58:00.103	0.56913				2
2026.04.06	00:58:00.705		0.56946			4
2026.04.06	00:58:31.711	0.56912				2
2026.04.06	00:59:00.280	0.56912				2
2026.04.06	00:59:00.878		0.56946			4
2026.04.06	00:59:03.289		0.56945			4
2026.04.06	00:59:31.579	0.56914	0.56946			6
2026.04.06	01:00:00.173	0.56915	0.56954			6
2026.04.06	01:00:00.470	0.56913	0.56953			6
2026.04.06	01:00:02.272	0.56920				2
2026.04.06	01:00:02.575	0.56912	0.56967			6
2026.04.06	01:00:03.474	0.56917				2
2026.04.06	01:00:04.979	0.56918	0.56956			6
2026.04.06	01:00:05.581		0.56954			4
2026.04.06	01:00:06.179	0.56923	0.56955			6
2026.04.06	01:00:09.180	0.56924				2
2026.04.06	01:00:10.382	0.56923				2
2026.04.06	01:00:13.379	0.56924				2
2026.04.06	01:00:14.885	0.56921				2
2026.04.06	01:00:15.784	0.56920				2
2026.04.06	01:00:16.383	0.56921				2
2026.04.06	01:00:25.092	0.56917				2
2026.04.06	01:00:26.295	0.56918				2
2026.04.06	01:00:26.594	0.56920	0.56952			6
2026.04.06	01:00:26.895	0.56919	0.56954			6
2026.04.06	01:00:27.197	0.56921	0.56955			6
2026.04.06	01:00:27.496	0.56918				2
2026.04.06	01:00:29.302	0.56919				2
2026.04.06	01:00:29.901		0.56952			4
2026.04.06	01:00:30.203	0.56914	0.56948			6
2026.04.06	01:00:30.504	0.56915				2
2026.04.06	01:00:30.802	0.56914				2
2026.04.06	01:00:31.703	0.56915				2
2026.04.06	01:00:32.902		0.56942			4
2026.04.06	01:00:33.205	0.56916				2
2026.04.06	01:00:33.506		0.56940			4
2026.04.06	01:00:35.308		0.56939			4
2026.04.06	01:00:36.211	0.56915				2
2026.04.06	01:00:38.014	0.56913				2
2026.04.06	01:00:38.916	0.56915				2
2026.04.06	01:00:39.216	0.56914				2
2026.04.06	01:00:40.417	0.56913				2
2026.04.06	01:00:41.322	0.56916	0.56941			6
2026.04.06	01:00:41.621	0.56915				2
2026.04.06	01:00:41.920	0.56916				2
2026.04.06	01:00:42.219	0.56915				2
2026.04.06	01:00:43.120	0.56916	0.56943			6
2026.04.06	01:00:44.023	0.56908	0.56927			6
2026.04.06	01:00:44.323		0.56932			4
2026.04.06	01:00:44.624	0.56906	0.56929			6
2026.04.06	01:00:44.923	0.56905	0.56928			6
2026.04.06	01:00:46.124	0.56906				2
2026.04.06	01:00:50.333	0.56905	0.56926			6
2026.04.06	01:00:56.339	0.56906	0.56927			6
2026.04.06	01:00:56.641	0.56905				2
2026.04.06	01:00:57.839	0.56903				2
2026.04.06	01:01:00.246	0.56905	0.56919			6
2026.04.06	01:01:00.544		0.56918			4
2026.04.06	01:01:00.843		0.56929			4
2026.04.06	01:01:01.145	0.56904				2
2026.04.06	01:01:01.445	0.56905	0.56925			6
2026.04.06	01:01:01.745	0.56910	0.56932			6
2026.04.06	01:01:02.041	0.56912				2
2026.04.06	01:01:02.645	0.56911				2
2026.04.06	01:01:02.945	0.56910	0.56931			6
2026.04.06	01:01:03.245	0.56905	0.56928			6
2026.04.06	01:01:03.546		0.56922			4
2026.04.06	01:01:03.842	0.56903				2
2026.04.06	01:01:04.743		0.56920			4
2026.04.06	01:01:05.045	0.56904	0.56929			6
2026.04.06	01:01:05.645	0.56905	0.56922			6
2026.04.06	01:01:05.945	0.56902	0.56920			6
2026.04.06	01:01:06.246	0.56899				2
2026.04.06	01:01:06.546		0.56919			4
2026.04.06	01:01:06.846	0.56901	0.56917			6
2026.04.06	01:01:07.147		0.56915			4
2026.04.06	01:01:07.749		0.56914			4
2026.04.06	01:01:08.049		0.56915			4
2026.04.06	01:01:08.347	0.56900				2
2026.04.06	01:01:08.949	0.56901	0.56914			6
2026.04.06	01:01:09.250	0.56900	0.56915			6
2026.04.06	01:01:09.550	0.56901				2
2026.04.06	01:01:09.850	0.56902	0.56914			6
2026.04.06	01:01:10.150	0.56901	0.56913			6
2026.04.06	01:01:10.753	0.56900				2
2026.04.06	01:01:11.051	0.56902				2
2026.04.06	01:01:12.254		0.56914			4
2026.04.06	01:01:12.551	0.56901	0.56915			6
2026.04.06	01:01:12.854	0.56902	0.56914			6
2026.04.06	01:01:14.352		0.56913			4
2026.04.06	01:01:14.952		0.56915			4
2026.04.06	01:01:17.355		0.56919			4
2026.04.06	01:01:17.658		0.56918			4
2026.04.06	01:01:18.258		0.56919			4
2026.04.06	01:01:18.559	0.56903				2
2026.04.06	01:01:19.460		0.56918			4
2026.04.06	01:01:20.060		0.56917			4
2026.04.06	01:01:20.362	0.56901	0.56918			6
2026.04.06	01:01:20.662	0.56903				2
2026.04.06	01:01:22.760	0.56902				2
2026.04.06	01:01:23.362	0.56904	0.56917			6
2026.04.06	01:01:34.779	0.56905				2
2026.04.06	01:01:35.980	0.56904				2
2026.04.06	01:01:36.878	0.56903				2
2026.04.06	01:01:38.679	0.56905	0.56919			6
2026.04.06	01:01:40.783	0.56904				2
2026.04.06	01:01:41.084	0.56905	0.56918			6
2026.04.06	01:01:41.385	0.56906				2
2026.04.06	01:01:41.985		0.56921			4
2026.04.06	01:01:42.284	0.56905				2
2026.04.06	01:01:42.585	0.56906	0.56919			6
2026.04.06	01:01:43.185	0.56902	0.56917			6
2026.04.06	01:01:43.486	0.56904	0.56916			6
2026.04.06	01:01:43.784		0.56917			4
2026.04.06	01:01:44.087	0.56905				2
2026.04.06	01:01:44.986		0.56915			4
2026.04.06	01:01:46.487	0.56904	0.56916			6
2026.04.06	01:01:46.789		0.56915			4
2026.04.06	01:01:47.089	0.56905				2
2026.04.06	01:01:51.596	0.56904				2
2026.04.06	01:01:51.898	0.56905				2
2026.04.06	01:01:52.195	0.56906	0.56918			6
2026.04.06	01:01:52.496	0.56905	0.56915			6
2026.04.06	01:01:56.400		0.56918			4
2026.04.06	01:01:57.301	0.56904				2
2026.04.06	01:01:57.603	0.56902				2
2026.04.06	01:01:57.904	0.56903				2
2026.04.06	01:01:59.405		0.56917			4
2026.04.06	01:02:00.008	0.56902	0.56918			6
2026.04.06	01:02:00.306	0.56901	0.56922			6
2026.04.06	01:02:00.606	0.56902	0.56925			6
2026.04.06	01:02:00.909	0.56904	0.56922			6
2026.04.06	01:02:04.212		0.56923			4
2026.04.06	01:02:04.511	0.56907	0.56922			6
2026.04.06	01:02:04.812		0.56926			4
2026.04.06	01:02:05.713	0.56906				2
2026.04.06	01:02:06.914	0.56905				2
2026.04.06	01:02:08.416	0.56906				2
2026.04.06	01:02:09.020	0.56904	0.56925			6
2026.04.06	01:02:09.619	0.56906				2
2026.04.06	01:02:09.920	0.56905	0.56923			6
2026.04.06	01:02:10.222	0.56906				2
2026.04.06	01:02:11.424		0.56924			4
2026.04.06	01:02:11.724	0.56905				2
2026.04.06	01:02:13.224	0.56909	0.56926			6
2026.04.06	01:02:14.125	0.56910				2
2026.04.06	01:02:14.726		0.56929			4
2026.04.06	01:02:15.025	0.56907	0.56939			6
2026.04.06	01:02:15.325	0.56909	0.56933			6
2026.04.06	01:02:15.626	0.56908	0.56932			6
2026.04.06	01:02:16.226		0.56931			4
2026.04.06	01:02:17.426	0.56905				2
2026.04.06	01:02:20.433	0.56904				2
2026.04.06	01:02:20.734		0.56930			4
2026.04.06	01:02:21.035		0.56931			4
2026.04.06	01:02:21.335	0.56901	0.56927			6
2026.04.06	01:02:21.636	0.56900				2
2026.04.06	01:02:22.837	0.56901	0.56925			6
2026.04.06	01:02:23.140		0.56927			4
2026.04.06	01:02:24.642		0.56926			4
2026.04.06	01:02:25.243	0.56902	0.56927			6
2026.04.06	01:02:25.544	0.56901	0.56926			6
2026.04.06	01:02:26.442		0.56924			4
2026.04.06	01:02:27.042	0.56903	0.56926			6
2026.04.06	01:02:27.645	0.56899				2
2026.04.06	01:02:27.943	0.56900	0.56924			6
2026.04.06	01:02:28.244	0.56901				2
2026.04.06	01:02:28.847	0.56902				2
2026.04.06	01:02:29.145	0.56901				2
2026.04.06	01:02:29.446	0.56903	0.56925			6
2026.04.06	01:02:29.746	0.56901				2
2026.04.06	01:02:30.046	0.56902				2
2026.04.06	01:02:33.653		0.56924			4
2026.04.06	01:02:36.054	0.56903				2
2026.04.06	01:02:36.354	0.56902				2
2026.04.06	01:02:36.654	0.56901	0.56922			6
2026.04.06	01:02:36.953	0.56902				2
2026.04.06	01:02:38.161		0.56923			4
2026.04.06	01:02:39.361	0.56899	0.56925			6
2026.04.06	01:02:39.662	0.56900				2
2026.04.06	01:02:40.262		0.56919			4
2026.04.06	01:02:40.561	0.56902				2
2026.04.06	01:02:42.665	0.56901	0.56924			6
2026.04.06	01:02:42.969	0.56902	0.56919			6
2026.04.06	01:02:47.476	0.56898	0.56917			6
2026.04.06	01:02:47.773	0.56899	0.56924			6
2026.04.06	01:02:48.073	0.56900	0.56926			6
2026.04.06	01:02:48.676	0.56902	0.56918			6
2026.04.06	01:02:49.276		0.56926			4
2026.04.06	01:02:49.574	0.56900				2
2026.04.06	01:02:49.876	0.56903	0.56919			6
2026.04.06	01:02:51.976	0.56897	0.56910			6
2026.04.06	01:02:52.276	0.56898	0.56911			6
2026.04.06	01:02:53.177	0.56897				2
2026.04.06	01:02:53.477	0.56898				2
2026.04.06	01:02:54.081	0.56899	0.56915			6
2026.04.06	01:02:54.379	0.56897				2
2026.04.06	01:02:58.283		0.56924			4
2026.04.06	01:02:58.883	0.56900	0.56920			6
2026.04.06	01:03:00.088	0.56900				2
2026.04.06	01:03:00.382	0.56903	0.56926			6
2026.04.06	01:03:00.683	0.56910	0.56929			6
2026.04.06	01:03:01.284	0.56907				2
2026.04.06	01:03:06.385	0.56908				2
2026.04.06	01:03:06.987	0.56907				2
2026.04.06	01:03:11.493	0.56906				2
2026.04.06	01:03:14.197	0.56904	0.56926			6
2026.04.06	01:03:15.098	0.56905				2
2026.04.06	01:03:15.396		0.56929			4
2026.04.06	01:03:15.697	0.56906				2
2026.04.06	01:03:16.300	0.56903	0.56923			6
2026.04.06	01:03:16.900		0.56921			4
2026.04.06	01:03:18.401	0.56905				2
2026.04.06	01:03:18.700	0.56899				2
2026.04.06	01:03:19.000	0.56898				2
2026.04.06	01:03:20.202		0.56920			4
2026.04.06	01:03:21.401		0.56916			4
2026.04.06	01:03:22.004		0.56914			4
2026.04.06	01:03:23.204		0.56915			4
2026.04.06	01:03:24.104		0.56910			4
2026.04.06	01:03:24.405		0.56912			4
2026.04.06	01:03:26.811		0.56909			4
2026.04.06	01:03:34.021		0.56907			4
2026.04.06	01:03:35.218		0.56905			4
2026.04.06	01:03:36.417		0.56910			4
2026.04.06	01:03:37.023		0.56899			4
2026.04.06	01:03:37.319		0.56900			4
2026.04.06	01:03:38.218		0.56907			4
2026.04.06	01:03:40.924	0.56899	0.56912			6
2026.04.06	01:03:41.226		0.56911			4
2026.04.06	01:03:48.436	0.56889	0.56904			6
2026.04.06	01:03:48.738	0.56884				2
2026.04.06	01:03:49.037	0.56883				2
2026.04.06	01:03:49.337		0.56903			4
2026.04.06	01:03:50.241	0.56882				2
2026.04.06	01:03:50.542	0.56883				2
2026.04.06	01:03:50.841	0.56884	0.56904			6
2026.04.06	01:03:58.049		0.56903			4
2026.04.06	01:03:59.554		0.56900			4
2026.04.06	01:04:00.160	0.56884				2
2026.04.06	01:04:00.459	0.56883				2
2026.04.06	01:04:04.970		0.56901			4
2026.04.06	01:04:10.974	0.56884	0.56899			6
2026.04.06	01:04:11.275	0.56886	0.56900			6
2026.04.06	01:04:13.379	0.56891	0.56894			6
2026.04.06	01:04:13.679	0.56881				2
2026.04.06	01:04:14.882	0.56879	0.56891			6
2026.04.06	01:04:15.178	0.56878	0.56890			6
2026.04.06	01:04:15.479	0.56882	0.56885			6
2026.04.06	01:04:15.780	0.56881	0.56884			6
2026.04.06	01:04:16.681	0.56880	0.56882			6
2026.04.06	01:04:16.979	0.56877	0.56880			6
2026.04.06	01:04:19.382	0.56876	0.56879			6
2026.04.06	01:04:22.988	0.56874	0.56877			6
2026.04.06	01:04:23.284	0.56873	0.56876			6
2026.04.06	01:04:23.586	0.56867	0.56880			6
2026.04.06	01:04:23.885	0.56869	0.56881			6
2026.04.06	01:04:24.787	0.56868				2
2026.04.06	01:04:25.689		0.56880			4
2026.04.06	01:04:25.989	0.56867	0.56879			6
2026.04.06	01:04:26.889	0.56872	0.56875			6
2026.04.06	01:04:31.998	0.56874	0.56877			6
2026.04.06	01:04:32.297	0.56877	0.56880			6
2026.04.06	01:04:32.598	0.56879	0.56882			6
2026.04.06	01:04:35.602	0.56882	0.56885			6
2026.04.06	01:04:41.305	0.56883				2
2026.04.06	01:04:42.506	0.56877	0.56887			6
2026.04.06	01:04:43.408	0.56875	0.56877			6
2026.04.06	01:04:43.707	0.56873	0.56875			6
2026.04.06	01:04:44.307		0.56876			4
2026.04.06	01:04:44.606	0.56872	0.56875			6
2026.04.06	01:04:44.908	0.56871	0.56874			6
2026.04.06	01:04:53.322		0.56873			4
2026.04.06	01:04:53.623	0.56868	0.56870			6
2026.04.06	01:04:57.225	0.56860	0.56875			6
2026.04.06	01:04:57.527	0.56862	0.56876			6
2026.04.06	01:04:57.825	0.56869	0.56871			6
2026.04.06	01:04:58.424	0.56871	0.56873			6
2026.04.06	01:04:58.725	0.56869	0.56871			6
2026.04.06	01:05:00.226	0.56866	0.56868			6
2026.04.06	01:05:01.129	0.56869	0.56871			6
2026.04.06	01:05:01.429	0.56872	0.56874			6
2026.04.06	01:05:02.330	0.56871	0.56873			6
2026.04.06	01:05:02.932	0.56867	0.56869			6
2026.04.06	01:05:03.230	0.56866	0.56868			6
2026.04.06	01:05:03.831	0.56867	0.56869			6
2026.04.06	01:05:04.131		0.56870			4
2026.04.06	01:05:05.034	0.56866	0.56869			6
2026.04.06	01:05:06.237	0.56867				2
2026.04.06	01:05:11.041	0.56866	0.56868			6
2026.04.06	01:05:12.539	0.56865	0.56867			6
2026.04.06	01:05:13.742	0.56862	0.56864			6
2026.04.06	01:05:14.343	0.56859	0.56861			6
2026.04.06	01:05:14.944	0.56860	0.56862			6
2026.04.06	01:05:15.243	0.56861	0.56863			6
2026.04.06	01:05:23.346	0.56860	0.56862			6
2026.04.06	01:05:23.948	0.56858	0.56860			6
2026.04.06	01:05:30.554	0.56857	0.56859			6
2026.04.06	01:05:31.754	0.56858	0.56860			6
2026.04.06	01:05:35.061	0.56859	0.56861			6
2026.04.06	01:05:35.360	0.56860	0.56862			6
2026.04.06	01:05:35.662	0.56859	0.56861			6
2026.04.06	01:05:39.563	0.56860				2
2026.04.06	01:05:44.670	0.56859				2
2026.04.06	01:05:45.270	0.56860				2
2026.04.06	01:05:45.872		0.56862			4
2026.04.06	01:05:46.774	0.56867	0.56869			6
2026.04.06	01:05:55.789	0.56866	0.56868			6
2026.04.06	01:05:57.895	0.56867				2
2026.04.06	01:05:59.095	0.56866				2
2026.04.06	01:06:00.300	0.56866				2
2026.04.06	01:06:01.803	0.56867				2
2026.04.06	01:06:04.204	0.56868	0.56869			6
2026.04.06	01:06:04.505	0.56867				2
2026.04.06	01:06:05.106	0.56868	0.56870			6
2026.04.06	01:06:05.406	0.56872	0.56873			6
2026.04.06	01:06:06.009	0.56871				2
2026.04.06	01:06:06.311	0.56872	0.56874			6
2026.04.06	01:06:06.910	0.56876	0.56878			6
2026.04.06	01:06:07.205	0.56878	0.56880			6
2026.04.06	01:06:07.509	0.56877	0.56879			6
2026.04.06	01:06:08.408	0.56878	0.56880			6
2026.04.06	01:06:08.709	0.56881	0.56882			6
2026.04.06	01:06:09.306	0.56878	0.56880			6
2026.04.06	01:06:11.110	0.56877	0.56879			6
2026.04.06	01:06:11.411	0.56870	0.56872			6
2026.04.06	01:06:11.709	0.56872	0.56874			6
2026.04.06	01:06:12.310		0.56875			4
2026.04.06	01:06:12.911	0.56867	0.56870			6
2026.04.06	01:06:13.210	0.56865	0.56867			6
2026.04.06	01:06:14.410		0.56868			4
2026.04.06	01:06:16.514	0.56864	0.56867			6
2026.04.06	01:06:16.810	0.56859	0.56862			6
2026.04.06	01:06:17.113	0.56860	0.56863			6
2026.04.06	01:06:17.716	0.56862	0.56865			6
2026.04.06	01:06:18.316	0.56864	0.56867			6
2026.04.06	01:06:23.722	0.56860	0.56863			6
2026.04.06	01:06:25.223	0.56858	0.56861			6
2026.04.06	01:06:26.124	0.56857	0.56860			6
2026.04.06	01:06:32.424	0.56856	0.56859			6
2026.04.06	01:06:33.628	0.56857	0.56860			6
2026.04.06	01:06:34.829	0.56856	0.56859			6
2026.04.06	01:06:36.330	0.56860	0.56863			6
2026.04.06	01:06:39.930	0.56859	0.56862			6
2026.04.06	01:06:40.833	0.56854	0.56857			6
2026.04.06	01:06:41.433	0.56853	0.56856			6
2026.04.06	01:06:42.033	0.56854	0.56857			6
2026.04.06	01:06:43.235	0.56855	0.56858			6
2026.04.06	01:06:45.935	0.56859	0.56862			6
2026.04.06	01:06:50.743	0.56860	0.56863			6
2026.04.06	01:06:52.545	0.56861	0.56864			6
2026.04.06	01:06:54.348	0.56860	0.56863			6
2026.04.06	01:06:57.049	0.56859	0.56862			6
2026.04.06	01:06:57.348	0.56858	0.56861			6
2026.04.06	01:07:00.057	0.56858				2
2026.04.06	01:07:00.357	0.56855	0.56858			6
2026.04.06	01:07:00.657	0.56854	0.56857			6
2026.04.06	01:07:06.360	0.56855				2
2026.04.06	01:07:07.260	0.56856	0.56858			6
2026.04.06	01:07:16.576	0.56859	0.56861			6
2026.04.06	01:07:17.477	0.56860	0.56862			6
2026.04.06	01:07:24.698	0.56861	0.56863			6
2026.04.06	01:07:25.300	0.56863	0.56864			6
2026.04.06	01:07:25.904		0.56865			4
2026.04.06	01:07:27.109	0.56862	0.56864			6
2026.04.06	01:07:28.317	0.56856	0.56858			6
2026.04.06	01:07:28.617	0.56855	0.56857			6
2026.04.06	01:07:28.918	0.56856				2
2026.04.06	01:07:29.218		0.56858			4
2026.04.06	01:07:29.520	0.56855	0.56857			6
2026.04.06	01:07:32.826	0.56856	0.56858			6
2026.04.06	01:07:36.731	0.56858	0.56860			6
2026.04.06	01:07:38.533	0.56859	0.56861			6
2026.04.06	01:07:39.432	0.56860	0.56862			6
2026.04.06	01:07:47.842	0.56861	0.56863			6
2026.04.06	01:07:56.846	0.56857	0.56858			6
2026.04.06	01:07:57.147	0.56856				2
2026.04.06	01:08:00.149	0.56854	0.56856			6
2026.04.06	01:08:04.962	0.56855				2
2026.04.06	01:08:07.965	0.56854				2
2026.04.06	01:08:08.567	0.56853	0.56854			6
2026.04.06	01:08:08.867	0.56852				2
2026.04.06	01:08:10.069	0.56853	0.56855			6
2026.04.06	01:08:10.369	0.56854				2
2026.04.06	01:08:16.979		0.56856			4
2026.04.06	01:08:18.181	0.56855	0.56857			6
2026.04.06	01:08:20.281	0.56856				2
2026.04.06	01:08:20.581	0.56855				2
2026.04.06	01:08:23.283	0.56856	0.56858			6
2026.04.06	01:08:24.486	0.56861	0.56863			6
2026.04.06	01:08:25.084	0.56857	0.56859			6
2026.04.06	01:08:29.293	0.56859	0.56861			6
2026.04.06	01:08:29.894	0.56857	0.56859			6
2026.04.06	01:08:30.498	0.56858				2
2026.04.06	01:08:31.402	0.56852	0.56854			6
2026.04.06	01:08:31.698		0.56853			4
2026.04.06	01:08:31.996		0.56854			4
2026.04.06	01:08:39.505	0.56845	0.56846			6
2026.04.06	01:08:40.106	0.56844				2
2026.04.06	01:08:48.518	0.56843	0.56845			6
2026.04.06	01:08:57.844	0.56838	0.56840			6
2026.04.06	01:08:58.142		0.56839			4
2026.04.06	01:09:00.250	0.56838				2
2026.04.06	01:09:00.548	0.56837	0.56838			6
2026.04.06	01:09:01.447	0.56836	0.56837			6
2026.04.06	01:09:02.048	0.56835				2
2026.04.06	01:09:02.646	0.56836				2
2026.04.06	01:09:08.950	0.56834	0.56836			6
2026.04.06	01:09:11.656	0.56836	0.56838			6
2026.04.06	01:09:11.950	0.56837	0.56839			6
2026.04.06	01:09:12.555	0.56835	0.56837			6
2026.04.06	01:09:12.852		0.56836			4
2026.04.06	01:09:15.558	0.56833	0.56835			6
2026.04.06	01:09:15.860		0.56834			4
2026.04.06	01:09:17.661		0.56835			4
2026.04.06	01:09:21.569	0.56831	0.56833			6
2026.04.06	01:09:23.368	0.56832				2
2026.04.06	01:09:24.870	0.56831				2
2026.04.06	01:09:25.172	0.56830	0.56831			6
2026.04.06	01:09:25.470	0.56834	0.56836			6
2026.04.06	01:09:25.770	0.56835				2
2026.04.06	01:09:30.877	0.56836	0.56837			6
2026.04.06	01:09:31.175		0.56838			4
2026.04.06	01:09:33.880	0.56837				2
2026.04.06	01:09:34.478	0.56836				2
2026.04.06	01:09:37.788	0.56831	0.56833			6
2026.04.06	01:09:38.393	0.56832				2
2026.04.06	01:09:40.199	0.56831				2
2026.04.06	01:09:40.798	0.56830	0.56832			6
2026.04.06	01:09:42.602	0.56831	0.56833			6
2026.04.06	01:09:42.900	0.56833	0.56834			6
2026.04.06	01:09:43.198		0.56835			4
2026.04.06	01:09:43.499	0.56834				2
2026.04.06	01:09:45.302	0.56832	0.56834			6
2026.04.06	01:09:48.309	0.56831	0.56833			6
2026.04.06	01:09:51.911	0.56836	0.56838			6
2026.04.06	01:09:52.812	0.56837				2
2026.04.06	01:09:53.412	0.56836				2
2026.04.06	01:09:54.616	0.56837				2
2026.04.06	01:09:55.516	0.56831	0.56832			6
2026.04.06	01:09:56.115	0.56830				2
2026.04.06	01:09:58.518	0.56831				2
2026.04.06	01:10:00.024	0.56831				2
2026.04.06	01:10:00.326	0.56834	0.56836			6
2026.04.06	01:10:00.621	0.56831	0.56832			6
2026.04.06	01:10:01.520	0.56827	0.56828			6
2026.04.06	01:10:01.822	0.56826	0.56827			6
2026.04.06	01:10:03.322		0.56828			4
2026.04.06	01:10:09.638	0.56825	0.56827			6
2026.04.06	01:10:12.339	0.56826				2
2026.04.06	01:10:14.142	0.56827	0.56829			6
2026.04.06	01:10:14.442	0.56829	0.56831			6
2026.04.06	01:10:15.643	0.56828	0.56830			6
2026.04.06	01:10:15.942	0.56826	0.56828			6
2026.04.06	01:10:17.444	0.56825	0.56827			6
2026.04.06	01:10:17.748	0.56828	0.56830			6
2026.04.06	01:10:18.042	0.56829	0.56831			6
2026.04.06	01:10:19.246	0.56825	0.56827			6
2026.04.06	01:10:21.046	0.56821	0.56823			6
2026.04.06	01:10:22.253	0.56820				2
2026.04.06	01:10:24.655	0.56821	0.56824			6
2026.04.06	01:10:24.954	0.56822	0.56825			6
2026.04.06	01:10:27.055	0.56820	0.56823			6
2026.04.06	01:10:27.357	0.56821				2
2026.04.06	01:10:29.761	0.56823	0.56825			6
2026.04.06	01:10:30.363	0.56822	0.56824			6
2026.04.06	01:10:33.067	0.56817	0.56819			6
2026.04.06	01:10:37.269	0.56818	0.56820			6
2026.04.06	01:10:37.568	0.56817	0.56819			6
2026.04.06	01:10:39.973	0.56818	0.56820			6
2026.04.06	01:10:40.873	0.56817	0.56819			6
2026.04.06	01:10:42.377	0.56818	0.56820			6
2026.04.06	01:10:42.979	0.56817	0.56819			6
2026.04.06	01:10:43.880	0.56818	0.56820			6
2026.04.06	01:10:47.180	0.56817	0.56819			6
2026.04.06	01:10:48.982	0.56818	0.56820			6
2026.04.06	01:10:49.881	0.56816	0.56818			6
2026.04.06	01:10:50.182	0.56815	0.56817			6
2026.04.06	01:10:51.681	0.56816	0.56818			6
2026.04.06	01:10:51.983	0.56815	0.56817			6
2026.04.06	01:10:56.183	0.56814	0.56816			6
2026.04.06	01:10:56.787	0.56815	0.56817			6
2026.04.06	01:10:57.387		0.56816			4
2026.04.06	01:10:57.689	0.56814				2
2026.04.06	01:10:59.791	0.56815				2
2026.04.06	01:11:00.093	0.56815				2
2026.04.06	01:11:00.390	0.56814				2
2026.04.06	01:11:00.695		0.56815			4
2026.04.06	01:11:00.992	0.56817	0.56818			6
2026.04.06	01:11:01.890	0.56816				2
2026.04.06	01:11:03.394	0.56817				2
2026.04.06	01:11:03.994	0.56816				2
2026.04.06	01:11:04.596	0.56817	0.56819			6
2026.04.06	01:11:05.496	0.56816	0.56818			6
2026.04.06	01:11:06.094	0.56817				2
2026.04.06	01:11:06.398	0.56819	0.56820			6
2026.04.06	01:11:06.999		0.56821			4
2026.04.06	01:11:08.200	0.56817	0.56819			6
2026.04.06	01:11:09.399	0.56819	0.56820			6
2026.04.06	01:11:09.697	0.56818				2
2026.04.06	01:11:11.202	0.56823	0.56824			6
2026.04.06	01:11:12.403	0.56822				2
2026.04.06	01:11:13.307	0.56824	0.56826			6
2026.04.06	01:11:13.603	0.56825				2
2026.04.06	01:11:14.205	0.56823	0.56825			6
2026.04.06	01:11:17.209	0.56825	0.56826			6
2026.04.06	01:11:17.506		0.56827			4
2026.04.06	01:11:19.609	0.56829	0.56831			6
2026.04.06	01:11:21.719	0.56827	0.56829			6
2026.04.06	01:11:22.013	0.56830	0.56832			6
2026.04.06	01:11:24.421	0.56826	0.56828			6
2026.04.06	01:11:25.618	0.56831	0.56833			6
2026.04.06	01:11:28.926	0.56830	0.56832			6
2026.04.06	01:11:29.224	0.56831	0.56833			6
2026.04.06	01:11:30.425	0.56833	0.56835			6
2026.04.06	01:11:30.721	0.56832	0.56834			6
2026.04.06	01:11:31.324	0.56835	0.56837			6
2026.04.06	01:11:33.731	0.56836	0.56838			6
2026.04.06	01:11:36.434	0.56837	0.56839			6
2026.04.06	01:11:36.733	0.56838	0.56840			6
2026.04.06	01:11:40.036	0.56839	0.56841			6
2026.04.06	01:11:40.338	0.56831	0.56833			6
2026.04.06	01:11:41.241		0.56834			4
2026.04.06	01:11:44.845	0.56830	0.56833			6
2026.04.06	01:11:48.144	0.56831				2
2026.04.06	01:11:49.347	0.56826	0.56828			6
2026.04.06	01:11:49.947	0.56825	0.56827			6
2026.04.06	01:11:50.245	0.56824				2
2026.04.06	01:11:55.350	0.56821	0.56824			6
2026.04.06	01:11:58.950	0.56827	0.56830			6
2026.04.06	01:11:59.250	0.56825	0.56828			6
2026.04.06	01:12:00.157	0.56825				2
2026.04.06	01:12:00.454	0.56826	0.56829			6
2026.04.06	01:12:00.753	0.56825	0.56828			6
2026.04.06	01:12:01.353	0.56826	0.56829			6
2026.04.06	01:12:04.055	0.56828	0.56831			6
2026.04.06	01:12:04.356	0.56827	0.56830			6
2026.04.06	01:12:10.366		0.56829			4
2026.04.06	01:12:10.967	0.56828	0.56830			6
2026.04.06	01:12:12.168	0.56831	0.56833			6
2026.04.06	01:12:13.371	0.56830				2
2026.04.06	01:12:14.270	0.56831				2
2026.04.06	01:12:17.577	0.56834	0.56836			6
2026.04.06	01:12:18.777	0.56832	0.56834			6
2026.04.06	01:12:19.079	0.56834	0.56836			6
2026.04.06	01:12:19.379	0.56833				2
2026.04.06	01:12:22.682	0.56837	0.56840			6
2026.04.06	01:12:24.781	0.56838	0.56841			6
2026.04.06	01:12:25.380	0.56843	0.56846			6
2026.04.06	01:12:25.985	0.56844	0.56847			6
2026.04.06	01:12:26.285	0.56843	0.56846			6
2026.04.06	01:12:28.387	0.56852	0.56855			6
2026.04.06	01:12:29.295	0.56851				2
2026.04.06	01:12:29.589	0.56846	0.56850			6
2026.04.06	01:12:34.095	0.56848	0.56852			6
2026.04.06	01:12:34.393	0.56851	0.56855			6
2026.04.06	01:12:34.995	0.56850	0.56854			6
2026.04.06	01:12:35.598	0.56847	0.56851			6
2026.04.06	01:12:37.699	0.56845	0.56849			6
2026.04.06	01:12:41.301	0.56846	0.56850			6
2026.04.06	01:12:41.602	0.56845	0.56849			6
2026.04.06	01:12:42.201	0.56844	0.56848			6
2026.04.06	01:12:42.502	0.56845	0.56849			6
2026.04.06	01:12:44.000	0.56844	0.56848			6
2026.04.06	01:12:44.300	0.56843	0.56847			6
2026.04.06	01:12:44.603	0.56842	0.56846			6
2026.04.06	01:12:45.503	0.56845	0.56849			6
2026.04.06	01:12:46.104	0.56844	0.56848			6
2026.04.06	01:12:46.705	0.56843	0.56847			6
2026.04.06	01:12:47.604	0.56842	0.56846			6
2026.04.06	01:12:48.505	0.56843	0.56847			6
2026.04.06	01:12:49.110	0.56841	0.56845			6
2026.04.06	01:12:49.407	0.56844	0.56848			6
2026.04.06	01:12:49.706	0.56846	0.56850			6
2026.04.06	01:12:50.009	0.56845	0.56849			6
2026.04.06	01:12:50.308	0.56844	0.56848			6
2026.04.06	01:12:53.315	0.56846	0.56850			6
2026.04.06	01:12:53.615	0.56845	0.56849			6
2026.04.06	01:12:54.219	0.56846	0.56850			6
2026.04.06	01:12:54.821	0.56845	0.56849			6
2026.04.06	01:12:55.118	0.56844	0.56848			6
2026.04.06	01:12:55.419	0.56845	0.56849			6
2026.04.06	01:12:55.719	0.56844	0.56848			6
2026.04.06	01:12:56.619	0.56845	0.56849			6
2026.04.06	01:12:56.919	0.56846	0.56850			6
2026.04.06	01:12:58.120	0.56851	0.56855			6
2026.04.06	01:13:00.226	0.56851				2
2026.04.06	01:13:02.627	0.56850	0.56854			6
2026.04.06	01:13:03.227	0.56847	0.56851			6
2026.04.06	01:13:03.829	0.56846	0.56850			6
2026.04.06	01:13:04.426	0.56847	0.56851			6
2026.04.06	01:13:05.328	0.56851	0.56855			6
2026.04.06	01:13:09.532	0.56853	0.56857			6
2026.04.06	01:13:09.834	0.56851	0.56855			6
2026.04.06	01:13:10.736	0.56852	0.56856			6
2026.04.06	01:13:11.336	0.56854	0.56858			6
2026.04.06	01:13:11.635	0.56859	0.56863			6
2026.04.06	01:13:12.538	0.56860	0.56864			6
2026.04.06	01:13:14.039	0.56858	0.56862			6
2026.04.06	01:13:14.639	0.56856	0.56860			6
2026.04.06	01:13:17.946	0.56855	0.56859			6
2026.04.06	01:13:18.242	0.56853	0.56857			6
2026.04.06	01:13:18.843	0.56851	0.56855			6
2026.04.06	01:13:21.251	0.56852	0.56856			6
2026.04.06	01:13:21.844	0.56853	0.56857			6
2026.04.06	01:13:24.546	0.56854	0.56858			6
2026.04.06	01:13:24.849	0.56853	0.56857			6
2026.04.06	01:13:29.053	0.56856	0.56860			6
2026.04.06	01:13:29.954	0.56858	0.56862			6
2026.04.06	01:13:30.554	0.56857	0.56861			6
2026.04.06	01:13:32.362	0.56856	0.56860			6
2026.04.06	01:13:40.475	0.56851	0.56855			6
2026.04.06	01:13:48.584	0.56849	0.56853			6
2026.04.06	01:13:48.883	0.56850	0.56854			6
2026.04.06	01:13:49.787	0.56851	0.56855			6
2026.04.06	01:13:50.689	0.56853	0.56857			6
2026.04.06	01:13:50.988	0.56852	0.56856			6
2026.04.06	01:13:51.287	0.56853	0.56857			6
2026.04.06	01:13:53.092	0.56852	0.56856			6
2026.04.06	01:13:53.389		0.56855			4
2026.04.06	01:13:57.596	0.56851	0.56854			6
2026.04.06	01:14:00.298	0.56846	0.56849			6
2026.04.06	01:14:00.599	0.56844	0.56847			6
2026.04.06	01:14:01.196	0.56843				2
2026.04.06	01:14:01.502	0.56844	0.56848			6
2026.04.06	01:14:01.801	0.56845	0.56849			6
2026.04.06	01:14:02.402	0.56846	0.56850			6
2026.04.06	01:14:05.702	0.56848	0.56852			6
2026.04.06	01:14:06.306	0.56854	0.56858			6
2026.04.06	01:14:08.705	0.56853	0.56857			6
2026.04.06	01:14:13.517	0.56854	0.56858			6
2026.04.06	01:14:17.730	0.56856	0.56860			6
2026.04.06	01:14:18.026	0.56859	0.56863			6
2026.04.06	01:14:18.324	0.56860	0.56864			6
2026.04.06	01:14:18.929	0.56859	0.56863			6
2026.04.06	01:14:19.227	0.56860	0.56864			6
2026.04.06	01:14:20.727	0.56859	0.56863			6
2026.04.06	01:14:21.027	0.56858	0.56862			6
2026.04.06	01:14:21.328	0.56855	0.56859			6
2026.04.06	01:14:21.627	0.56854	0.56858			6
2026.04.06	01:14:21.927	0.56855	0.56859			6
2026.04.06	01:14:24.631	0.56857	0.56861			6
2026.04.06	01:14:31.843	0.56856	0.56860			6
2026.04.06	01:14:32.140	0.56855	0.56859			6
2026.04.06	01:14:34.241	0.56854	0.56858			6
2026.04.06	01:14:35.140		0.56857			4
2026.04.06	01:14:35.441	0.56856	0.56859			6
2026.04.06	01:14:35.741	0.56857	0.56860			6
2026.04.06	01:14:36.041	0.56856	0.56859			6
2026.04.06	01:14:37.245	0.56857	0.56860			6
2026.04.06	01:14:39.045	0.56858	0.56861			6
2026.04.06	01:14:39.642	0.56857	0.56860			6
2026.04.06	01:14:42.947	0.56858	0.56861			6
2026.04.06	01:14:43.248	0.56857	0.56860			6
2026.04.06	01:14:47.155	0.56858				2
2026.04.06	01:14:48.353	0.56857	0.56859			6
2026.04.06	01:14:48.956	0.56858	0.56860			6
2026.04.06	01:14:49.256	0.56857	0.56859			6
2026.04.06	01:14:50.157	0.56858	0.56860			6
2026.04.06	01:14:56.470	0.56857	0.56859			6
2026.04.06	01:14:58.579	0.56853	0.56855			6
2026.04.06	01:14:58.879	0.56852	0.56854			6
2026.04.06	01:15:00.083	0.56852				2
2026.04.06	01:15:00.379	0.56850	0.56852			6
2026.04.06	01:15:00.681	0.56851	0.56853			6
2026.04.06	01:15:00.979		0.56855			4
2026.04.06	01:15:01.582	0.56850	0.56854			6
2026.04.06	01:15:01.881	0.56849	0.56853			6
2026.04.06	01:15:02.181	0.56848				2
2026.04.06	01:15:03.083	0.56851	0.56854			6
2026.04.06	01:15:05.788	0.56850	0.56853			6
2026.04.06	01:15:06.991	0.56849				2
2026.04.06	01:15:07.288	0.56850	0.56854			6
2026.04.06	01:15:07.588	0.56849	0.56853			6
2026.04.06	01:15:08.187	0.56850				2
2026.04.06	01:15:08.489		0.56854			4
2026.04.06	01:15:09.089		0.56852			4
2026.04.06	01:15:10.588	0.56849	0.56851			6
2026.04.06	01:15:12.691		0.56850			4
2026.04.06	01:15:13.590	0.56845	0.56847			6
2026.04.06	01:15:15.393	0.56844	0.56846			6
2026.04.06	01:15:17.796	0.56846	0.56848			6
2026.04.06	01:15:18.702	0.56848	0.56850			6
2026.04.06	01:15:19.899	0.56849	0.56851			6
2026.04.06	01:15:23.205	0.56848	0.56850			6
2026.04.06	01:15:24.708	0.56850	0.56852			6
2026.04.06	01:15:29.209	0.56852	0.56854			6
2026.04.06	01:15:29.810	0.56851	0.56853			6
2026.04.06	01:15:31.317	0.56848	0.56850			6
2026.04.06	01:15:31.617	0.56849	0.56851			6
2026.04.06	01:15:33.720	0.56850				2
2026.04.06	01:15:34.018	0.56848	0.56849			6
2026.04.06	01:15:35.219	0.56847				2
2026.04.06	01:15:36.121	0.56848				2
2026.04.06	01:15:38.222	0.56850	0.56852			6
2026.04.06	01:15:38.522	0.56846	0.56847			6
2026.04.06	01:15:39.122	0.56845				2
2026.04.06	01:15:41.227	0.56846	0.56848			6
2026.04.06	01:15:43.029	0.56848	0.56850			6
2026.04.06	01:15:45.136	0.56847	0.56849			6
2026.04.06	01:15:45.438	0.56845	0.56847			6
2026.04.06	01:15:47.238	0.56846	0.56848			6
2026.04.06	01:15:47.839	0.56847	0.56849			6
2026.04.06	01:15:48.140	0.56849	0.56851			6
2026.04.06	01:15:48.441	0.56850	0.56852			6
2026.04.06	01:15:49.046	0.56851	0.56853			6
2026.04.06	01:15:49.342	0.56856	0.56858			6
2026.04.06	01:15:49.640	0.56859	0.56861			6
2026.04.06	01:15:50.241	0.56858				2
2026.04.06	01:15:50.545	0.56849	0.56852			6
2026.04.06	01:15:50.842	0.56850	0.56853			6
2026.04.06	01:15:51.142	0.56849				2
2026.04.06	01:15:51.441	0.56850	0.56854			6
2026.04.06	01:15:52.346	0.56844	0.56848			6
2026.04.06	01:15:53.546	0.56845				2
2026.04.06	01:15:53.849	0.56843	0.56846			6
2026.04.06	01:15:54.144		0.56847			4
2026.04.06	01:15:54.747	0.56842	0.56846			6
2026.04.06	01:15:55.046	0.56841	0.56845			6
2026.04.06	01:15:56.250	0.56842	0.56846			6
2026.04.06	01:15:56.549	0.56843				2
2026.04.06	01:15:57.149	0.56841	0.56845			6
2026.04.06	01:15:59.251	0.56839	0.56843			6
2026.04.06	01:15:59.850	0.56840	0.56844			6
2026.04.06	01:16:00.159	0.56842	0.56846			6
2026.04.06	01:16:03.152	0.56843				2
2026.04.06	01:16:04.658	0.56844	0.56848			6
2026.04.06	01:16:05.860	0.56846	0.56850			6
2026.04.06	01:16:06.160	0.56845	0.56849			6
2026.04.06	01:16:07.058	0.56838	0.56842			6
2026.04.06	01:16:07.357	0.56837	0.56841			6
2026.04.06	01:16:13.070	0.56835	0.56839			6
2026.04.06	01:16:13.366	0.56833	0.56837			6
2026.04.06	01:16:13.667	0.56832	0.56836			6
2026.04.06	01:16:19.980	0.56836	0.56840			6
2026.04.06	01:16:24.183	0.56839	0.56842			6
2026.04.06	01:16:24.481	0.56838	0.56841			6
2026.04.06	01:16:27.492	0.56849	0.56853			6
2026.04.06	01:16:27.787	0.56852	0.56856			6
2026.04.06	01:16:28.092	0.56853	0.56857			6
2026.04.06	01:16:28.388	0.56852	0.56856			6
2026.04.06	01:16:28.689	0.56850	0.56854			6
2026.04.06	01:16:29.591	0.56852	0.56856			6
2026.04.06	01:16:30.192	0.56853	0.56857			6
2026.04.06	01:16:31.392	0.56854	0.56858			6
2026.04.06	01:16:31.690	0.56855				2
2026.04.06	01:16:31.991	0.56854				2
2026.04.06	01:16:32.594	0.56857	0.56861			6
2026.04.06	01:16:32.890	0.56854	0.56858			6
2026.04.06	01:16:34.091	0.56849	0.56852			6
2026.04.06	01:16:34.695	0.56847	0.56850			6
2026.04.06	01:16:34.993		0.56851			4
2026.04.06	01:16:35.596	0.56846	0.56849			6
2026.04.06	01:16:35.893	0.56845				2
2026.04.06	01:16:36.196	0.56844	0.56848			6
2026.04.06	01:16:36.794	0.56845	0.56849			6
2026.04.06	01:16:37.396		0.56848			4
2026.04.06	01:16:37.695	0.56843	0.56846			6
2026.04.06	01:16:41.306	0.56834	0.56837			6
2026.04.06	01:16:41.601	0.56832	0.56836			6
2026.04.06	01:16:43.103	0.56833	0.56837			6
2026.04.06	01:16:44.304		0.56836			4
2026.04.06	01:16:46.108		0.56837			4
2026.04.06	01:16:46.405	0.56834	0.56838			6
2026.04.06	01:16:47.311	0.56835	0.56837			6
2026.04.06	01:16:47.611	0.56834	0.56836			6
2026.04.06	01:16:47.909	0.56832	0.56835			6
2026.04.06	01:16:48.215	0.56830	0.56833			6
2026.04.06	01:16:48.509	0.56829				2
2026.04.06	01:16:49.113	0.56828	0.56831			6
2026.04.06	01:16:49.412	0.56830	0.56832			6
2026.04.06	01:16:49.710	0.56829				2
2026.04.06	01:16:51.516	0.56826	0.56830			6
2026.04.06	01:16:51.817	0.56827	0.56831			6
2026.04.06	01:16:53.020	0.56828				2
2026.04.06	01:16:53.923	0.56829	0.56833			6
2026.04.06	01:16:54.220	0.56830	0.56834			6
2026.04.06	01:16:55.420	0.56835	0.56839			6
2026.04.06	01:16:56.023	0.56836	0.56840			6
2026.04.06	01:16:56.322	0.56837	0.56841			6
2026.04.06	01:16:56.620	0.56833	0.56837			6
2026.04.06	01:17:00.228	0.56833				2
2026.04.06	01:17:01.730	0.56837	0.56841			6
2026.04.06	01:17:02.033		0.56840			4
2026.04.06	01:17:02.335		0.56841			4
2026.04.06	01:17:02.630	0.56840	0.56842			6
2026.04.06	01:17:02.932	0.56839	0.56843			6
2026.04.06	01:17:03.232	0.56838	0.56842			6
2026.04.06	01:17:03.533		0.56841			4
2026.04.06	01:17:04.132	0.56839	0.56843			6
2026.04.06	01:17:04.431	0.56840	0.56844			6
2026.04.06	01:17:08.642	0.56839	0.56843			6
2026.04.06	01:17:08.940		0.56842			4
2026.04.06	01:17:09.243	0.56835	0.56838			6
2026.04.06	01:17:09.542	0.56833	0.56837			6
2026.04.06	01:17:10.443	0.56834				2
2026.04.06	01:17:10.743		0.56838			4
2026.04.06	01:17:11.341	0.56832	0.56836			6
2026.04.06	01:17:14.345	0.56836	0.56839			6
2026.04.06	01:17:15.248		0.56840			4
2026.04.06	01:17:16.447	0.56835	0.56839			6
2026.04.06	01:17:16.748	0.56834	0.56837			6
2026.04.06	01:17:17.352		0.56838			4
2026.04.06	01:17:17.648	0.56836	0.56839			6
2026.04.06	01:17:17.953	0.56837	0.56841			6
2026.04.06	01:17:18.246	0.56838				2
2026.04.06	01:17:18.849	0.56835	0.56839			6
2026.04.06	01:17:19.751		0.56838			4
2026.04.06	01:17:20.351	0.56834				2
2026.04.06	01:17:22.451		0.56837			4
2026.04.06	01:17:23.652	0.56835	0.56839			6
2026.04.06	01:17:23.950	0.56834	0.56838			6
2026.04.06	01:17:29.058	0.56833	0.56836			6
2026.04.06	01:17:29.660	0.56832	0.56834			6
2026.04.06	01:17:29.959	0.56833	0.56836			6
2026.04.06	01:17:30.258	0.56830	0.56833			6
2026.04.06	01:17:31.161		0.56834			4
2026.04.06	01:17:31.461	0.56831	0.56835			6
2026.04.06	01:17:32.362	0.56830	0.56833			6
2026.04.06	01:17:32.659	0.56832	0.56836			6
2026.04.06	01:17:36.267		0.56835			4
2026.04.06	01:17:38.965	0.56831				2
2026.04.06	01:17:42.274	0.56832				2
2026.04.06	01:17:43.170	0.56831	0.56834			6
2026.04.06	01:17:44.371		0.56835			4
2026.04.06	01:17:45.271	0.56832				2
2026.04.06	01:17:45.573	0.56831				2
2026.04.06	01:17:51.576	0.56832				2
2026.04.06	01:17:58.191	0.56836	0.56839			6
2026.04.06	01:17:58.487	0.56838	0.56842			6
2026.04.06	01:18:00.292	0.56838				2
2026.04.06	01:18:00.591	0.56837	0.56841			6
2026.04.06	01:18:01.494	0.56838	0.56840			6
2026.04.06	01:18:02.994	0.56837	0.56839			6
2026.04.06	01:18:05.401	0.56831	0.56834			6
2026.04.06	01:18:07.203		0.56835			4
2026.04.06	01:18:07.499	0.56832				2
2026.04.06	01:18:10.804	0.56831	0.56834			6
2026.04.06	01:18:11.102	0.56830				2
2026.04.06	01:18:12.308	0.56828	0.56832			6
2026.04.06	01:18:12.607	0.56830	0.56834			6
2026.04.06	01:18:12.907	0.56831	0.56835			6
2026.04.06	01:18:13.508	0.56830	0.56834			6
2026.04.06	01:18:13.812	0.56829	0.56833			6
2026.04.06	01:18:15.011	0.56828	0.56832			6
2026.04.06	01:18:15.315	0.56826	0.56830			6
2026.04.06	01:18:18.319	0.56827				2
2026.04.06	01:18:25.237	0.56830	0.56833			6
2026.04.06	01:18:26.142	0.56832	0.56835			6
2026.04.06	01:18:26.446	0.56835	0.56838			6
2026.04.06	01:18:26.739	0.56836	0.56839			6
2026.04.06	01:18:28.243	0.56837	0.56841			6
2026.04.06	01:18:28.543		0.56840			4
2026.04.06	01:18:29.141		0.56841			4
2026.04.06	01:18:29.442		0.56840			4
2026.04.06	01:18:30.343		0.56839			4
2026.04.06	01:18:30.645	0.56835	0.56838			6
2026.04.06	01:18:33.348	0.56834	0.56837			6
2026.04.06	01:18:34.248	0.56835				2
2026.04.06	01:18:34.549	0.56834				2
2026.04.06	01:18:34.849	0.56835	0.56838			6
2026.04.06	01:18:35.148	0.56836	0.56839			6
2026.04.06	01:18:37.856		0.56838			4
2026.04.06	01:18:38.758		0.56839			4
2026.04.06	01:18:47.171	0.56834	0.56835			6
2026.04.06	01:18:47.471	0.56836	0.56838			6
2026.04.06	01:18:47.771	0.56834	0.56836			6
2026.04.06	01:18:48.369	0.56833				2
2026.04.06	01:18:49.271	0.56835	0.56838			6
2026.04.06	01:18:49.570	0.56834	0.56835			6
2026.04.06	01:18:49.872	0.56832				2
2026.04.06	01:18:50.169	0.56833				2
2026.04.06	01:18:52.274	0.56835	0.56837			6
2026.04.06	01:18:53.173	0.56834	0.56836			6
2026.04.06	01:18:54.380	0.56837	0.56839			6
2026.04.06	01:18:55.285	0.56840	0.56842			6
2026.04.06	01:18:55.581	0.56839	0.56841			6
2026.04.06	01:18:57.690		0.56840			4
2026.04.06	01:18:57.987	0.56838				2
2026.04.06	01:18:58.288	0.56839	0.56841			6
2026.04.06	01:18:58.885	0.56843	0.56845			6
2026.04.06	01:18:59.184	0.56842	0.56844			6
2026.04.06	01:19:00.093	0.56842	0.56843			6
2026.04.06	01:19:00.390	0.56834	0.56836			6
2026.04.06	01:19:00.694	0.56831	0.56832			6
2026.04.06	01:19:00.993	0.56834	0.56836			6
2026.04.06	01:19:01.291	0.56833				2
2026.04.06	01:19:01.892	0.56832	0.56835			6
2026.04.06	01:19:02.194		0.56836			4
2026.04.06	01:19:02.490	0.56833	0.56837			6
2026.04.06	01:19:03.396	0.56834	0.56838			6
2026.04.06	01:19:05.193	0.56833	0.56837			6
2026.04.06	01:19:05.493	0.56834	0.56838			6
2026.04.06	01:19:06.696	0.56833	0.56837			6
2026.04.06	01:19:07.595	0.56832	0.56836			6
2026.04.06	01:19:09.102	0.56834	0.56838			6
2026.04.06	01:19:10.303	0.56836				2
2026.04.06	01:19:10.600	0.56837	0.56840			6
2026.04.06	01:19:13.601		0.56841			4
2026.04.06	01:19:13.903		0.56840			4
2026.04.06	01:19:17.511	0.56836	0.56837			6
2026.04.06	01:19:17.804	0.56833	0.56836			6
2026.04.06	01:19:18.109	0.56832	0.56835			6
2026.04.06	01:19:18.710		0.56836			4
2026.04.06	01:19:21.414	0.56835	0.56839			6
2026.04.06	01:19:21.713		0.56838			4
2026.04.06	01:19:22.313		0.56839			4
2026.04.06	01:19:23.216		0.56838			4
2026.04.06	01:19:24.417	0.56833	0.56836			6
2026.04.06	01:19:28.925	0.56832	0.56835			6
2026.04.06	01:19:29.227	0.56828	0.56831			6
2026.04.06	01:19:29.528	0.56831	0.56834			6
2026.04.06	01:19:32.530	0.56830	0.56833			6
2026.04.06	01:19:35.236	0.56831				2
2026.04.06	01:19:43.044	0.56827	0.56829			6
2026.04.06	01:19:43.346	0.56826	0.56828			6
2026.04.06	01:19:44.845	0.56827	0.56829			6
2026.04.06	01:19:51.159	0.56826	0.56828			6
2026.04.06	01:19:53.258	0.56827				2
2026.04.06	01:19:53.558	0.56826				2
2026.04.06	01:19:55.362	0.56827	0.56829			6
2026.04.06	01:19:56.261	0.56828				2
2026.04.06	01:20:00.174	0.56827	0.56828			6
2026.04.06	01:20:00.479	0.56829	0.56830			6
2026.04.06	01:20:00.770	0.56831	0.56833			6
2026.04.06	01:20:01.069	0.56832	0.56834			6
2026.04.06	01:20:01.672	0.56831	0.56833			6
2026.04.06	01:20:01.975		0.56832			4
2026.04.06	01:20:02.270	0.56828	0.56830			6
2026.04.06	01:20:03.172	0.56829	0.56831			6
2026.04.06	01:20:03.471	0.56830				2
2026.04.06	01:20:03.774	0.56829				2
2026.04.06	01:20:05.276	0.56830				2
2026.04.06	01:20:05.878		0.56832			4
2026.04.06	01:20:08.879		0.56831			4
2026.04.06	01:20:10.082	0.56828	0.56829			6
2026.04.06	01:20:10.381		0.56830			4
2026.04.06	01:20:10.685	0.56830	0.56832			6
2026.04.06	01:20:10.983	0.56829	0.56830			6
2026.04.06	01:20:11.283	0.56828				2
2026.04.06	01:20:11.885		0.56829			4
2026.04.06	01:20:12.184	0.56827	0.56828			6
2026.04.06	01:20:12.784		0.56829			4
2026.04.06	01:20:13.984	0.56823	0.56825			6
2026.04.06	01:20:14.285		0.56824			4
2026.04.06	01:20:14.887		0.56825			4
2026.04.06	01:20:16.091	0.56821	0.56823			6
2026.04.06	01:20:16.389		0.56822			4
2026.04.06	01:20:17.288	0.56820				2
2026.04.06	01:20:18.193	0.56821	0.56823			6
2026.04.06	01:20:19.994	0.56820	0.56822			6
2026.04.06	01:20:20.594	0.56817	0.56819			6
2026.04.06	01:20:20.899	0.56816	0.56818			6
2026.04.06	01:20:21.501	0.56817	0.56819			6
2026.04.06	01:20:22.403	0.56816	0.56818			6
2026.04.06	01:20:23.305	0.56817				2
2026.04.06	01:20:23.607	0.56816				2
2026.04.06	01:20:25.414	0.56814	0.56816			6
2026.04.06	01:20:26.612	0.56817	0.56819			6
2026.04.06	01:20:28.113		0.56818			4
2026.04.06	01:20:29.014	0.56816				2
2026.04.06	01:20:30.821	0.56817	0.56819			6
2026.04.06	01:20:31.421	0.56818	0.56820			6
2026.04.06	01:20:32.318	0.56823	0.56825			6
2026.04.06	01:20:32.621	0.56825	0.56827			6
2026.04.06	01:20:32.919	0.56826				2
2026.04.06	01:20:33.221	0.56825				2
2026.04.06	01:20:35.325		0.56826			4
2026.04.06	01:20:35.625	0.56823	0.56825			6
2026.04.06	01:20:36.528	0.56824	0.56826			6
2026.04.06	01:20:37.126	0.56823	0.56825			6
2026.04.06	01:20:39.227	0.56825	0.56827			6
2026.04.06	01:20:39.529	0.56827	0.56829			6
2026.04.06	01:20:40.426	0.56826	0.56828			6
2026.04.06	01:20:43.733	0.56825	0.56827			6
2026.04.06	01:20:46.147	0.56824	0.56825			6
2026.04.06	01:20:46.442	0.56822	0.56824			6
2026.04.06	01:20:46.740	0.56823	0.56825			6
2026.04.06	01:20:48.543	0.56824				2
2026.04.06	01:20:52.447	0.56823				2
2026.04.06	01:21:00.258	0.56826	0.56827			6
2026.04.06	01:21:00.554	0.56825				2
2026.04.06	01:21:05.062	0.56826	0.56828			6
2026.04.06	01:21:05.359	0.56825	0.56827			6
2026.04.06	01:21:06.862	0.56826	0.56828			6
2026.04.06	01:21:11.066	0.56825	0.56827			6
2026.04.06	01:21:12.266		0.56826			4
2026.04.06	01:21:14.370		0.56827			4
2026.04.06	01:21:19.778	0.56826	0.56828			6
2026.04.06	01:21:20.684		0.56827			4
2026.04.06	01:21:20.978	0.56825				2
2026.04.06	01:21:21.280	0.56828	0.56830			6
2026.04.06	01:21:21.580	0.56827	0.56829			6
2026.04.06	01:21:21.879	0.56828	0.56830			6
2026.04.06	01:21:23.382	0.56827	0.56829			6
2026.04.06	01:21:24.887	0.56828	0.56830			6
2026.04.06	01:21:25.187	0.56827	0.56829			6
2026.04.06	01:21:25.486	0.56828	0.56830			6
2026.04.06	01:21:26.389	0.56826	0.56828			6
2026.04.06	01:21:29.093	0.56827				2
2026.04.06	01:21:30.593	0.56826				2
2026.04.06	01:21:32.693		0.56827			4
2026.04.06	01:21:32.995	0.56824	0.56825			6
2026.04.06	01:21:34.496	0.56823	0.56824			6
2026.04.06	01:21:36.901	0.56824	0.56825			6
2026.04.06	01:21:37.201	0.56823	0.56824			6
2026.04.06	01:21:38.103	0.56824	0.56825			6
2026.04.06	01:21:40.207	0.56823				2
2026.04.06	01:21:42.310	0.56826	0.56827			6
2026.04.06	01:21:42.606	0.56824	0.56825			6
2026.04.06	01:21:46.822	0.56823				2
2026.04.06	01:21:47.723		0.56824			4
2026.04.06	01:21:48.023	0.56822				2
2026.04.06	01:21:50.129	0.56823	0.56825			6
2026.04.06	01:21:50.428	0.56824				2
2026.04.06	01:21:56.137	0.56822	0.56823			6
2026.04.06	01:21:57.339	0.56823	0.56824			6
2026.04.06	01:21:58.839		0.56825			4
2026.04.06	01:22:00.045	0.56823				2
2026.04.06	01:22:00.343		0.56824			4
2026.04.06	01:22:00.642		0.56825			4
2026.04.06	01:22:01.541	0.56824				2
2026.04.06	01:22:03.347	0.56825	0.56827			6
2026.04.06	01:22:03.645	0.56824	0.56826			6
2026.04.06	01:22:03.945	0.56823	0.56825			6
2026.04.06	01:22:06.048	0.56824	0.56826			6
2026.04.06	01:22:06.949	0.56825				2
2026.04.06	01:22:07.850	0.56824				2
2026.04.06	01:22:09.053	0.56825				2
2026.04.06	01:22:09.354		0.56827			4
2026.04.06	01:22:09.654	0.56826				2
2026.04.06	01:22:09.955	0.56825				2
2026.04.06	01:22:15.961	0.56828	0.56830			6
2026.04.06	01:22:16.265	0.56829	0.56831			6
2026.04.06	01:22:18.968	0.56830				2
2026.04.06	01:22:19.266	0.56827	0.56828			6
2026.04.06	01:22:24.369		0.56829			4
2026.04.06	01:22:26.175	0.56829	0.56830			6
2026.04.06	01:22:26.774	0.56828				2
2026.04.06	01:22:32.781	0.56829				2
2026.04.06	01:22:37.297	0.56827	0.56829			6
2026.04.06	01:22:40.900	0.56828				2
2026.04.06	01:22:42.108	0.56829	0.56830			6
2026.04.06	01:22:42.406	0.56830	0.56832			6
2026.04.06	01:22:45.113	0.56831				2
2026.04.06	01:22:45.415	0.56830				2
2026.04.06	01:22:47.220		0.56831			4
2026.04.06	01:22:47.518		0.56832			4
2026.04.06	01:22:49.625	0.56833	0.56835			6
2026.04.06	01:22:49.922	0.56834				2
2026.04.06	01:22:50.223	0.56832	0.56834			6
2026.04.06	01:22:50.826	0.56833	0.56835			6
2026.04.06	01:22:52.332	0.56834	0.56836			6
2026.04.06	01:22:52.634	0.56833	0.56835			6
2026.04.06	01:22:58.642	0.56834				2
2026.04.06	01:22:58.942	0.56833				2
2026.04.06	01:22:59.243	0.56834	0.56836			6
2026.04.06	01:23:00.145	0.56833	0.56835			6
2026.04.06	01:23:00.445	0.56834	0.56836			6
2026.04.06	01:23:00.744	0.56833	0.56835			6
2026.04.06	01:23:01.647		0.56834			4
2026.04.06	01:23:04.950	0.56835	0.56837			6
2026.04.06	01:23:05.551	0.56836				2
2026.04.06	01:23:07.351	0.56833	0.56835			6
2026.04.06	01:23:13.060		0.56834			4
2026.04.06	01:23:14.262	0.56832				2
2026.04.06	01:23:19.674	0.56833	0.56835			6
2026.04.06	01:23:25.689	0.56834				2
2026.04.06	01:23:27.796	0.56836	0.56837			6
2026.04.06	01:23:28.395	0.56835				2
2026.04.06	01:23:28.998	0.56836	0.56838			6
2026.04.06	01:23:30.503		0.56837			4
2026.04.06	01:23:31.701		0.56838			4
2026.04.06	01:23:32.301	0.56838	0.56839			6
2026.04.06	01:23:33.199	0.56837	0.56838			6
2026.04.06	01:23:33.503		0.56839			4
2026.04.06	01:23:33.802	0.56836	0.56838			6
2026.04.06	01:23:34.401	0.56835	0.56837			6
2026.04.06	01:23:34.702	0.56836				2
2026.04.06	01:23:35.001	0.56835				2
2026.04.06	01:23:45.830	0.56832	0.56834			6
2026.04.06	01:23:46.131	0.56831	0.56833			6
2026.04.06	01:23:52.743	0.56827	0.56829			6
2026.04.06	01:23:53.343	0.56828	0.56830			6
2026.04.06	01:23:53.643		0.56829			4
2026.04.06	01:23:54.542		0.56830			4
2026.04.06	01:23:55.144	0.56830	0.56831			6
2026.04.06	01:23:56.043		0.56832			4
2026.04.06	01:23:56.947	0.56829	0.56830			6
2026.04.06	01:23:57.846	0.56828				2
2026.04.06	01:23:59.649	0.56825	0.56826			6
2026.04.06	01:24:00.252	0.56823	0.56824			6
2026.04.06	01:24:00.549	0.56825	0.56827			6
2026.04.06	01:24:04.752	0.56826				2
2026.04.06	01:24:07.156	0.56825				2
2026.04.06	01:24:18.875	0.56826	0.56828			6
2026.04.06	01:24:20.679	0.56828	0.56830			6
2026.04.06	01:24:27.291	0.56829				2
2026.04.06	01:24:42.614	0.56828	0.56829			6
2026.04.06	01:24:45.619	0.56827	0.56828			6
2026.04.06	01:24:47.420	0.56824	0.56826			6
2026.04.06	01:24:48.321		0.56825			4
2026.04.06	01:24:48.924	0.56823	0.56824			6
2026.04.06	01:24:50.430		0.56825			4
2026.04.06	01:24:51.632	0.56822	0.56824			6
2026.04.06	01:24:52.236	0.56823				2
2026.04.06	01:24:53.137	0.56824	0.56825			6
2026.04.06	01:24:53.740	0.56823	0.56824			6
2026.04.06	01:24:58.545	0.56825	0.56827			6
2026.04.06	01:25:00.048	0.56825				2
2026.04.06	01:25:00.350	0.56827	0.56829			6
2026.04.06	01:25:00.650	0.56826	0.56828			6
2026.04.06	01:25:01.549		0.56827			4
2026.04.06	01:25:15.372	0.56825	0.56826			6
2026.04.06	01:25:15.668	0.56823	0.56825			6
2026.04.06	01:25:16.569	0.56824				2
2026.04.06	01:25:18.971		0.56826			4
2026.04.06	01:25:19.271	0.56826	0.56827			6
2026.04.06	01:25:19.572	0.56825				2
2026.04.06	01:25:22.276	0.56827	0.56829			6
2026.04.06	01:25:22.877	0.56828				2
2026.04.06	01:25:23.174	0.56827				2
2026.04.06	01:25:23.475		0.56828			4
2026.04.06	01:25:24.377	0.56828	0.56829			6
2026.04.06	01:25:26.780	0.56826	0.56827			6
2026.04.06	01:25:30.982	0.56824	0.56826			6
2026.04.06	01:25:31.283		0.56825			4
2026.04.06	01:25:34.889		0.56826			4
2026.04.06	01:25:43.906		0.56825			4
2026.04.06	01:25:51.422	0.56823				2
2026.04.06	01:25:56.828	0.56824				2
2026.04.06	01:26:00.133	0.56824				2
2026.04.06	01:26:00.433	0.56822	0.56824			6
2026.04.06	01:26:01.331		0.56823			4
2026.04.06	01:26:03.135	0.56823	0.56824			6
2026.04.06	01:26:09.446	0.56822				2
2026.04.06	01:26:11.249	0.56824	0.56825			6
2026.04.06	01:26:14.248	0.56823	0.56824			6
2026.04.06	01:26:22.061	0.56824	0.56825			6
2026.04.06	01:26:22.362	0.56823	0.56824			6
2026.04.06	01:26:34.997	0.56822				2
2026.04.06	01:26:42.509		0.56823			4
2026.04.06	01:26:44.912	0.56818	0.56820			6
2026.04.06	01:26:49.416		0.56819			4
2026.04.06	01:26:52.124		0.56820			4
2026.04.06	01:26:56.631		0.56819			4
2026.04.06	01:26:56.934	0.56816	0.56818			6
2026.04.06	01:26:57.831	0.56813	0.56815			6
2026.04.06	01:26:58.730	0.56814				2
2026.04.06	01:27:00.235	0.56814				2
2026.04.06	01:27:01.140	0.56818	0.56820			6
2026.04.06	01:27:02.341	0.56817	0.56819			6
2026.04.06	01:27:04.443	0.56818				2
2026.04.06	01:27:05.946	0.56819	0.56820			6
2026.04.06	01:27:06.243		0.56821			4
2026.04.06	01:27:06.543	0.56820	0.56822			6
2026.04.06	01:27:06.843	0.56821				2
2026.04.06	01:27:07.747	0.56820				2
2026.04.06	01:27:08.948	0.56821				2
2026.04.06	01:27:09.548	0.56820				2
2026.04.06	01:27:10.452	0.56821				2
2026.04.06	01:27:10.749	0.56822	0.56823			6
2026.04.06	01:27:12.249	0.56823	0.56824			6
2026.04.06	01:27:12.852	0.56822				2
2026.04.06	01:27:13.451	0.56824	0.56825			6
2026.04.06	01:27:19.170	0.56825	0.56826			6
2026.04.06	01:27:21.572	0.56824				2
2026.04.06	01:27:21.870	0.56825				2
2026.04.06	01:27:22.772	0.56824				2
2026.04.06	01:27:23.972	0.56825				2
2026.04.06	01:27:24.274	0.56824				2
2026.04.06	01:27:25.479		0.56825			4
2026.04.06	01:27:26.380		0.56826			4
2026.04.06	01:27:26.981		0.56825			4
2026.04.06	01:27:27.281		0.56826			4
2026.04.06	01:27:28.485		0.56825			4
2026.04.06	01:27:29.387	0.56825	0.56826			6
2026.04.06	01:27:32.693	0.56823	0.56825			6
2026.04.06	01:27:38.100		0.56824			4
2026.04.06	01:27:38.702	0.56825	0.56826			6
2026.04.06	01:27:39.002		0.56827			4
2026.04.06	01:27:43.212	0.56827	0.56829			6
2026.04.06	01:27:43.506	0.56828				2
2026.04.06	01:27:44.707	0.56826	0.56828			6
2026.04.06	01:27:48.618	0.56827				2
2026.04.06	01:27:49.518	0.56826	0.56827			6
2026.04.06	01:27:54.032		0.56828			4
2026.04.06	01:27:54.631	0.56827				2
2026.04.06	01:27:59.144	0.56826				2
2026.04.06	01:28:00.046	0.56826				2
2026.04.06	01:28:02.746	0.56827				2
2026.04.06	01:28:04.546	0.56830	0.56831			6
2026.04.06	01:28:04.849	0.56828	0.56829			6
2026.04.06	01:28:05.146		0.56830			4
2026.04.06	01:28:05.448		0.56829			4
2026.04.06	01:28:06.650	0.56827				2
2026.04.06	01:28:07.551		0.56828			4
2026.04.06	01:28:12.354	0.56828	0.56830			6
2026.04.06	01:28:13.256		0.56829			4
2026.04.06	01:28:14.158		0.56830			4
2026.04.06	01:28:15.359		0.56829			4
2026.04.06	01:28:21.970	0.56829	0.56830			6
2026.04.06	01:28:22.267	0.56831	0.56833			6
2026.04.06	01:28:22.567	0.56832				2
2026.04.06	01:28:22.867	0.56831				2
2026.04.06	01:28:23.773		0.56832			4
2026.04.06	01:28:24.369	0.56827	0.56828			6
2026.04.06	01:28:24.974	0.56826				2
2026.04.06	01:28:28.882	0.56828	0.56829			6
2026.04.06	01:28:29.779		0.56830			4
2026.04.06	01:28:30.683	0.56829	0.56831			6
2026.04.06	01:28:30.983	0.56827	0.56829			6
2026.04.06	01:28:34.588		0.56828			4
2026.04.06	01:28:35.488	0.56826				2
2026.04.06	01:28:35.791		0.56827			4
2026.04.06	01:28:36.090		0.56828			4
2026.04.06	01:28:42.098	0.56827	0.56829			6
2026.04.06	01:28:42.396	0.56826	0.56828			6
2026.04.06	01:28:43.298		0.56827			4
2026.04.06	01:28:46.901	0.56825				2
2026.04.06	01:29:00.120	0.56825				2
2026.04.06	01:29:00.418		0.56826			4
2026.04.06	01:29:03.420	0.56823	0.56825			6
2026.04.06	01:29:03.720	0.56822	0.56824			6
2026.04.06	01:29:04.621		0.56823			4
2026.04.06	01:29:07.326	0.56820	0.56822			6
2026.04.06	01:29:08.226		0.56821			4
2026.04.06	01:29:20.546		0.56822			4
2026.04.06	01:29:21.748		0.56821			4
2026.04.06	01:29:26.258	0.56823	0.56824			6
2026.04.06	01:29:26.558	0.56822				2
2026.04.06	01:29:30.468		0.56823			4
2026.04.06	01:29:30.767	0.56823	0.56824			6
2026.04.06	01:29:31.069	0.56824	0.56826			6
2026.04.06	01:29:37.976	0.56825	0.56827			6
2026.04.06	01:29:38.277	0.56824	0.56826			6
2026.04.06	01:29:38.575	0.56823	0.56825			6
2026.04.06	01:29:40.978		0.56824			4
2026.04.06	01:29:41.579	0.56822				2
2026.04.06	01:29:43.380	0.56823	0.56825			6
2026.04.06	01:29:43.680		0.56824			4
2026.04.06	01:29:45.783		0.56825			4
2026.04.06	01:29:47.286	0.56822	0.56824			6
2026.04.06	01:29:52.390	0.56823				2
2026.04.06	01:29:53.292		0.56825			4
2026.04.06	01:29:56.301		0.56824			4
2026.04.06	01:30:00.208	0.56822	0.56823			6
2026.04.06	01:30:00.504	0.56821				2
2026.04.06	01:30:00.804	0.56820	0.56822			6
2026.04.06	01:30:01.404		0.56821			4
2026.04.06	01:30:01.703	0.56819				2
2026.04.06	01:30:03.510	0.56820	0.56822			6
2026.04.06	01:30:05.323	0.56819	0.56821			6
2026.04.06	01:30:05.624	0.56817	0.56819			6
2026.04.06	01:30:05.925	0.56818	0.56820			6
2026.04.06	01:30:06.222	0.56817	0.56819			6
2026.04.06	01:30:13.441	0.56818	0.56820			6
2026.04.06	01:30:14.045	0.56817	0.56819			6
2026.04.06	01:30:16.143	0.56818	0.56820			6
2026.04.06	01:30:20.044	0.56817	0.56819			6
2026.04.06	01:30:26.049	0.56818	0.56820			6
2026.04.06	01:30:26.348		0.56819			4
2026.04.06	01:30:26.949	0.56817				2
2026.04.06	01:30:30.253	0.56818	0.56820			6
2026.04.06	01:30:30.552	0.56822	0.56824			6
2026.04.06	01:30:33.554	0.56823	0.56825			6
2026.04.06	01:30:40.768	0.56822	0.56824			6
2026.04.06	01:30:41.367	0.56818	0.56820			6
2026.04.06	01:30:43.468	0.56819	0.56821			6
2026.04.06	01:30:43.768	0.56818	0.56820			6
2026.04.06	01:30:45.570	0.56817	0.56819			6
2026.04.06	01:30:45.871	0.56818	0.56820			6
2026.04.06	01:30:47.073	0.56817	0.56819			6
2026.04.06	01:30:51.283	0.56818	0.56820			6
2026.04.06	01:30:55.486	0.56820	0.56822			6
2026.04.06	01:31:00.299	0.56823	0.56825			6
2026.04.06	01:31:01.500	0.56824	0.56826			6
2026.04.06	01:31:02.103	0.56826	0.56828			6
2026.04.06	01:31:03.302	0.56825				2
2026.04.06	01:31:05.103		0.56827			4
2026.04.06	01:31:08.104	0.56823	0.56825			6
2026.04.06	01:31:19.818	0.56824	0.56826			6
2026.04.06	01:31:29.130	0.56823	0.56825			6
2026.04.06	01:31:31.534	0.56822	0.56824			6
2026.04.06	01:31:32.137	0.56826	0.56828			6
2026.04.06	01:31:33.940	0.56828	0.56830			6
2026.04.06	01:31:36.042		0.56829			4
2026.04.06	01:31:36.942		0.56830			4
2026.04.06	01:31:43.250		0.56829			4
2026.04.06	01:31:44.450	0.56827				2
2026.04.06	01:31:51.957	0.56833	0.56835			6
2026.04.06	01:31:52.257		0.56836			4
2026.04.06	01:32:00.067	0.56833				2
2026.04.06	01:32:02.166	0.56836	0.56839			6
2026.04.06	01:32:05.773		0.56838			4
2026.04.06	01:32:10.579		0.56839			4
2026.04.06	01:32:15.382	0.56834	0.56837			6
2026.04.06	01:32:20.785		0.56836			4
2026.04.06	01:32:21.089	0.56833				2
2026.04.06	01:32:21.687	0.56834	0.56837			6
2026.04.06	01:32:22.592	0.56835	0.56838			6
2026.04.06	01:32:25.294	0.56834	0.56837			6
2026.04.06	01:32:26.498	0.56835	0.56838			6
2026.04.06	01:32:28.301		0.56837			4
2026.04.06	01:32:28.601	0.56834				2
2026.04.06	01:32:31.309	0.56835	0.56838			6
2026.04.06	01:32:31.608	0.56836				2
2026.04.06	01:32:33.408		0.56839			4
2026.04.06	01:32:34.608		0.56838			4
2026.04.06	01:32:35.209		0.56837			4
2026.04.06	01:32:37.314		0.56838			4
2026.04.06	01:32:37.616		0.56837			4
2026.04.06	01:32:38.214		0.56838			4
2026.04.06	01:32:40.317		0.56837			4
2026.04.06	01:32:41.219		0.56838			4
2026.04.06	01:32:41.521	0.56838	0.56840			6
2026.04.06	01:32:42.419	0.56837				2
2026.04.06	01:32:42.720	0.56836	0.56838			6
2026.04.06	01:32:43.924		0.56839			4
2026.04.06	01:32:44.821		0.56838			4
2026.04.06	01:32:45.123		0.56837			4
2026.04.06	01:32:45.724		0.56838			4
2026.04.06	01:32:46.323		0.56839			4
2026.04.06	01:32:47.525		0.56838			4
2026.04.06	01:32:48.727		0.56839			4
2026.04.06	01:32:55.340		0.56838			4
2026.04.06	01:32:57.743		0.56837			4
2026.04.06	01:33:00.144	0.56836	0.56838			6
2026.04.06	01:33:01.344		0.56837			4
2026.04.06	01:33:02.543	0.56835				2
2026.04.06	01:33:03.142		0.56836			4
2026.04.06	01:33:04.043		0.56837			4
2026.04.06	01:33:04.643		0.56836			4
2026.04.06	01:33:06.447	0.56836	0.56838			6
2026.04.06	01:33:07.347	0.56835	0.56837			6
2026.04.06	01:33:07.648		0.56836			4
2026.04.06	01:33:08.248	0.56831	0.56833			6
2026.04.06	01:33:08.551	0.56830	0.56832			6
2026.04.06	01:33:09.148	0.56829	0.56831			6
2026.04.06	01:33:09.451	0.56832	0.56835			6
2026.04.06	01:33:10.651	0.56833	0.56836			6
2026.04.06	01:33:11.249		0.56835			4
2026.04.06	01:33:11.550		0.56836			4
2026.04.06	01:33:12.157	0.56834				2
2026.04.06	01:33:12.455	0.56832	0.56834			6
2026.04.06	01:33:12.753		0.56835			4
2026.04.06	01:33:13.352		0.56834			4
2026.04.06	01:33:14.852	0.56831	0.56833			6
2026.04.06	01:33:15.156	0.56833	0.56834			6
2026.04.06	01:33:15.453	0.56834	0.56837			6
2026.04.06	01:33:18.460		0.56836			4
2026.04.06	01:33:18.762		0.56837			4
2026.04.06	01:33:19.662	0.56833	0.56836			6
2026.04.06	01:33:22.364	0.56834	0.56837			6
2026.04.06	01:33:24.469	0.56833	0.56835			6
2026.04.06	01:33:25.670	0.56835	0.56838			6
2026.04.06	01:33:26.570	0.56834	0.56837			6
2026.04.06	01:33:26.869	0.56833	0.56836			6
2026.04.06	01:33:30.172	0.56835				2
2026.04.06	01:33:36.481	0.56836	0.56837			6
2026.04.06	01:33:36.780		0.56838			4
2026.04.06	01:33:42.191	0.56835				2
2026.04.06	01:33:48.502	0.56837				2
2026.04.06	01:33:52.113	0.56835	0.56837			6
2026.04.06	01:33:52.710		0.56838			4
2026.04.06	01:33:53.005		0.56837			4
2026.04.06	01:33:53.311		0.56838			4
2026.04.06	01:34:00.218	0.56839	0.56840			6
2026.04.06	01:34:00.519	0.56840	0.56841			6
2026.04.06	01:34:00.816	0.56835	0.56838			6
2026.04.06	01:34:01.415	0.56836	0.56839			6
2026.04.06	01:34:02.921	0.56835	0.56838			6
2026.04.06	01:34:04.421	0.56839	0.56841			6
2026.04.06	01:34:04.723		0.56842			4
2026.04.06	01:34:05.625		0.56841			4
2026.04.06	01:34:06.229	0.56837	0.56840			6
2026.04.06	01:34:06.524	0.56835	0.56838			6
2026.04.06	01:34:09.539		0.56839			4
2026.04.06	01:34:13.740		0.56838			4
2026.04.06	01:34:14.642		0.56837			4
2026.04.06	01:34:15.244	0.56836	0.56839			6
2026.04.06	01:34:15.545		0.56840			4
2026.04.06	01:34:15.843	0.56835	0.56839			6
2026.04.06	01:34:17.045	0.56836				2
2026.04.06	01:34:17.944	0.56835				2
2026.04.06	01:34:18.245	0.56836	0.56840			6
2026.04.06	01:34:20.648		0.56839			4
2026.04.06	01:34:25.157	0.56834	0.56837			6
2026.04.06	01:34:25.457	0.56832	0.56836			6
2026.04.06	01:34:25.753		0.56835			4
2026.04.06	01:34:28.458		0.56834			4
2026.04.06	01:34:28.756	0.56831				2
2026.04.06	01:34:29.060	0.56830				2
2026.04.06	01:34:29.359	0.56831				2
2026.04.06	01:34:31.459		0.56835			4
2026.04.06	01:34:32.360		0.56833			4
2026.04.06	01:34:32.659	0.56827	0.56830			6
2026.04.06	01:34:32.959	0.56826	0.56829			6
2026.04.06	01:34:33.566	0.56828	0.56831			6
2026.04.06	01:34:33.863		0.56832			4
2026.04.06	01:34:34.165	0.56827	0.56831			6
2026.04.06	01:34:37.770	0.56831	0.56834			6
2026.04.06	01:34:39.271	0.56833	0.56836			6
2026.04.06	01:34:39.873	0.56834				2
2026.04.06	01:34:40.170	0.56836	0.56840			6
2026.04.06	01:34:40.470	0.56841	0.56844			6
2026.04.06	01:34:41.074	0.56842	0.56846			6
2026.04.06	01:34:41.370		0.56845			4
2026.04.06	01:34:42.280		0.56844			4
2026.04.06	01:34:43.175	0.56841				2
2026.04.06	01:34:43.481		0.56843			4
2026.04.06	01:34:44.380		0.56844			4
2026.04.06	01:34:46.782		0.56843			4
2026.04.06	01:34:47.383	0.56837	0.56840			6
2026.04.06	01:34:49.786	0.56841	0.56844			6
2026.04.06	01:34:52.792	0.56838	0.56841			6
2026.04.06	01:34:53.393	0.56834	0.56837			6
2026.04.06	01:34:54.595		0.56836			4
2026.04.06	01:34:56.098		0.56837			4
2026.04.06	01:34:56.696		0.56836			4
2026.04.06	01:35:00.005	0.56834				2
2026.04.06	01:35:00.311	0.56828	0.56832			6
2026.04.06	01:35:00.615	0.56820	0.56824			6
2026.04.06	01:35:00.913	0.56823	0.56826			6
2026.04.06	01:35:01.210	0.56821	0.56825			6
2026.04.06	01:35:01.511	0.56823	0.56826			6
2026.04.06	01:35:02.411		0.56825			4
2026.04.06	01:35:03.011		0.56826			4
2026.04.06	01:35:04.816		0.56827			4
2026.04.06	01:35:05.715	0.56822	0.56825			6
2026.04.06	01:35:06.017	0.56823	0.56826			6
2026.04.06	01:35:07.218	0.56821	0.56824			6
2026.04.06	01:35:07.818		0.56823			4
2026.04.06	01:35:08.722		0.56824			4
2026.04.06	01:35:10.224	0.56822	0.56825			6
2026.04.06	01:35:11.124		0.56824			4
2026.04.06	01:35:11.426		0.56826			4
2026.04.06	01:35:11.724		0.56825			4
2026.04.06	01:35:12.623	0.56823				2
2026.04.06	01:35:12.925	0.56821				2
2026.04.06	01:35:14.132	0.56822				2
2026.04.06	01:35:14.429	0.56821				2
2026.04.06	01:35:16.831		0.56824			4
2026.04.06	01:35:17.732		0.56823			4
2026.04.06	01:35:18.032		0.56824			4
2026.04.06	01:35:19.837	0.56817	0.56821			6
2026.04.06	01:35:21.342	0.56821	0.56825			6
2026.04.06	01:35:21.649	0.56824	0.56827			6
2026.04.06	01:35:21.941	0.56825	0.56828			6
2026.04.06	01:35:23.744	0.56828	0.56829			6
2026.04.06	01:35:24.040		0.56831			4
2026.04.06	01:35:24.346	0.56826	0.56828			6
2026.04.06	01:35:24.643		0.56829			4
2026.04.06	01:35:28.247	0.56829	0.56832			6
2026.04.06	01:35:28.846	0.56828	0.56830			6
2026.04.06	01:35:29.147	0.56831	0.56832			6
2026.04.06	01:35:29.445		0.56834			4
2026.04.06	01:35:29.743	0.56828	0.56830			6
2026.04.06	01:35:30.348	0.56831	0.56834			6
2026.04.06	01:35:30.949	0.56832	0.56835			6
2026.04.06	01:35:31.246		0.56834			4
2026.04.06	01:35:32.148	0.56833	0.56835			6
2026.04.06	01:35:33.054		0.56836			4
2026.04.06	01:35:33.651	0.56832	0.56834			6
2026.04.06	01:35:33.950	0.56831				2
2026.04.06	01:35:35.156	0.56828	0.56831			6
2026.04.06	01:35:35.451	0.56822	0.56825			6
2026.04.06	01:35:35.754	0.56819	0.56823			6
2026.04.06	01:35:36.055	0.56820				2
2026.04.06	01:35:36.657	0.56821	0.56825			6
2026.04.06	01:35:36.952	0.56822	0.56824			6
2026.04.06	01:35:37.254		0.56826			4
2026.04.06	01:35:37.554	0.56823				2
2026.04.06	01:35:41.156	0.56824	0.56827			6
2026.04.06	01:35:43.559		0.56826			4
2026.04.06	01:35:43.859	0.56825				2
2026.04.06	01:35:44.163		0.56827			4
2026.04.06	01:35:44.461	0.56828	0.56830			6
2026.04.06	01:35:45.061	0.56827	0.56829			6
2026.04.06	01:35:48.070	0.56825	0.56828			6
2026.04.06	01:35:48.672		0.56827			4
2026.04.06	01:35:49.273	0.56828	0.56830			6
2026.04.06	01:35:49.871	0.56827	0.56829			6
2026.04.06	01:35:50.172		0.56830			4
2026.04.06	01:35:50.474	0.56829	0.56831			6
2026.04.06	01:35:51.372		0.56830			4
2026.04.06	01:35:51.976		0.56831			4
2026.04.06	01:35:52.277	0.56832	0.56834			6
2026.04.06	01:35:53.180		0.56835			4
2026.04.06	01:35:54.380		0.56834			4
2026.04.06	01:35:56.187	0.56825	0.56826			6
2026.04.06	01:35:56.484	0.56822	0.56824			6
2026.04.06	01:35:56.780	0.56826	0.56829			6
2026.04.06	01:35:57.384	0.56828				2
2026.04.06	01:35:57.981	0.56827				2
2026.04.06	01:35:58.887		0.56830			4
2026.04.06	01:35:59.487		0.56829			4
2026.04.06	01:36:00.088	0.56827				2
2026.04.06	01:36:00.392	0.56824	0.56826			6
2026.04.06	01:36:00.691	0.56823	0.56827			6
2026.04.06	01:36:00.996	0.56825	0.56828			6
2026.04.06	01:36:01.588	0.56824				2
2026.04.06	01:36:03.089	0.56823	0.56825			6
2026.04.06	01:36:04.289		0.56824			4
2026.04.06	01:36:05.494	0.56822	0.56825			6
2026.04.06	01:36:07.900	0.56826	0.56830			6
2026.04.06	01:36:10.005	0.56825	0.56828			6
2026.04.06	01:36:10.303	0.56826	0.56829			6
2026.04.06	01:36:10.606	0.56825	0.56828			6
2026.04.06	01:36:12.706	0.56821	0.56823			6
2026.04.06	01:36:14.216	0.56822	0.56825			6
2026.04.06	01:36:18.425	0.56823	0.56826			6
2026.04.06	01:36:19.628	0.56824				2
2026.04.06	01:36:20.827		0.56827			4
2026.04.06	01:36:22.629	0.56821	0.56824			6
2026.04.06	01:36:23.526	0.56822				2
2026.04.06	01:36:27.428		0.56825			4
2026.04.06	01:36:28.333		0.56826			4
2026.04.06	01:36:28.633	0.56823				2
2026.04.06	01:36:32.845	0.56827	0.56831			6
2026.04.06	01:36:38.249	0.56832	0.56835			6
2026.04.06	01:36:38.848	0.56829	0.56831			6
2026.04.06	01:36:42.756	0.56827	0.56830			6
2026.04.06	01:36:45.159		0.56829			4
2026.04.06	01:36:48.760		0.56830			4
2026.04.06	01:36:49.360		0.56829			4
2026.04.06	01:36:57.172		0.56830			4
2026.04.06	01:37:00.183	0.56823	0.56826			6
2026.04.06	01:37:00.479	0.56821	0.56824			6
2026.04.06	01:37:01.081	0.56822	0.56825			6
2026.04.06	01:37:02.280		0.56824			4
2026.04.06	01:37:03.481		0.56825			4
2026.04.06	01:37:04.681	0.56820	0.56824			6
2026.04.06	01:37:04.984	0.56821				2
2026.04.06	01:37:05.885		0.56823			4
2026.04.06	01:37:07.687	0.56822				2
2026.04.06	01:37:08.890	0.56823	0.56825			6
2026.04.06	01:37:14.607	0.56824				2
2026.04.06	01:37:14.905	0.56826	0.56828			6
2026.04.06	01:37:15.206	0.56822	0.56825			6
2026.04.06	01:37:15.506		0.56824			4
2026.04.06	01:37:15.809		0.56825			4
2026.04.06	01:37:18.216		0.56824			4
2026.04.06	01:37:20.315		0.56823			4
2026.04.06	01:37:21.518		0.56824			4
2026.04.06	01:37:22.720		0.56825			4
2026.04.06	01:37:29.024		0.56826			4
2026.04.06	01:37:30.223	0.56823				2
2026.04.06	01:37:32.027	0.56825	0.56827			6
2026.04.06	01:37:32.324		0.56826			4
2026.04.06	01:37:33.227		0.56827			4
2026.04.06	01:37:33.527		0.56826			4
2026.04.06	01:37:34.135	0.56823				2
2026.04.06	01:37:34.428	0.56822	0.56825			6
2026.04.06	01:37:37.734		0.56824			4
2026.04.06	01:37:38.633	0.56819	0.56822			6
2026.04.06	01:37:38.929	0.56818	0.56820			6
2026.04.06	01:37:44.940		0.56821			4
2026.04.06	01:37:45.842		0.56820			4
2026.04.06	01:37:48.544		0.56819			4
2026.04.06	01:37:50.044		0.56820			4
2026.04.06	01:37:54.250	0.56819				2
2026.04.06	01:37:56.049	0.56818				2
2026.04.06	01:38:00.256	0.56818				2
2026.04.06	01:38:00.558	0.56822	0.56824			6
2026.04.06	01:38:04.761	0.56823	0.56826			6
2026.04.06	01:38:05.960		0.56825			4
2026.04.06	01:38:09.267	0.56826	0.56829			6
2026.04.06	01:38:09.565	0.56825	0.56828			6
2026.04.06	01:38:09.867	0.56826	0.56829			6
2026.04.06	01:38:13.469	0.56825	0.56828			6
2026.04.06	01:38:16.171	0.56823	0.56826			6
2026.04.06	01:38:16.473	0.56821	0.56824			6
2026.04.06	01:38:17.072	0.56822				2
2026.04.06	01:38:17.372	0.56821				2
2026.04.06	01:38:18.274	0.56822	0.56825			6
2026.04.06	01:38:18.870	0.56821	0.56824			6
2026.04.06	01:38:19.776	0.56823	0.56826			6
2026.04.06	01:38:20.072		0.56825			4
2026.04.06	01:38:21.276	0.56824				2
2026.04.06	01:38:21.576		0.56827			4
2026.04.06	01:38:22.178		0.56826			4
2026.04.06	01:38:23.380		0.56827			4
2026.04.06	01:38:24.880	0.56825	0.56828			6
2026.04.06	01:38:26.988	0.56829	0.56830			6
2026.04.06	01:38:27.284	0.56828	0.56831			6
2026.04.06	01:38:28.184	0.56829	0.56832			6
2026.04.06	01:38:28.482	0.56828	0.56831			6
2026.04.06	01:38:29.683	0.56826	0.56829			6
2026.04.06	01:38:30.286	0.56828	0.56831			6
2026.04.06	01:38:31.783	0.56826	0.56829			6
2026.04.06	01:38:32.088	0.56828	0.56831			6
2026.04.06	01:38:33.290	0.56829				2
2026.04.06	01:38:34.191	0.56828				2
2026.04.06	01:38:35.390		0.56830			4
2026.04.06	01:38:35.691		0.56831			4
2026.04.06	01:38:36.589		0.56830			4
2026.04.06	01:38:37.192	0.56826	0.56829			6
2026.04.06	01:38:37.496	0.56823	0.56826			6
2026.04.06	01:38:37.795	0.56824	0.56827			6
2026.04.06	01:38:38.692	0.56823	0.56826			6
2026.04.06	01:38:38.992	0.56824	0.56827			6
2026.04.06	01:38:39.292	0.56825	0.56828			6
2026.04.06	01:38:43.799	0.56828	0.56831			6
2026.04.06	01:38:44.999	0.56829	0.56832			6
2026.04.06	01:38:47.405	0.56828	0.56831			6
2026.04.06	01:38:47.699	0.56827	0.56830			6
2026.04.06	01:38:55.511	0.56826	0.56829			6
2026.04.06	01:38:56.410		0.56828			4
2026.04.06	01:38:59.112	0.56825	0.56827			6
2026.04.06	01:39:00.016	0.56825				2
2026.04.06	01:39:00.314		0.56826			4
2026.04.06	01:39:03.620		0.56827			4
2026.04.06	01:39:08.725		0.56828			4
2026.04.06	01:39:12.330		0.56827			4
2026.04.06	01:39:19.238	0.56827	0.56829			6
2026.04.06	01:39:19.536	0.56826	0.56828			6
2026.04.06	01:39:21.343	0.56825	0.56827			6
2026.04.06	01:39:24.646	0.56826	0.56828			6
2026.04.06	01:39:26.448	0.56828	0.56829			6
2026.04.06	01:39:26.746	0.56827				2
2026.04.06	01:39:27.646	0.56826	0.56828			6
2026.04.06	01:39:27.944	0.56827	0.56829			6
2026.04.06	01:39:28.248	0.56826	0.56828			6
2026.04.06	01:39:28.553	0.56829	0.56831			6
2026.04.06	01:39:28.847	0.56828	0.56829			6
2026.04.06	01:39:29.444		0.56830			4
2026.04.06	01:39:30.047		0.56829			4
2026.04.06	01:39:33.352	0.56826	0.56828			6
2026.04.06	01:39:37.256	0.56823	0.56825			6
2026.04.06	01:39:38.759	0.56824	0.56826			6
2026.04.06	01:39:39.058	0.56825	0.56827			6
2026.04.06	01:39:44.468	0.56826				2
2026.04.06	01:39:44.764	0.56825				2
2026.04.06	01:39:45.970	0.56826	0.56828			6
2026.04.06	01:39:52.577		0.56827			4
2026.04.06	01:39:53.181	0.56824	0.56826			6
2026.04.06	01:39:54.078	0.56826	0.56827			6
2026.04.06	01:39:54.379	0.56825				2
2026.04.06	01:39:54.680	0.56826	0.56828			6
2026.04.06	01:39:55.879	0.56825	0.56827			6
2026.04.06	01:39:58.281	0.56826				2
2026.04.06	01:39:58.880		0.56828			4
2026.04.06	01:39:59.482	0.56825	0.56827			6
2026.04.06	01:39:59.782	0.56824	0.56826			6
2026.04.06	01:40:00.086	0.56824				2
2026.04.06	01:40:03.989	0.56825	0.56827			6
2026.04.06	01:40:08.194	0.56827	0.56828			6
2026.04.06	01:40:08.492	0.56828	0.56830			6
2026.04.06	01:40:09.693	0.56827	0.56829			6
2026.04.06	01:40:09.994		0.56828			4
2026.04.06	01:40:11.199	0.56828	0.56830			6
2026.04.06	01:40:11.497		0.56829			4
2026.04.06	01:40:11.797		0.56830			4
2026.04.06	01:40:12.996	0.56827	0.56829			6
2026.04.06	01:40:13.296	0.56828				2
2026.04.06	01:40:15.399	0.56827				2
2026.04.06	01:40:15.700	0.56826	0.56827			6
2026.04.06	01:40:18.102		0.56828			4
2026.04.06	01:40:20.203	0.56827				2
2026.04.06	01:40:25.011	0.56826				2
2026.04.06	01:40:28.016	0.56827				2
2026.04.06	01:40:28.616	0.56826				2
2026.04.06	01:40:32.819	0.56827				2
2026.04.06	01:40:36.423	0.56826				2
2026.04.06	01:40:37.624	0.56825	0.56827			6
2026.04.06	01:40:41.229	0.56826				2
2026.04.06	01:40:41.826	0.56825				2
2026.04.06	01:40:43.027		0.56826			4
2026.04.06	01:40:43.634		0.56827			4
2026.04.06	01:40:44.830		0.56826			4
2026.04.06	01:40:53.839	0.56823	0.56825			6
2026.04.06	01:40:54.136	0.56822	0.56824			6
2026.04.06	01:40:54.436	0.56823	0.56825			6
2026.04.06	01:41:00.152	0.56823	0.56824			6
2026.04.06	01:41:00.744		0.56825			4
2026.04.06	01:41:01.345	0.56825	0.56826			6
2026.04.06	01:41:01.642	0.56824				2
2026.04.06	01:41:02.244	0.56825	0.56827			6
2026.04.06	01:41:04.349	0.56828	0.56829			6
2026.04.06	01:41:04.646	0.56833	0.56835			6
2026.04.06	01:41:04.946	0.56835	0.56837			6
2026.04.06	01:41:05.551	0.56836				2
2026.04.06	01:41:06.149	0.56834				2
2026.04.06	01:41:07.048		0.56836			4
2026.04.06	01:41:10.054	0.56833	0.56835			6
2026.04.06	01:41:10.353	0.56832				2
2026.04.06	01:41:11.255		0.56834			4
2026.04.06	01:41:18.163		0.56833			4
2026.04.06	01:41:21.467		0.56834			4
2026.04.06	01:41:25.381		0.56833			4
2026.04.06	01:41:28.986	0.56830	0.56832			6
2026.04.06	01:41:29.281	0.56828	0.56830			6
2026.04.06	01:41:31.081	0.56827	0.56829			6
2026.04.06	01:41:31.682	0.56828	0.56830			6
2026.04.06	01:41:32.884	0.56827	0.56829			6
2026.04.06	01:41:33.483	0.56828	0.56830			6
2026.04.06	01:41:35.588	0.56827	0.56829			6
2026.04.06	01:41:36.189	0.56828	0.56830			6
2026.04.06	01:41:39.197	0.56827	0.56829			6
2026.04.06	01:41:44.304	0.56833	0.56835			6
2026.04.06	01:41:44.603	0.56834	0.56836			6
2026.04.06	01:41:45.206	0.56833				2
2026.04.06	01:41:47.306		0.56835			4
2026.04.06	01:41:49.710		0.56836			4
2026.04.06	01:42:00.224	0.56833	0.56835			6
2026.04.06	01:42:23.951	0.56834				2
2026.04.06	01:42:24.250	0.56832	0.56834			6
2026.04.06	01:42:36.261	0.56827	0.56828			6
2026.04.06	01:42:36.561	0.56826				2
2026.04.06	01:42:38.061	0.56827	0.56829			6
2026.04.06	01:42:39.266	0.56830	0.56831			6
2026.04.06	01:42:39.560		0.56832			4
2026.04.06	01:42:40.764	0.56831	0.56833			6
2026.04.06	01:42:41.062	0.56830	0.56832			6
2026.04.06	01:42:43.164	0.56829	0.56831			6
2026.04.06	01:42:47.969	0.56828	0.56830			6
2026.04.06	01:42:48.267	0.56827	0.56829			6
2026.04.06	01:42:48.572	0.56828	0.56830			6
2026.04.06	01:43:00.288	0.56828				2
2026.04.06	01:43:03.595		0.56829			4
2026.04.06	01:43:04.193	0.56826	0.56828			6
2026.04.06	01:43:06.304	0.56825	0.56826			6
2026.04.06	01:43:09.308	0.56824	0.56825			6
2026.04.06	01:43:12.014	0.56823				2
2026.04.06	01:43:14.719	0.56824				2
2026.04.06	01:43:15.321	0.56823				2
2026.04.06	01:43:33.341	0.56824				2
2026.04.06	01:43:39.646	0.56823				2
2026.04.06	01:43:45.051	0.56826	0.56828			6
2026.04.06	01:43:47.151		0.56827			4
2026.04.06	01:43:51.356	0.56824	0.56825			6
2026.04.06	01:43:56.163	0.56823				2
2026.04.06	01:44:00.071	0.56823				2
2026.04.06	01:44:00.970	0.56824	0.56826			6
2026.04.06	01:44:01.270		0.56825			4
2026.04.06	01:44:03.370		0.56826			4
2026.04.06	01:44:05.474	0.56825	0.56827			6
2026.04.06	01:44:09.981	0.56826	0.56828			6
2026.04.06	01:44:14.784	0.56825	0.56827			6
2026.04.06	01:44:15.085	0.56826				2
2026.04.06	01:44:15.387	0.56827	0.56828			6
2026.04.06	01:44:16.285	0.56826	0.56827			6
2026.04.06	01:44:18.991		0.56828			4
2026.04.06	01:44:19.591	0.56825	0.56827			6
2026.04.06	01:44:31.312		0.56826			4
2026.04.06	01:44:35.221	0.56826	0.56827			6
2026.04.06	01:44:35.521	0.56825				2
2026.04.06	01:44:42.126	0.56826	0.56828			6
2026.04.06	01:44:54.745	0.56825	0.56827			6
2026.04.06	01:44:55.342		0.56826			4
2026.04.06	01:44:58.643	0.56826	0.56827			6
2026.04.06	01:45:00.147	0.56826				2
2026.04.06	01:45:00.444	0.56825	0.56826			6
2026.04.06	01:45:03.148	0.56826	0.56828			6
2026.04.06	01:45:03.749		0.56827			4
2026.04.06	01:45:06.452	0.56828	0.56829			6
2026.04.06	01:45:06.753	0.56829	0.56831			6
2026.04.06	01:45:07.054	0.56830				2
2026.04.06	01:45:07.354	0.56829				2
2026.04.06	01:45:08.555	0.56826	0.56828			6
2026.04.06	01:45:11.563	0.56827				2
2026.04.06	01:45:11.859	0.56828	0.56830			6
2026.04.06	01:45:18.490	0.56829				2
2026.04.06	01:45:23.600	0.56830	0.56831			6
2026.04.06	01:45:23.900		0.56832			4
2026.04.06	01:45:24.200		0.56831			4
2026.04.06	01:45:26.367	0.56829				2
2026.04.06	01:45:27.572	0.56830				2
2026.04.06	01:45:29.371		0.56832			4
2026.04.06	01:45:36.877	0.56829	0.56831			6
2026.04.06	01:45:38.679	0.56830				2
2026.04.06	01:45:48.893	0.56829				2
2026.04.06	01:46:00.170	0.56829				2
2026.04.06	01:46:00.469	0.56830	0.56832			6
2026.04.06	01:46:00.769	0.56839	0.56840			6
2026.04.06	01:46:01.069	0.56841	0.56843			6
2026.04.06	01:46:01.369	0.56843	0.56847			6
2026.04.06	01:46:01.670		0.56846			4
2026.04.06	01:46:02.271		0.56845			4
2026.04.06	01:46:04.008	0.56846	0.56849			6
2026.04.06	01:46:04.608	0.56847	0.56850			6
2026.04.06	01:46:05.208	0.56850	0.56852			6
2026.04.06	01:46:05.509	0.56849				2
2026.04.06	01:46:05.810	0.56847	0.56851			6
2026.04.06	01:46:06.109		0.56850			4
2026.04.06	01:46:07.300		0.56849			4
2026.04.06	01:46:07.968	0.56851	0.56853			6
2026.04.06	01:46:10.568		0.56854			4
2026.04.06	01:46:15.676		0.56855			4
2026.04.06	01:46:19.447	0.56854	0.56858			6
2026.04.06	01:46:20.047	0.56853	0.56857			6
2026.04.06	01:46:20.346	0.56852	0.56856			6
2026.04.06	01:46:21.246		0.56855			4
2026.04.06	01:46:21.848		0.56854			4
2026.04.06	01:46:25.151	0.56851				2
2026.04.06	01:46:34.383	0.56852	0.56856			6
2026.04.06	01:46:35.468	0.56851	0.56855			6
2026.04.06	01:46:36.571	0.56852	0.56856			6
2026.04.06	01:46:39.952	0.56853	0.56857			6
2026.04.06	01:46:40.252	0.56854	0.56858			6
2026.04.06	01:46:40.854		0.56857			4
2026.04.06	01:46:42.054	0.56855	0.56859			6
2026.04.06	01:46:42.355	0.56858	0.56861			6
2026.04.06	01:46:42.654	0.56857				2
2026.04.06	01:46:42.954	0.56856	0.56860			6
2026.04.06	01:46:43.341		0.56859			4
2026.04.06	01:46:44.340		0.56858			4
2026.04.06	01:46:44.641		0.56859			4
2026.04.06	01:46:45.843		0.56860			4
2026.04.06	01:46:46.918		0.56859			4
2026.04.06	01:46:47.740		0.56858			4
2026.04.06	01:46:49.659	0.56855				2
2026.04.06	01:46:53.994		0.56859			4
2026.04.06	01:46:56.191	0.56856	0.56860			6
2026.04.06	01:46:58.349	0.56857	0.56861			6
2026.04.06	01:47:00.154	0.56857				2
2026.04.06	01:47:01.655	0.56856	0.56860			6
2026.04.06	01:47:01.957	0.56854	0.56858			6
2026.04.06	01:47:02.261	0.56851	0.56855			6
2026.04.06	01:47:02.557	0.56850	0.56853			6
2026.04.06	01:47:02.857		0.56854			4
2026.04.06	01:47:04.960	0.56851	0.56855			6
2026.04.06	01:47:05.561	0.56850	0.56854			6
2026.04.06	01:47:08.101	0.56852	0.56856			6
2026.04.06	01:47:11.253	0.56853				2
2026.04.06	01:47:11.551	0.56855	0.56859			6
2026.04.06	01:47:12.152		0.56858			4
2026.04.06	01:47:14.906	0.56857	0.56859			6
2026.04.06	01:47:15.207		0.56860			4
2026.04.06	01:47:15.508	0.56856				2
2026.04.06	01:47:15.808	0.56857				2
2026.04.06	01:47:18.996		0.56861			4
2026.04.06	01:47:20.881	0.56858				2
2026.04.06	01:47:21.183	0.56857				2
2026.04.06	01:47:21.483	0.56858				2
2026.04.06	01:47:21.784	0.56857				2
2026.04.06	01:47:22.084	0.56859	0.56862			6
2026.04.06	01:47:26.310	0.56860				2
2026.04.06	01:47:27.312		0.56861			4
2026.04.06	01:47:27.912		0.56862			4
2026.04.06	01:47:28.211		0.56861			4
2026.04.06	01:47:28.511	0.56858				2
2026.04.06	01:47:29.726		0.56860			4
2026.04.06	01:47:34.088	0.56859				2
2026.04.06	01:47:35.590	0.56858				2
2026.04.06	01:47:36.801	0.56859				2
2026.04.06	01:47:37.705	0.56860	0.56862			6
2026.04.06	01:47:38.003	0.56862	0.56864			6
2026.04.06	01:47:38.478		0.56865			4
2026.04.06	01:47:38.778	0.56860	0.56863			6
2026.04.06	01:47:39.081		0.56862			4
2026.04.06	01:47:39.378	0.56861	0.56863			6
2026.04.06	01:47:39.680	0.56858	0.56861			6
2026.04.06	01:47:40.281		0.56860			4
2026.04.06	01:47:40.579	0.56854	0.56857			6
2026.04.06	01:47:42.281		0.56856			4
2026.04.06	01:47:43.609		0.56855			4
2026.04.06	01:47:45.541	0.56855	0.56858			6
2026.04.06	01:47:54.390	0.56854	0.56857			6
2026.04.06	01:47:56.365	0.56852	0.56856			6
2026.04.06	01:47:57.216		0.56855			4
2026.04.06	01:47:57.881	0.56853				2
2026.04.06	01:47:58.783	0.56852				2
2026.04.06	01:48:00.268	0.56852				2
2026.04.06	01:48:01.277	0.56850	0.56854			6
2026.04.06	01:48:01.578	0.56851	0.56855			6
2026.04.06	01:48:02.136	0.56852				2
2026.04.06	01:48:02.439	0.56853				2
2026.04.06	01:48:03.416		0.56856			4
2026.04.06	01:48:14.263	0.56855	0.56858			6
2026.04.06	01:48:16.178		0.56859			4
2026.04.06	01:48:16.479	0.56856	0.56860			6
2026.04.06	01:48:16.779		0.56859			4
2026.04.06	01:48:17.080	0.56858	0.56860			6
2026.04.06	01:48:17.379	0.56861	0.56865			6
2026.04.06	01:48:17.682	0.56862				2
2026.04.06	01:48:17.980	0.56861				2
2026.04.06	01:48:18.580		0.56864			4
2026.04.06	01:48:20.130		0.56863			4
2026.04.06	01:48:29.350	0.56860				2
2026.04.06	01:48:34.289	0.56863	0.56866			6
2026.04.06	01:48:34.590	0.56862	0.56865			6
2026.04.06	01:48:35.189		0.56866			4
2026.04.06	01:48:35.490	0.56863				2
2026.04.06	01:48:39.930		0.56865			4
2026.04.06	01:48:41.130	0.56862	0.56864			6
2026.04.06	01:48:43.233	0.56865	0.56866			6
2026.04.06	01:48:43.533		0.56868			4
2026.04.06	01:48:47.401	0.56863	0.56866			6
2026.04.06	01:48:48.726		0.56865			4
2026.04.06	01:48:50.923		0.56866			4
2026.04.06	01:48:53.834		0.56867			4
2026.04.06	01:48:54.136		0.56866			4
2026.04.06	01:49:00.140	0.56864	0.56867			6
2026.04.06	01:49:00.440	0.56865	0.56868			6
2026.04.06	01:49:02.865	0.56866	0.56869			6
2026.04.06	01:49:04.563		0.56868			4
2026.04.06	01:49:07.539	0.56864	0.56867			6
2026.04.06	01:49:08.354	0.56865	0.56868			6
2026.04.06	01:49:11.055	0.56866	0.56869			6
2026.04.06	01:49:12.257	0.56865	0.56868			6
2026.04.06	01:49:14.358	0.56866				2
2026.04.06	01:49:30.282	0.56865	0.56867			6
2026.04.06	01:49:30.583	0.56866	0.56868			6
2026.04.06	01:49:33.288	0.56867				2
2026.04.06	01:49:33.588	0.56868	0.56869			6
2026.04.06	01:49:35.391	0.56867				2
2026.04.06	01:49:35.993		0.56868			4
2026.04.06	01:49:39.598		0.56869			4
2026.04.06	01:49:39.898		0.56868			4
2026.04.06	01:49:41.702	0.56869	0.56871			6
2026.04.06	01:49:42.302		0.56870			4
2026.04.06	01:49:49.813	0.56868				2
2026.04.06	01:49:50.413	0.56869				2
2026.04.06	01:49:50.711	0.56868				2
2026.04.06	01:49:51.013	0.56866	0.56868			6
2026.04.06	01:49:52.812	0.56865	0.56867			6
2026.04.06	01:49:53.113	0.56866				2
2026.04.06	01:49:53.412		0.56868			4
2026.04.06	01:49:54.015	0.56867				2
2026.04.06	01:50:00.027	0.56867				2
2026.04.06	01:50:00.327		0.56869			4
2026.04.06	01:50:00.626	0.56868	0.56870			6
2026.04.06	01:50:01.527	0.56867	0.56869			6
2026.04.06	01:50:03.334	0.56868	0.56870			6
2026.04.06	01:50:03.633	0.56869				2
2026.04.06	01:50:04.533	0.56871	0.56873			6
2026.04.06	01:50:06.038		0.56872			4
2026.04.06	01:50:06.335	0.56869	0.56871			6
2026.04.06	01:50:06.639	0.56870	0.56872			6
2026.04.06	01:50:07.836	0.56871	0.56873			6
2026.04.06	01:50:08.437	0.56872	0.56874			6
2026.04.06	01:50:08.739	0.56873				2
2026.04.06	01:50:09.040	0.56872	0.56873			6
2026.04.06	01:50:10.538	0.56871				2
2026.04.06	01:50:14.443	0.56872				2
2026.04.06	01:50:16.843		0.56874			4
2026.04.06	01:50:17.745	0.56871	0.56873			6
2026.04.06	01:50:18.648	0.56872	0.56874			6
2026.04.06	01:50:23.453		0.56873			4
2026.04.06	01:50:23.749	0.56871				2
2026.04.06	01:50:24.353	0.56872				2
2026.04.06	01:50:24.949	0.56871				2
2026.04.06	01:50:27.055	0.56873	0.56874			6
2026.04.06	01:50:27.353	0.56872				2
2026.04.06	01:50:27.655	0.56871	0.56873			6
2026.04.06	01:50:31.557	0.56872	0.56874			6
2026.04.06	01:50:34.862	0.56875	0.56876			6
2026.04.06	01:50:35.163	0.56876	0.56877			6
2026.04.06	01:50:36.365		0.56878			4
2026.04.06	01:50:38.170		0.56877			4
2026.04.06	01:50:38.467	0.56871	0.56873			6
2026.04.06	01:50:42.370	0.56872	0.56874			6
2026.04.06	01:50:43.269	0.56871	0.56873			6
2026.04.06	01:50:53.179		0.56872			4
2026.04.06	01:50:53.479	0.56873	0.56874			6
2026.04.06	01:50:53.780	0.56872				2
2026.04.06	01:50:58.889		0.56873			4
2026.04.06	01:50:59.189	0.56871				2
2026.04.06	01:50:59.791	0.56873	0.56874			6
2026.04.06	01:51:00.093	0.56873				2
2026.04.06	01:51:01.589		0.56875			4
2026.04.06	01:51:10.902	0.56877	0.56878			6
2026.04.06	01:51:14.206	0.56876				2
2026.04.06	01:51:24.122	0.56877				2
2026.04.06	01:51:25.925	0.56876				2
2026.04.06	01:51:28.031	0.56878	0.56879			6
2026.04.06	01:51:28.933	0.56877				2
2026.04.06	01:51:29.234	0.56878				2
2026.04.06	01:51:30.136	0.56877				2
2026.04.06	01:51:32.541	0.56878				2
2026.04.06	01:51:32.840	0.56877	0.56878			6
2026.04.06	01:51:33.141	0.56878	0.56879			6
2026.04.06	01:51:34.040	0.56877	0.56878			6
2026.04.06	01:51:34.340	0.56876				2
2026.04.06	01:51:36.142	0.56877				2
2026.04.06	01:51:40.647		0.56879			4
2026.04.06	01:51:45.155		0.56878			4
2026.04.06	01:51:46.056	0.56876				2
2026.04.06	01:51:53.868	0.56873	0.56875			6
2026.04.06	01:51:54.167	0.56874				2
2026.04.06	01:52:00.179	0.56874				2
2026.04.06	01:52:02.285	0.56872	0.56874			6
2026.04.06	01:52:02.583	0.56873				2
2026.04.06	01:52:03.185	0.56872				2
2026.04.06	01:52:06.492	0.56873	0.56875			6
2026.04.06	01:52:07.093	0.56874	0.56876			6
2026.04.06	01:52:07.395	0.56875				2
2026.04.06	01:52:07.994	0.56874				2
2026.04.06	01:52:08.594	0.56875				2
2026.04.06	01:52:11.603	0.56874				2
2026.04.06	01:52:12.204	0.56873	0.56875			6
2026.04.06	01:52:16.410	0.56874				2
2026.04.06	01:52:31.141	0.56873				2
2026.04.06	01:52:32.642	0.56874				2
2026.04.06	01:52:32.943	0.56873				2
2026.04.06	01:52:35.047	0.56874				2
2026.04.06	01:52:41.059	0.56873	0.56874			6
2026.04.06	01:52:41.360	0.56874	0.56875			6
2026.04.06	01:52:47.075	0.56873	0.56874			6
2026.04.06	01:52:49.779	0.56874	0.56875			6
2026.04.06	01:52:50.379	0.56873	0.56874			6
2026.04.06	01:52:50.682	0.56874	0.56875			6
2026.04.06	01:52:53.081	0.56876	0.56877			6
2026.04.06	01:52:54.887	0.56875	0.56876			6
2026.04.06	01:52:55.491		0.56877			4
2026.04.06	01:52:57.893	0.56876				2
2026.04.06	01:53:00.298	0.56876				2
2026.04.06	01:53:00.593		0.56878			4
2026.04.06	01:53:01.195	0.56873	0.56875			6
2026.04.06	01:53:02.997	0.56874				2
2026.04.06	01:53:13.511	0.56873	0.56874			6
2026.04.06	01:53:13.809	0.56872				2
2026.04.06	01:53:15.913	0.56873	0.56875			6
2026.04.06	01:53:17.117		0.56874			4
2026.04.06	01:53:18.619	0.56872	0.56873			6
2026.04.06	01:53:20.119		0.56874			4
2026.04.06	01:53:21.920	0.56873	0.56875			6
2026.04.06	01:53:28.233	0.56874				2
2026.04.06	01:53:33.641	0.56872	0.56874			6
2026.04.06	01:53:34.243	0.56871	0.56873			6
2026.04.06	01:53:34.542	0.56872	0.56874			6
2026.04.06	01:53:35.742		0.56873			4
2026.04.06	01:53:36.642	0.56871				2
2026.04.06	01:53:36.943	0.56872				2
2026.04.06	01:53:37.241	0.56875	0.56876			6
2026.04.06	01:53:37.843	0.56874				2
2026.04.06	01:53:40.844	0.56875				2
2026.04.06	01:53:41.143		0.56877			4
2026.04.06	01:53:41.745	0.56876	0.56878			6
2026.04.06	01:53:47.155	0.56875	0.56877			6
2026.04.06	01:53:49.256	0.56876				2
2026.04.06	01:53:53.771	0.56875				2
2026.04.06	01:53:54.075	0.56876				2
2026.04.06	01:53:56.175		0.56878			4
2026.04.06	01:53:59.179	0.56877				2
2026.04.06	01:54:00.081	0.56877				2
2026.04.06	01:54:00.980	0.56875	0.56877			6
2026.04.06	01:54:01.280	0.56874	0.56875			6
2026.04.06	01:54:01.588	0.56873				2
2026.04.06	01:54:02.181	0.56872	0.56874			6
2026.04.06	01:54:03.386	0.56876	0.56877			6
2026.04.06	01:54:03.985	0.56874	0.56876			6
2026.04.06	01:54:05.184	0.56873	0.56875			6
2026.04.06	01:54:11.193	0.56874				2
2026.04.06	01:54:11.495		0.56876			4
2026.04.06	01:54:12.997	0.56876	0.56878			6
2026.04.06	01:54:14.497	0.56877	0.56879			6
2026.04.06	01:54:14.799	0.56876	0.56878			6
2026.04.06	01:54:15.104	0.56877	0.56879			6
2026.04.06	01:54:15.399	0.56878	0.56880			6
2026.04.06	01:54:15.698	0.56877	0.56879			6
2026.04.06	01:54:16.301	0.56876				2
2026.04.06	01:54:17.202		0.56878			4
2026.04.06	01:54:17.503	0.56875	0.56877			6
2026.04.06	01:54:17.804	0.56876	0.56878			6
2026.04.06	01:54:20.209		0.56879			4
2026.04.06	01:54:22.614		0.56878			4
2026.04.06	01:54:23.213		0.56879			4
2026.04.06	01:54:23.815		0.56878			4
2026.04.06	01:54:26.217	0.56877				2
2026.04.06	01:54:41.833	0.56873	0.56875			6
2026.04.06	01:54:42.134	0.56874	0.56876			6
2026.04.06	01:54:43.334		0.56875			4
2026.04.06	01:54:43.636		0.56876			4
2026.04.06	01:54:48.139		0.56875			4
2026.04.06	01:54:48.742	0.56873				2
2026.04.06	01:54:49.341	0.56874				2
2026.04.06	01:54:50.846		0.56876			4
2026.04.06	01:54:51.145	0.56875	0.56877			6
2026.04.06	01:54:52.347	0.56877	0.56879			6
2026.04.06	01:54:53.847		0.56878			4
2026.04.06	01:54:55.648		0.56879			4
2026.04.06	01:55:00.166	0.56877				2
2026.04.06	01:55:00.457	0.56878	0.56880			6
2026.04.06	01:55:01.361	0.56879	0.56881			6
2026.04.06	01:55:01.960	0.56880	0.56882			6
2026.04.06	01:55:02.560	0.56881	0.56883			6
2026.04.06	01:55:02.861	0.56879	0.56880			6
2026.04.06	01:55:03.160	0.56878				2
2026.04.06	01:55:04.367	0.56879	0.56881			6
2026.04.06	01:55:04.661	0.56880	0.56882			6
2026.04.06	01:55:04.963	0.56878	0.56880			6
2026.04.06	01:55:09.165	0.56877	0.56879			6
