<DATE>	<TIME>	<BID>	<ASK>	<LAST>	<VOLUME>	<FLAGS>
2026.02.10	00:03:30.872	0.60388	0.60473			6
2026.02.10	00:03:34.107	0.60394	0.60469			6
2026.02.10	00:03:45.904		0.60464			4
2026.02.10	00:03:47.854	0.60392	0.60469			6
2026.02.10	00:04:00.043	0.60392				2
2026.02.10	00:04:07.418	0.60383	0.60476			6
2026.02.10	00:04:31.154	0.60483	0.60484			6
2026.02.10	00:04:31.456	0.60505	0.60532			6
2026.02.10	00:04:45.778	0.60507	0.60534			6
2026.02.10	00:05:00.081	0.60507				2
2026.02.10	00:05:00.716	0.60502	0.60532			6
2026.02.10	00:05:01.020	0.60505	0.60535			6
2026.02.10	00:05:16.948	0.60535	0.60571			6
2026.02.10	00:05:17.251	0.60527	0.60566			6
2026.02.10	00:05:17.555	0.60528	0.60559			6
2026.02.10	00:05:18.189	0.60529	0.60556			6
2026.02.10	00:05:30.319	0.60526	0.60553			6
2026.02.10	00:05:54.100	0.60517	0.60544			6
2026.02.10	00:05:54.410	0.60518	0.60545			6
2026.02.10	00:05:57.559	0.60517	0.60544			6
2026.02.10	00:06:00.036	0.60517				2
2026.02.10	00:06:18.748	0.60515	0.60542			6
2026.02.10	00:07:00.155	0.60515				2
2026.02.10	00:07:11.092	0.60513	0.60540			6
2026.02.10	00:08:00.215	0.60513				2
2026.02.10	00:08:11.159		0.60540			4
2026.02.10	00:08:11.462	0.60514	0.60541			6
2026.02.10	00:08:54.261	0.60511	0.60538			6
2026.02.10	00:09:00.083	0.60511				2
2026.02.10	00:09:03.344	0.60519	0.60546			6
2026.02.10	00:09:03.645	0.60520	0.60547			6
2026.02.10	00:09:13.933	0.60517	0.60544			6
2026.02.10	00:09:14.237	0.60523	0.60550			6
2026.02.10	00:09:42.867	0.60521	0.60548			6
2026.02.10	00:09:44.150	0.60515	0.60542			6
2026.02.10	00:09:44.465	0.60514	0.60541			6
2026.02.10	00:09:48.014	0.60491	0.60492			6
2026.02.10	00:09:49.967	0.60460	0.60461			6
2026.02.10	00:09:57.393	0.60465	0.60466			6
2026.02.10	00:09:58.996	0.60460	0.60461			6
2026.02.10	00:10:00.303	0.60460				2
2026.02.10	00:10:11.645	0.60459	0.60460			6
2026.02.10	00:10:19.618	0.60460	0.60461			6
2026.02.10	00:10:29.444	0.60459	0.60460			6
2026.02.10	00:10:39.478	0.60460	0.60461			6
2026.02.10	00:10:40.531	0.60459	0.60460			6
2026.02.10	00:10:42.186	0.60465	0.60466			6
2026.02.10	00:10:43.190	0.60468	0.60469			6
2026.02.10	00:10:43.496	0.60459	0.60460			6
2026.02.10	00:10:43.838	0.60462	0.60463			6
2026.02.10	00:10:45.446	0.60463	0.60464			6
2026.02.10	00:10:46.099	0.60465	0.60466			6
2026.02.10	00:10:46.403	0.60459	0.60460			6
2026.02.10	00:10:47.103	0.60460	0.60461			6
2026.02.10	00:10:51.269	0.60459	0.60460			6
2026.02.10	00:10:51.939	0.60465	0.60466			6
2026.02.10	00:10:52.618	0.60459	0.60460			6
2026.02.10	00:10:53.573	0.60465	0.60466			6
2026.02.10	00:10:55.485	0.60459	0.60460			6
2026.02.10	00:10:57.120	0.60465	0.60466			6
2026.02.10	00:10:58.066	0.60472	0.60473			6
2026.02.10	00:10:58.396	0.60465	0.60466			6
2026.02.10	00:11:00.004	0.60472	0.60473			6
2026.02.10	00:11:01.656	0.60464	0.60465			6
2026.02.10	00:11:04.614	0.60459	0.60460			6
2026.02.10	00:11:06.569	0.60460	0.60461			6
2026.02.10	00:11:11.787	0.60466	0.60467			6
2026.02.10	00:11:12.742	0.60465	0.60466			6
2026.02.10	00:11:13.694	0.60460	0.60461			6
2026.02.10	00:11:14.346	0.60461	0.60462			6
2026.02.10	00:11:15.302	0.60465	0.60466			6
2026.02.10	00:11:16.604	0.60460	0.60461			6
2026.02.10	00:11:18.911	0.60465	0.60466			6
2026.02.10	00:11:19.564	0.60460	0.60461			6
2026.02.10	00:11:21.173	0.60465	0.60466			6
2026.02.10	00:11:21.476	0.60472	0.60473			6
2026.02.10	00:11:22.478	0.60465	0.60466			6
2026.02.10	00:11:26.345	0.60472	0.60473			6
2026.02.10	00:11:28.606	0.60461	0.60462			6
2026.02.10	00:11:29.211	0.60465	0.60466			6
2026.02.10	00:11:31.469	0.60459	0.60460			6
2026.02.10	00:11:32.465	0.60465	0.60466			6
2026.02.10	00:11:34.422	0.60459	0.60460			6
2026.02.10	00:11:35.730	0.60465	0.60466			6
2026.02.10	00:11:37.337	0.60466	0.60467			6
2026.02.10	00:11:37.681	0.60460	0.60461			6
2026.02.10	00:11:38.338	0.60466	0.60467			6
2026.02.10	00:11:40.670	0.60460	0.60461			6
2026.02.10	00:11:42.300	0.60466	0.60467			6
2026.02.10	00:11:43.557	0.60460	0.60461			6
2026.02.10	00:11:43.905	0.60459	0.60460			6
2026.02.10	00:11:45.215	0.60465	0.60466			6
2026.02.10	00:11:46.562	0.60459	0.60460			6
2026.02.10	00:11:47.520	0.60465	0.60466			6
2026.02.10	00:11:49.121	0.60466	0.60467			6
2026.02.10	00:11:49.474	0.60460	0.60461			6
2026.02.10	00:11:50.778	0.60466	0.60467			6
2026.02.10	00:11:52.484	0.60460	0.60461			6
2026.02.10	00:11:53.460	0.60466	0.60467			6
2026.02.10	00:11:55.397	0.60460	0.60461			6
2026.02.10	00:12:00.267	0.60460				2
2026.02.10	00:12:07.089	0.60469	0.60470			6
2026.02.10	00:12:07.697	0.60460	0.60461			6
2026.02.10	00:12:08.017	0.60466	0.60467			6
2026.02.10	00:12:08.643	0.60458	0.60459			6
2026.02.10	00:12:09.558	0.60487	0.60488			6
2026.02.10	00:12:09.878	0.60493	0.60503			6
2026.02.10	00:12:10.545	0.60488	0.60489			6
2026.02.10	00:12:10.848	0.60487	0.60488			6
2026.02.10	00:12:14.415	0.60493	0.60500			6
2026.02.10	00:12:15.067	0.60487	0.60488			6
2026.02.10	00:12:24.852	0.60488	0.60489			6
2026.02.10	00:12:25.807	0.60487	0.60488			6
2026.02.10	00:12:31.422	0.60489	0.60490			6
2026.02.10	00:12:31.723	0.60500	0.60501			6
2026.02.10	00:12:32.375	0.60489	0.60490			6
2026.02.10	00:12:35.287	0.60500	0.60501			6
2026.02.10	00:12:36.281	0.60489	0.60490			6
2026.02.10	00:12:37.205	0.60498	0.60500			6
2026.02.10	00:12:37.884	0.60488	0.60489			6
2026.02.10	00:12:39.139	0.60487	0.60488			6
2026.02.10	00:12:44.478	0.60491	0.60492			6
2026.02.10	00:12:46.967	0.60486	0.60487			6
2026.02.10	00:12:50.772	0.60485	0.60486			6
2026.02.10	00:13:00.220	0.60485				2
2026.02.10	00:13:05.344	0.60487	0.60488			6
2026.02.10	00:13:14.979	0.60493	0.60499			6
2026.02.10	00:13:15.680	0.60486	0.60487			6
2026.02.10	00:14:00.286	0.60486				2
2026.02.10	00:14:02.844	0.60487	0.60488			6
2026.02.10	00:14:03.148	0.60486	0.60487			6
2026.02.10	00:14:05.403	0.60487	0.60488			6
2026.02.10	00:14:43.892	0.60488	0.60489			6
2026.02.10	00:15:00.254	0.60488				2
2026.02.10	00:15:03.210	0.60489	0.60490			6
2026.02.10	00:15:04.545	0.60488	0.60489			6
2026.02.10	00:15:07.429	0.60489	0.60490			6
2026.02.10	00:15:08.080	0.60488	0.60489			6
2026.02.10	00:15:10.337	0.60489	0.60490			6
2026.02.10	00:15:10.640	0.60490	0.60491			6
2026.02.10	00:15:13.902	0.60492	0.60493			6
2026.02.10	00:15:14.237	0.60489	0.60490			6
2026.02.10	00:15:16.157	0.60492	0.60493			6
2026.02.10	00:15:19.067	0.60493	0.60494			6
2026.02.10	00:15:20.674	0.60492	0.60493			6
2026.02.10	00:15:22.583	0.60459	0.60460			6
2026.02.10	00:15:22.897	0.60457	0.60458			6
2026.02.10	00:15:23.223	0.60463	0.60464			6
2026.02.10	00:15:25.145	0.60464	0.60465			6
2026.02.10	00:15:35.433	0.60465	0.60466			6
2026.02.10	00:15:38.946	0.60466	0.60467			6
2026.02.10	00:15:40.899	0.60465	0.60466			6
2026.02.10	00:15:44.113	0.60464	0.60465			6
2026.02.10	00:15:44.417	0.60465	0.60466			6
2026.02.10	00:15:54.348	0.60469	0.60470			6
2026.02.10	00:15:54.654	0.60465	0.60466			6
2026.02.10	00:15:56.909	0.60469	0.60470			6
2026.02.10	00:15:57.515	0.60473	0.60474			6
2026.02.10	00:15:57.863	0.60464	0.60465			6
2026.02.10	00:15:59.772	0.60468	0.60469			6
2026.02.10	00:16:00.120	0.60474	0.60475			6
2026.02.10	00:16:00.772	0.60468	0.60469			6
2026.02.10	00:16:02.031	0.60467	0.60468			6
2026.02.10	00:16:03.385	0.60469	0.60470			6
2026.02.10	00:16:03.686	0.60464	0.60465			6
2026.02.10	00:16:04.034	0.60472	0.60473			6
2026.02.10	00:16:04.342	0.60473	0.60474			6
2026.02.10	00:16:04.689	0.60501	0.60502			6
2026.02.10	00:16:06.650	0.60497	0.60498			6
2026.02.10	00:16:09.573	0.60493	0.60494			6
2026.02.10	00:16:10.617	0.60494	0.60495			6
2026.02.10	00:16:15.250	0.60492	0.60493			6
2026.02.10	00:16:25.619	0.60493	0.60494			6
2026.02.10	00:16:25.948	0.60491	0.60492			6
2026.02.10	00:16:35.896	0.60459	0.60460			6
2026.02.10	00:16:36.240	0.60461	0.60462			6
2026.02.10	00:16:55.159	0.60462	0.60463			6
2026.02.10	00:17:00.325	0.60462				2
2026.02.10	00:17:02.231	0.60461	0.60462			6
2026.02.10	00:17:16.479	0.60487	0.60488			6
2026.02.10	00:17:16.783	0.60488	0.60489			6
2026.02.10	00:17:36.454	0.60489	0.60490			6
2026.02.10	00:17:38.655	0.60490	0.60491			6
2026.02.10	00:17:38.957	0.60491	0.60492			6
2026.02.10	00:17:40.263	0.60490	0.60491			6
2026.02.10	00:17:50.201	0.60489	0.60490			6
2026.02.10	00:17:50.852	0.60488	0.60489			6
2026.02.10	00:17:54.764	0.60490	0.60491			6
2026.02.10	00:17:59.984	0.60491	0.60492			6
2026.02.10	00:18:00.331	0.60491				2
2026.02.10	00:18:13.171	0.60492	0.60493			6
2026.02.10	00:18:34.460	0.60490	0.60491			6
2026.02.10	00:18:36.811	0.60491	0.60492			6
2026.02.10	00:18:46.188	0.60504	0.60505			6
2026.02.10	00:18:46.493	0.60517	0.60518			6
2026.02.10	00:18:53.542	0.60531	0.60574			6
2026.02.10	00:18:54.216	0.60537	0.60572			6
2026.02.10	00:18:54.869		0.60571			4
2026.02.10	00:18:55.184		0.60573			4
2026.02.10	00:19:00.297	0.60537				2
2026.02.10	00:19:01.598	0.60538				2
2026.02.10	00:19:01.901	0.60530	0.60535			6
2026.02.10	00:19:02.216	0.60542	0.60579			6
2026.02.10	00:19:04.463	0.60543				2
2026.02.10	00:19:05.117		0.60577			4
2026.02.10	00:19:10.586		0.60579			4
2026.02.10	00:19:13.146	0.60540	0.60577			6
2026.02.10	00:19:16.357		0.60574			4
2026.02.10	00:19:21.877	0.60544	0.60575			6
2026.02.10	00:19:24.134	0.60545	0.60574			6
2026.02.10	00:19:27.646	0.60544	0.60575			6
2026.02.10	00:19:27.954		0.60574			4
2026.02.10	00:19:29.254	0.60545				2
2026.02.10	00:20:00.164	0.60545				2
2026.02.10	00:20:02.074	0.60546	0.60573			6
2026.02.10	00:20:04.728	0.60545	0.60574			6
2026.02.10	00:20:09.551	0.60540	0.60572			6
2026.02.10	00:20:09.855	0.60550	0.60575			6
2026.02.10	00:20:10.156		0.60573			4
2026.02.10	00:20:13.365	0.60551				2
2026.02.10	00:20:14.318	0.60547	0.60575			6
2026.02.10	00:20:16.575	0.60530	0.60560			6
2026.02.10	00:20:16.878	0.60516	0.60559			6
2026.02.10	00:20:17.179		0.60558			4
2026.02.10	00:20:17.831	0.60518				2
2026.02.10	00:20:22.346	0.60516				2
2026.02.10	00:20:23.957		0.60556			4
2026.02.10	00:20:24.303		0.60557			4
2026.02.10	00:20:28.465	0.60515	0.60555			6
2026.02.10	00:20:39.708	0.60518				2
2026.02.10	00:20:40.009	0.60515	0.60554			6
2026.02.10	00:20:47.432		0.60555			4
2026.02.10	00:21:00.281	0.60515				2
2026.02.10	00:21:16.650	0.60516				2
2026.02.10	00:21:39.828		0.60557			4
2026.02.10	00:21:58.406		0.60556			4
2026.02.10	00:22:00.010	0.60516				2
2026.02.10	00:22:08.692		0.60557			4
2026.02.10	00:22:15.160	0.60518				2
2026.02.10	00:23:00.198	0.60518				2
2026.02.10	00:23:08.882		0.60557			4
2026.02.10	00:23:10.483	0.60516	0.60555			6
2026.02.10	00:23:14.354		0.60556			4
2026.02.10	00:24:00.274	0.60516				2
2026.02.10	00:24:10.217	0.60526	0.60562			6
2026.02.10	00:24:10.563		0.60561			4
2026.02.10	00:24:14.382		0.60559			4
2026.02.10	00:24:14.722		0.60558			4
2026.02.10	00:24:25.071		0.60559			4
2026.02.10	00:24:25.373		0.60558			4
2026.02.10	00:24:26.306		0.60559			4
2026.02.10	00:24:28.838		0.60558			4
2026.02.10	00:24:31.095		0.60560			4
2026.02.10	00:24:32.399		0.60559			4
2026.02.10	00:24:38.821		0.60560			4
2026.02.10	00:24:39.123		0.60559			4
2026.02.10	00:24:39.774		0.60560			4
2026.02.10	00:24:40.078		0.60559			4
2026.02.10	00:24:40.727		0.60560			4
2026.02.10	00:24:41.075		0.60559			4
2026.02.10	00:24:41.683		0.60560			4
2026.02.10	00:24:42.030		0.60559			4
2026.02.10	00:24:54.180		0.60560			4
2026.02.10	00:24:54.516		0.60559			4
2026.02.10	00:24:54.824		0.60560			4
2026.02.10	00:24:55.126		0.60559			4
2026.02.10	00:24:55.778		0.60558			4
2026.02.10	00:24:57.686		0.60559			4
2026.02.10	00:25:00.294	0.60526				2
2026.02.10	00:25:07.718		0.60560			4
2026.02.10	00:25:12.531		0.60559			4
2026.02.10	00:25:35.778		0.60558			4
2026.02.10	00:25:43.148		0.60559			4
2026.02.10	00:25:47.061		0.60558			4
2026.02.10	00:26:00.265	0.60526				2
2026.02.10	00:26:44.058		0.60557			4
2026.02.10	00:26:47.578		0.60558			4
2026.02.10	00:26:50.786		0.60557			4
2026.02.10	00:27:00.170	0.60526				2
2026.02.10	00:27:14.316		0.60558			4
2026.02.10	00:27:28.322		0.60559			4
2026.02.10	00:27:31.253		0.60560			4
2026.02.10	00:27:31.598		0.60559			4
2026.02.10	00:27:38.367		0.60558			4
2026.02.10	00:28:00.302	0.60526				2
2026.02.10	00:28:02.863		0.60557			4
2026.02.10	00:28:03.493		0.60558			4
2026.02.10	00:28:07.035		0.60557			4
2026.02.10	00:28:38.659		0.60559			4
2026.02.10	00:29:00.142	0.60526				2
2026.02.10	00:29:01.748		0.60560			4
2026.02.10	00:29:15.245		0.60559			4
2026.02.10	00:29:37.478		0.60558			4
2026.02.10	00:29:59.961		0.60557			4
2026.02.10	00:30:00.266	0.60526				2
2026.02.10	00:30:00.615		0.60558			4
2026.02.10	00:30:06.228		0.60559			4
2026.02.10	00:30:16.706		0.60558			4
2026.02.10	00:30:17.008	0.60535	0.60553			6
2026.02.10	00:30:21.227	0.60536	0.60555			6
2026.02.10	00:30:24.888		0.60553			4
2026.02.10	00:30:25.191	0.60535				2
2026.02.10	00:30:32.412	0.60534	0.60556			6
2026.02.10	00:30:34.019	0.60530	0.60554			6
2026.02.10	00:30:35.306	0.60529				2
2026.02.10	00:30:35.961	0.60533				2
2026.02.10	00:30:37.578	0.60534	0.60553			6
2026.02.10	00:30:44.010	0.60535	0.60557			6
2026.02.10	00:30:44.358	0.60536	0.60554			6
2026.02.10	00:30:45.662	0.60535	0.60553			6
2026.02.10	00:30:59.405		0.60554			4
2026.02.10	00:30:59.709	0.60534	0.60553			6
2026.02.10	00:31:00.057	0.60534				2
2026.02.10	00:31:00.665	0.60535	0.60554			6
2026.02.10	00:31:01.016	0.60534	0.60553			6
2026.02.10	00:31:01.318	0.60535	0.60554			6
2026.02.10	00:31:01.659	0.60534	0.60553			6
2026.02.10	00:31:01.968	0.60535	0.60554			6
2026.02.10	00:31:02.318	0.60534	0.60553			6
2026.02.10	00:31:04.583	0.60535				2
2026.02.10	00:31:16.568		0.60554			4
2026.02.10	00:31:16.917	0.60534	0.60552			6
2026.02.10	00:31:17.219	0.60535	0.60556			6
2026.02.10	00:31:17.523	0.60534	0.60553			6
2026.02.10	00:31:24.945		0.60555			4
2026.02.10	00:31:31.022	0.60535	0.60554			6
2026.02.10	00:31:31.624		0.60555			4
2026.02.10	00:31:43.968		0.60554			4
2026.02.10	00:32:00.234	0.60535				2
2026.02.10	00:32:04.100		0.60556			4
2026.02.10	00:32:14.099	0.60532				2
2026.02.10	00:32:14.418	0.60534	0.60555			6
2026.02.10	00:32:14.741		0.60553			4
2026.02.10	00:32:21.257	0.60536	0.60555			6
2026.02.10	00:32:21.562	0.60535	0.60554			6
2026.02.10	00:32:23.215	0.60545	0.60562			6
2026.02.10	00:32:23.527		0.60564			4
2026.02.10	00:32:24.138	0.60546				2
2026.02.10	00:32:31.345	0.60547				2
2026.02.10	00:32:33.221		0.60558			4
2026.02.10	00:32:34.459		0.60561			4
2026.02.10	00:32:38.497		0.60562			4
2026.02.10	00:32:40.684		0.60561			4
2026.02.10	00:32:40.987		0.60562			4
2026.02.10	00:32:41.612	0.60548				2
2026.02.10	00:32:43.817		0.60559			4
2026.02.10	00:32:45.073		0.60560			4
2026.02.10	00:32:46.955		0.60559			4
2026.02.10	00:32:48.495	0.60547				2
2026.02.10	00:32:48.813	0.60548				2
2026.02.10	00:32:49.117	0.60550	0.60562			6
2026.02.10	00:32:53.030	0.60549				2
2026.02.10	00:32:53.377	0.60550				2
2026.02.10	00:32:53.997	0.60548				2
2026.02.10	00:33:00.052	0.60548				2
2026.02.10	00:33:01.306	0.60552	0.60560			6
2026.02.10	00:33:01.610	0.60553	0.60563			6
2026.02.10	00:33:03.165	0.60554				2
2026.02.10	00:33:03.471	0.60551				2
2026.02.10	00:33:13.764	0.60552				2
2026.02.10	00:33:14.718	0.60554				2
2026.02.10	00:33:18.629	0.60556				2
2026.02.10	00:33:19.630	0.60555				2
2026.02.10	00:33:28.917	0.60556				2
2026.02.10	00:33:29.871	0.60555				2
2026.02.10	00:33:42.466	0.60554				2
2026.02.10	00:33:58.574	0.60555				2
2026.02.10	00:34:00.182	0.60555				2
2026.02.10	00:34:00.484	0.60554				2
2026.02.10	00:34:01.787		0.60563			4
2026.02.10	00:34:02.438	0.60555				2
2026.02.10	00:34:04.694	0.60554				2
2026.02.10	00:34:05.957		0.60566			4
2026.02.10	00:34:29.445		0.60569			4
2026.02.10	00:34:31.392	0.60555				2
2026.02.10	00:34:32.348	0.60554	0.60576			6
2026.02.10	00:34:32.654		0.60567			4
2026.02.10	00:34:33.617		0.60569			4
2026.02.10	00:34:43.091	0.60555	0.60571			6
2026.02.10	00:34:43.710	0.60554				2
2026.02.10	00:34:44.012		0.60567			4
2026.02.10	00:34:44.341		0.60569			4
2026.02.10	00:34:46.198	0.60553	0.60564			6
2026.02.10	00:34:46.504		0.60569			4
2026.02.10	00:34:48.372		0.60568			4
2026.02.10	00:34:48.676	0.60554	0.60569			6
2026.02.10	00:34:49.308		0.60565			4
2026.02.10	00:34:53.644		0.60569			4
2026.02.10	00:34:56.448		0.60566			4
2026.02.10	00:34:58.939	0.60553	0.60569			6
2026.02.10	00:34:59.543	0.60552	0.60563			6
2026.02.10	00:35:00.161	0.60552				2
2026.02.10	00:35:03.577	0.60553	0.60567			6
2026.02.10	00:35:14.346		0.60565			4
2026.02.10	00:35:21.428	0.60551				2
2026.02.10	00:35:23.383		0.60567			4
2026.02.10	00:35:30.160		0.60564			4
2026.02.10	00:35:31.464		0.60566			4
2026.02.10	00:35:34.678		0.60567			4
2026.02.10	00:35:38.547		0.60566			4
2026.02.10	00:35:52.304		0.60564			4
2026.02.10	00:35:56.516		0.60567			4
2026.02.10	00:36:00.130	0.60551				2
2026.02.10	00:36:02.338		0.60564			4
2026.02.10	00:36:17.945		0.60565			4
2026.02.10	00:36:28.189		0.60567			4
2026.02.10	00:36:28.501		0.60565			4
2026.02.10	00:36:28.843	0.60550	0.60563			6
2026.02.10	00:36:29.145		0.60565			4
2026.02.10	00:36:34.097	0.60549				2
2026.02.10	00:36:37.317	0.60540	0.60560			6
2026.02.10	00:36:37.618	0.60533	0.60559			6
2026.02.10	00:36:43.089		0.60558			4
2026.02.10	00:36:44.040	0.60531				2
2026.02.10	00:36:44.344		0.60557			4
2026.02.10	00:36:46.599		0.60556			4
2026.02.10	00:37:00.096	0.60531				2
2026.02.10	00:37:35.278		0.60557			4
2026.02.10	00:37:37.536	0.60529				2
2026.02.10	00:37:40.793		0.60556			4
2026.02.10	00:37:53.688	0.60533				2
2026.02.10	00:37:54.946	0.60529				2
2026.02.10	00:38:00.163	0.60529				2
2026.02.10	00:38:00.513	0.60528	0.60555			6
2026.02.10	00:38:00.818	0.60527	0.60553			6
2026.02.10	00:38:03.475		0.60552			4
2026.02.10	00:38:03.775		0.60551			4
2026.02.10	00:38:09.950		0.60550			4
2026.02.10	00:38:10.257	0.60530				2
2026.02.10	00:38:10.599	0.60529				2
2026.02.10	00:38:11.904	0.60527				2
2026.02.10	00:38:13.513		0.60551			4
2026.02.10	00:38:31.326		0.60550			4
2026.02.10	00:38:31.631		0.60551			4
2026.02.10	00:38:35.148		0.60552			4
2026.02.10	00:38:39.357	0.60526				2
2026.02.10	00:38:40.995		0.60551			4
2026.02.10	00:38:54.216	0.60531	0.60550			6
2026.02.10	00:38:54.518	0.60530	0.60551			6
2026.02.10	00:38:57.125	0.60526	0.60548			6
2026.02.10	00:38:57.728	0.60530				2
2026.02.10	00:38:58.680	0.60529				2
2026.02.10	00:39:00.287	0.60529				2
2026.02.10	00:39:02.499	0.60527				2
2026.02.10	00:39:08.923	0.60529				2
2026.02.10	00:39:09.576	0.60531	0.60549			6
2026.02.10	00:39:09.887	0.60527				2
2026.02.10	00:39:10.204	0.60526				2
2026.02.10	00:39:13.138	0.60531				2
2026.02.10	00:39:20.817		0.60548			4
2026.02.10	00:39:21.467	0.60530				2
2026.02.10	00:39:25.379		0.60549			4
2026.02.10	00:39:27.938	0.60531	0.60548			6
2026.02.10	00:39:28.590	0.60529				2
2026.02.10	00:39:28.896	0.60530				2
2026.02.10	00:39:35.715	0.60529				2
2026.02.10	00:39:36.017	0.60531				2
2026.02.10	00:39:36.973	0.60530				2
2026.02.10	00:39:40.532	0.60529	0.60547			6
2026.02.10	00:39:46.610	0.60530	0.60548			6
2026.02.10	00:39:50.824	0.60529				2
2026.02.10	00:39:54.988	0.60528				2
2026.02.10	00:40:00.161	0.60528				2
2026.02.10	00:40:04.376		0.60547			4
2026.02.10	00:40:18.412		0.60546			4
2026.02.10	00:40:20.023		0.60547			4
2026.02.10	00:40:24.323	0.60529				2
2026.02.10	00:40:24.631	0.60528	0.60548			6
2026.02.10	00:40:24.937		0.60547			4
2026.02.10	00:40:25.585	0.60529				2
2026.02.10	00:40:26.538	0.60528				2
2026.02.10	00:40:26.886	0.60529				2
2026.02.10	00:40:27.190	0.60528				2
2026.02.10	00:40:35.667	0.60527	0.60548			6
2026.02.10	00:40:36.920	0.60528	0.60547			6
2026.02.10	00:40:40.187	0.60527	0.60546			6
2026.02.10	00:40:40.537	0.60528	0.60547			6
2026.02.10	00:40:40.838		0.60548			4
2026.02.10	00:40:49.123		0.60547			4
2026.02.10	00:40:51.119	0.60527	0.60546			6
2026.02.10	00:40:56.627	0.60485	0.60486			6
2026.02.10	00:40:56.930	0.60492	0.60493			6
2026.02.10	00:40:57.893	0.60508	0.60509			6
2026.02.10	00:40:58.544	0.60510	0.60511			6
2026.02.10	00:41:00.151	0.60510				2
2026.02.10	00:41:05.413	0.60509	0.60523			6
2026.02.10	00:41:05.764	0.60492	0.60513			6
2026.02.10	00:41:06.070	0.60473	0.60519			6
2026.02.10	00:41:07.005	0.60476				2
2026.02.10	00:41:07.969	0.60475				2
2026.02.10	00:41:08.272	0.60473				2
2026.02.10	00:41:09.237	0.60475	0.60518			6
2026.02.10	00:41:14.060	0.60473				2
2026.02.10	00:41:15.399		0.60519			4
2026.02.10	00:41:19.619		0.60520			4
2026.02.10	00:41:24.233	0.60466	0.60529			6
2026.02.10	00:41:24.537	0.60451				2
2026.02.10	00:41:25.534		0.60531			4
2026.02.10	00:41:26.145		0.60529			4
2026.02.10	00:41:26.495	0.60446				2
2026.02.10	00:41:27.447	0.60440	0.60531			6
2026.02.10	00:41:27.749	0.60419	0.60520			6
2026.02.10	00:41:28.402		0.60531			4
2026.02.10	00:41:30.659	0.60425	0.60529			6
2026.02.10	00:41:32.317	0.60447				2
2026.02.10	00:41:32.960	0.60445				2
2026.02.10	00:41:33.923	0.60446				2
2026.02.10	00:41:34.567		0.60528			4
2026.02.10	00:41:35.191	0.60449				2
2026.02.10	00:41:36.173		0.60525			4
2026.02.10	00:41:36.809	0.60424	0.60520			6
2026.02.10	00:41:38.731	0.60440	0.60531			6
2026.02.10	00:41:39.684	0.60444	0.60530			6
2026.02.10	00:41:40.308	0.60440	0.60529			6
2026.02.10	00:41:40.631	0.60444				2
2026.02.10	00:41:41.287	0.60441				2
2026.02.10	00:41:42.684	0.60452				2
2026.02.10	00:41:44.339	0.60448				2
2026.02.10	00:41:45.294	0.60484				2
2026.02.10	00:41:45.605	0.60445				2
2026.02.10	00:41:46.291	0.60436				2
2026.02.10	00:41:47.246	0.60440				2
2026.02.10	00:41:47.548	0.60438				2
2026.02.10	00:41:48.213	0.60417				2
2026.02.10	00:41:49.247	0.60419	0.60531			6
2026.02.10	00:41:50.555	0.60418	0.60530			6
2026.02.10	00:41:53.212	0.60426	0.60531			6
2026.02.10	00:41:53.517	0.60436	0.60529			6
2026.02.10	00:41:53.865	0.60490				2
2026.02.10	00:41:54.168	0.60436				2
2026.02.10	00:41:54.470	0.60449				2
2026.02.10	00:41:54.795	0.60428				2
2026.02.10	00:41:55.097		0.60531			4
2026.02.10	00:41:55.412	0.60432	0.60532			6
2026.02.10	00:41:55.720	0.60429	0.60531			6
2026.02.10	00:41:56.372		0.60533			4
2026.02.10	00:41:58.278	0.60423	0.60535			6
2026.02.10	00:41:58.625	0.60421	0.60533			6
2026.02.10	00:41:59.234	0.60425				2
2026.02.10	00:42:00.231	0.60437				2
2026.02.10	00:42:00.533	0.60421				2
2026.02.10	00:42:02.808	0.60434				2
2026.02.10	00:42:03.442	0.60425				2
2026.02.10	00:42:04.445	0.60423				2
2026.02.10	00:42:05.748	0.60429				2
2026.02.10	00:42:06.702	0.60424	0.60528			6
2026.02.10	00:42:07.713		0.60525			4
2026.02.10	00:42:10.321	0.60425	0.60531			6
2026.02.10	00:42:15.116	0.60445	0.60533			6
2026.02.10	00:42:15.418	0.60447				2
2026.02.10	00:42:15.732	0.60463	0.60537			6
2026.02.10	00:42:16.040		0.60527			4
2026.02.10	00:42:16.346	0.60465				2
2026.02.10	00:42:19.304	0.60467				2
2026.02.10	00:42:20.920		0.60531			4
2026.02.10	00:42:22.865	0.60502	0.60550			6
2026.02.10	00:42:23.170		0.60545			4
2026.02.10	00:42:24.998		0.60543			4
2026.02.10	00:42:28.108		0.60542			4
2026.02.10	00:42:29.357		0.60541			4
2026.02.10	00:42:29.687		0.60545			4
2026.02.10	00:42:30.945		0.60544			4
2026.02.10	00:42:32.217		0.60542			4
2026.02.10	00:42:32.521		0.60545			4
2026.02.10	00:42:33.468		0.60544			4
2026.02.10	00:42:35.051		0.60543			4
2026.02.10	00:42:37.865		0.60542			4
2026.02.10	00:42:38.486		0.60541			4
2026.02.10	00:42:40.648		0.60542			4
2026.02.10	00:42:42.836		0.60541			4
2026.02.10	00:42:47.205		0.60550			4
2026.02.10	00:43:00.017	0.60502				2
2026.02.10	00:43:33.384		0.60549			4
2026.02.10	00:43:45.529		0.60548			4
2026.02.10	00:43:59.872		0.60546			4
2026.02.10	00:44:00.177	0.60502	0.60547			6
2026.02.10	00:44:10.443		0.60546			4
2026.02.10	00:44:12.617		0.60547			4
2026.02.10	00:44:14.823		0.60546			4
2026.02.10	00:44:16.383	0.60501				2
2026.02.10	00:44:17.013		0.60544			4
2026.02.10	00:44:17.322		0.60546			4
2026.02.10	00:44:20.127	0.60502				2
2026.02.10	00:44:24.160		0.60545			4
2026.02.10	00:44:41.511		0.60543			4
2026.02.10	00:44:42.464		0.60547			4
2026.02.10	00:44:44.771		0.60546			4
2026.02.10	00:44:45.074		0.60547			4
2026.02.10	00:44:45.423		0.60546			4
2026.02.10	00:44:49.245		0.60545			4
2026.02.10	00:44:58.137		0.60544			4
2026.02.10	00:44:58.439		0.60546			4
2026.02.10	00:44:59.659		0.60545			4
2026.02.10	00:45:00.265	0.60502				2
2026.02.10	00:45:01.486		0.60546			4
2026.02.10	00:45:01.788		0.60545			4
2026.02.10	00:45:03.026		0.60550			4
2026.02.10	00:45:05.237		0.60549			4
2026.02.10	00:45:06.804		0.60544			4
2026.02.10	00:45:08.652		0.60545			4
2026.02.10	00:45:13.516	0.60501				2
2026.02.10	00:45:15.227	0.60498	0.60540			6
2026.02.10	00:45:22.573	0.60499				2
2026.02.10	00:45:37.392	0.60498				2
2026.02.10	00:45:45.372	0.60499				2
2026.02.10	00:45:52.605	0.60498				2
2026.02.10	00:46:02.964	0.60498				2
2026.02.10	00:46:06.192		0.60539			4
2026.02.10	00:46:09.242		0.60540			4
2026.02.10	00:46:45.385	0.60499				2
2026.02.10	00:46:56.787		0.60539			4
2026.02.10	00:47:00.528	0.60499				2
2026.02.10	00:47:03.143	0.60497	0.60544			6
2026.02.10	00:47:06.670	0.60499	0.60539			6
2026.02.10	00:47:46.378		0.60538			4
2026.02.10	00:47:46.694		0.60537			4
2026.02.10	00:47:47.766	0.60462	0.60515			6
2026.02.10	00:47:48.074		0.60518			4
2026.02.10	00:47:49.378		0.60517			4
2026.02.10	00:47:49.683		0.60519			4
2026.02.10	00:47:50.029		0.60518			4
2026.02.10	00:47:51.939		0.60517			4
2026.02.10	00:47:56.757		0.60518			4
2026.02.10	00:48:00.016	0.60464				2
2026.02.10	00:48:00.319	0.60470	0.60537			6
2026.02.10	00:48:01.512	0.60461				2
2026.02.10	00:48:10.009	0.60463				2
2026.02.10	00:48:18.972	0.60462				2
2026.02.10	00:48:20.694		0.60538			4
2026.02.10	00:48:25.009		0.60537			4
2026.02.10	00:48:31.632	0.60463				2
2026.02.10	00:48:35.536	0.60465				2
2026.02.10	00:48:48.604	0.60464				2
2026.02.10	00:48:56.823	0.60470	0.60536			6
2026.02.10	00:49:00.361	0.60470				2
2026.02.10	00:49:07.138	0.60469				2
2026.02.10	00:49:11.865	0.60473				2
2026.02.10	00:49:17.422	0.60472				2
2026.02.10	00:49:21.948	0.60470				2
2026.02.10	00:49:26.865	0.60478				2
2026.02.10	00:49:29.294		0.60535			4
2026.02.10	00:49:33.123	0.60477	0.60536			6
2026.02.10	00:49:35.680		0.60535			4
2026.02.10	00:49:37.161	0.60470	0.60536			6
2026.02.10	00:49:41.864	0.60480				2
2026.02.10	00:49:47.077	0.60479				2
2026.02.10	00:49:51.974	0.60471	0.60535			6
2026.02.10	00:49:52.380		0.60536			4
2026.02.10	00:49:56.865	0.60477				2
2026.02.10	00:50:00.930	0.60477				2
2026.02.10	00:50:02.096	0.60476	0.60535			6
2026.02.10	00:50:05.233		0.60536			4
2026.02.10	00:50:07.201	0.60471				2
2026.02.10	00:50:11.865	0.60482				2
2026.02.10	00:50:13.686		0.60534			4
2026.02.10	00:50:17.248	0.60481	0.60535			6
2026.02.10	00:50:21.195		0.60536			4
2026.02.10	00:50:22.002	0.60471	0.60535			6
2026.02.10	00:50:26.866	0.60484				2
2026.02.10	00:50:27.196		0.60536			4
2026.02.10	00:50:35.314		0.60535			4
2026.02.10	00:50:36.965	0.60472				2
2026.02.10	00:50:41.863	0.60485	0.60534			6
2026.02.10	00:50:43.492		0.60535			4
2026.02.10	00:50:50.006	0.60481				2
2026.02.10	00:50:50.571		0.60536			4
2026.02.10	00:50:52.032	0.60468				2
2026.02.10	00:50:56.864	0.60478				2
2026.02.10	00:51:00.457	0.60478				2
2026.02.10	00:51:05.236		0.60535			4
2026.02.10	00:51:05.558		0.60536			4
2026.02.10	00:51:05.878		0.60537			4
2026.02.10	00:51:07.245	0.60492	0.60533			6
2026.02.10	00:51:17.206	0.60476	0.60537			6
2026.02.10	00:51:18.146	0.60491	0.60533			6
2026.02.10	00:51:22.023	0.60490	0.60534			6
2026.02.10	00:51:30.714		0.60537			4
2026.02.10	00:51:32.316	0.60477	0.60540			6
2026.02.10	00:51:37.244	0.60489	0.60536			6
2026.02.10	00:51:41.094		0.60537			4
2026.02.10	00:51:47.260	0.60478	0.60540			6
2026.02.10	00:51:49.668		0.60541			4
2026.02.10	00:51:49.987		0.60540			4
2026.02.10	00:51:52.246	0.60494	0.60534			6
2026.02.10	00:52:00.254	0.60494				2
2026.02.10	00:52:02.207	0.60479				2
2026.02.10	00:52:02.510		0.60540			4
2026.02.10	00:52:03.446	0.60472				2
2026.02.10	00:52:07.245	0.60485	0.60538			6
2026.02.10	00:52:12.399	0.60478	0.60533			6
2026.02.10	00:52:13.621		0.60532			4
2026.02.10	00:52:14.614		0.60531			4
2026.02.10	00:52:16.625		0.60530			4
2026.02.10	00:52:18.796		0.60531			4
2026.02.10	00:52:22.914	0.60471				2
2026.02.10	00:52:23.669	0.60463	0.60530			6
2026.02.10	00:52:28.205	0.60462	0.60531			6
2026.02.10	00:52:29.593		0.60530			4
2026.02.10	00:52:33.732	0.60463				2
2026.02.10	00:52:34.129		0.60531			4
2026.02.10	00:52:34.826	0.60457				2
2026.02.10	00:52:38.349	0.60458	0.60530			6
2026.02.10	00:52:38.849		0.60531			4
2026.02.10	00:52:39.384		0.60532			4
2026.02.10	00:52:41.395		0.60533			4
2026.02.10	00:52:42.594	0.60450	0.60534			6
2026.02.10	00:52:45.267		0.60535			4
2026.02.10	00:52:47.203		0.60534			4
2026.02.10	00:52:47.523		0.60535			4
2026.02.10	00:52:49.211		0.60536			4
2026.02.10	00:52:51.203	0.60449	0.60537			6
2026.02.10	00:52:52.484		0.60533			4
2026.02.10	00:52:54.492		0.60534			4
2026.02.10	00:52:55.748	0.60440	0.60536			6
2026.02.10	00:52:57.200		0.60522			4
2026.02.10	00:53:00.107	0.60440				2
2026.02.10	00:53:02.666		0.60523			4
2026.02.10	00:53:03.972		0.60522			4
2026.02.10	00:53:04.578	0.60439	0.60523			6
2026.02.10	00:53:06.532	0.60440				2
2026.02.10	00:53:12.001		0.60524			4
2026.02.10	00:53:13.607	0.60439				2
2026.02.10	00:53:14.559	0.60440				2
2026.02.10	00:53:22.945		0.60525			4
2026.02.10	00:53:25.850		0.60524			4
2026.02.10	00:53:27.154		0.60525			4
2026.02.10	00:53:34.531		0.60524			4
2026.02.10	00:53:36.440		0.60526			4
2026.02.10	00:53:43.361		0.60527			4
2026.02.10	00:53:45.011		0.60526			4
2026.02.10	00:53:48.922		0.60523			4
2026.02.10	00:53:49.229		0.60524			4
2026.02.10	00:53:50.833		0.60525			4
2026.02.10	00:53:52.133		0.60522			4
2026.02.10	00:53:53.091		0.60521			4
2026.02.10	00:53:54.697		0.60522			4
2026.02.10	00:54:00.168	0.60440				2
2026.02.10	00:54:04.334		0.60524			4
2026.02.10	00:54:26.855		0.60525			4
2026.02.10	00:54:42.101		0.60526			4
2026.02.10	00:54:44.060		0.60528			4
2026.02.10	00:54:47.618		0.60529			4
2026.02.10	00:54:49.531		0.60530			4
2026.02.10	00:55:00.060	0.60440				2
2026.02.10	00:55:01.362		0.60529			4
2026.02.10	00:55:01.666		0.60528			4
2026.02.10	00:55:03.623		0.60527			4
2026.02.10	00:55:07.788		0.60528			4
2026.02.10	00:55:16.874		0.60527			4
2026.02.10	00:55:19.133		0.60528			4
2026.02.10	00:55:22.999	0.60433	0.60532			6
2026.02.10	00:55:23.648		0.60533			4
2026.02.10	00:55:25.557	0.60435	0.60535			6
2026.02.10	00:55:27.815		0.60536			4
2026.02.10	00:55:31.330		0.60537			4
2026.02.10	00:55:31.639	0.60437	0.60536			6
2026.02.10	00:55:31.982	0.60435				2
2026.02.10	00:55:33.286	0.60437	0.60537			6
2026.02.10	00:55:34.242	0.60436				2
2026.02.10	00:55:35.847	0.60437	0.60535			6
2026.02.10	00:55:36.149	0.60435	0.60537			6
2026.02.10	00:55:40.318		0.60536			4
2026.02.10	00:55:42.272	0.60437				2
2026.02.10	00:55:42.575		0.60539			4
2026.02.10	00:55:43.274		0.60537			4
2026.02.10	00:55:43.621		0.60539			4
2026.02.10	00:55:43.927		0.60537			4
2026.02.10	00:55:44.228		0.60539			4
2026.02.10	00:55:45.230		0.60538			4
2026.02.10	00:55:46.184	0.60435	0.60537			6
2026.02.10	00:55:46.488	0.60437	0.60538			6
2026.02.10	00:55:48.092		0.60539			4
2026.02.10	00:55:48.702		0.60538			4
2026.02.10	00:55:50.006		0.60539			4
2026.02.10	00:55:53.261	0.60439	0.60544			6
2026.02.10	00:55:54.217		0.60545			4
2026.02.10	00:55:57.081	0.60457				2
2026.02.10	00:55:58.433	0.60439	0.60543			6
2026.02.10	00:55:58.738	0.60457	0.60545			6
2026.02.10	00:55:59.698	0.60458				2
2026.02.10	00:56:00.008	0.60439				2
2026.02.10	00:56:01.697		0.60546			4
2026.02.10	00:56:02.951		0.60545			4
2026.02.10	00:56:04.651		0.60546			4
2026.02.10	00:56:04.954	0.60440				2
2026.02.10	00:56:07.212	0.60441				2
2026.02.10	00:56:09.217	0.60440				2
2026.02.10	00:56:11.328	0.60441				2
2026.02.10	00:56:13.985		0.60547			4
2026.02.10	00:56:21.765		0.60546			4
2026.02.10	00:56:22.723		0.60547			4
2026.02.10	00:56:23.066	0.60437				2
2026.02.10	00:56:24.327	0.60438				2
2026.02.10	00:56:25.742	0.60454	0.60548			6
2026.02.10	00:56:26.052	0.60438				2
2026.02.10	00:56:26.523	0.60454				2
2026.02.10	00:56:28.767	0.60439				2
2026.02.10	00:56:29.096	0.60438				2
2026.02.10	00:56:36.060	0.60443				2
2026.02.10	00:56:37.970	0.60438				2
2026.02.10	00:56:38.621	0.60443				2
2026.02.10	00:56:40.531		0.60549			4
2026.02.10	00:56:41.182	0.60473	0.60553			6
2026.02.10	00:56:42.193	0.60476	0.60559			6
2026.02.10	00:56:45.382	0.60468	0.60545			6
2026.02.10	00:56:48.370	0.60461	0.60535			6
2026.02.10	00:56:49.438	0.60466				2
2026.02.10	00:56:49.760	0.60460	0.60525			6
2026.02.10	00:56:50.381	0.60461				2
2026.02.10	00:56:50.963	0.60466				2
2026.02.10	00:56:54.397	0.60460	0.60515			6
2026.02.10	00:56:55.431	0.60461				2
2026.02.10	00:56:56.490	0.60465				2
2026.02.10	00:56:57.099		0.60509			4
2026.02.10	00:56:57.401	0.60466	0.60544			6
2026.02.10	00:56:57.913	0.60469	0.60542			6
2026.02.10	00:57:00.793	0.60469				2
2026.02.10	00:57:03.381	0.60468	0.60544			6
2026.02.10	00:57:06.384	0.60470	0.60542			6
2026.02.10	00:57:09.380	0.60466	0.60532			6
2026.02.10	00:57:10.431	0.60468				2
2026.02.10	00:57:12.291	0.60465	0.60521			6
2026.02.10	00:57:12.932	0.60466				2
2026.02.10	00:57:15.382	0.60489	0.60547			6
2026.02.10	00:57:15.900	0.60490	0.60546			6
2026.02.10	00:57:16.994	0.60489				2
2026.02.10	00:57:17.612	0.60474				2
2026.02.10	00:57:21.194	0.60473				2
2026.02.10	00:57:22.315		0.60545			4
2026.02.10	00:57:23.307		0.60546			4
2026.02.10	00:57:24.381	0.60471	0.60544			6
2026.02.10	00:57:27.304	0.60466	0.60536			6
2026.02.10	00:57:28.428	0.60468				2
2026.02.10	00:57:30.309	0.60465	0.60525			6
2026.02.10	00:57:31.463	0.60467				2
2026.02.10	00:57:31.957	0.60469				2
2026.02.10	00:57:33.214	0.60465	0.60515			6
2026.02.10	00:57:34.437	0.60466				2
2026.02.10	00:57:36.382		0.60539			4
2026.02.10	00:57:36.915	0.60469				2
2026.02.10	00:57:37.623		0.60540			4
2026.02.10	00:57:44.789		0.60538			4
2026.02.10	00:57:45.304	0.60468	0.60540			6
2026.02.10	00:57:48.385	0.60470	0.60538			6
2026.02.10	00:57:49.462	0.60471	0.60540			6
2026.02.10	00:57:51.381	0.60466	0.60530			6
2026.02.10	00:57:52.430	0.60468				2
2026.02.10	00:57:54.292	0.60465	0.60520			6
2026.02.10	00:57:55.513	0.60467				2
2026.02.10	00:57:57.101		0.60512			4
2026.02.10	00:57:57.405	0.60465				2
2026.02.10	00:57:59.932	0.60466				2
2026.02.10	00:58:00.389	0.60472	0.60534			6
2026.02.10	00:58:00.737	0.60470	0.60535			6
2026.02.10	00:58:01.078		0.60537			4
2026.02.10	00:58:01.434		0.60536			4
2026.02.10	00:58:02.293		0.60537			4
2026.02.10	00:58:04.512		0.60535			4
2026.02.10	00:58:10.360		0.60534			4
2026.02.10	00:58:10.665		0.60536			4
2026.02.10	00:58:13.092		0.60537			4
2026.02.10	00:58:17.737	0.60467				2
2026.02.10	00:58:18.387	0.60466	0.60535			6
2026.02.10	00:58:21.381	0.60464	0.60534			6
2026.02.10	00:58:22.456		0.60535			4
2026.02.10	00:58:24.381	0.60467	0.60531			6
2026.02.10	00:58:25.462	0.60470	0.60535			6
2026.02.10	00:58:27.309	0.60465	0.60525			6
2026.02.10	00:58:28.460	0.60467				2
2026.02.10	00:58:28.817	0.60468				2
2026.02.10	00:58:29.436	0.60469				2
2026.02.10	00:58:30.367	0.60465	0.60515			6
2026.02.10	00:58:31.214	0.60466				2
2026.02.10	00:58:33.382	0.60467	0.60535			6
2026.02.10	00:58:33.686	0.60469	0.60538			6
2026.02.10	00:58:33.998		0.60536			4
2026.02.10	00:58:35.556		0.60537			4
2026.02.10	00:58:38.306		0.60536			4
2026.02.10	00:58:39.947	0.60511	0.60551			6
2026.02.10	00:58:46.776	0.60512				2
2026.02.10	00:58:56.117	0.60511				2
2026.02.10	00:58:56.739	0.60512				2
2026.02.10	00:59:00.156	0.60512				2
2026.02.10	00:59:03.264	0.60510	0.60550			6
2026.02.10	00:59:06.359	0.60509	0.60545			6
2026.02.10	00:59:08.977	0.60508				2
2026.02.10	00:59:09.384	0.60507	0.60534			6
2026.02.10	00:59:10.407	0.60506				2
2026.02.10	00:59:12.381	0.60505	0.60532			6
2026.02.10	00:59:15.387	0.60507	0.60531			6
2026.02.10	00:59:17.663	0.60512	0.60552			6
2026.02.10	00:59:18.822	0.60513	0.60550			6
2026.02.10	01:00:00.136	0.60524				2
2026.02.10	01:00:00.442	0.60510	0.60549			6
2026.02.10	01:00:01.394	0.60511				2
2026.02.10	01:00:03.300	0.60513				2
2026.02.10	01:00:03.607	0.60510				2
2026.02.10	01:00:03.917	0.60511	0.60551			6
2026.02.10	01:00:04.551	0.60513				2
2026.02.10	01:00:07.072	0.60517				2
2026.02.10	01:00:07.705	0.60526				2
2026.02.10	01:00:08.637		0.60548			4
2026.02.10	01:00:15.810		0.60549			4
2026.02.10	01:00:17.397	0.60528	0.60553			6
2026.02.10	01:00:18.296		0.60552			4
2026.02.10	01:00:18.615		0.60553			4
2026.02.10	01:00:19.694		0.60554			4
2026.02.10	01:00:22.529	0.60529				2
2026.02.10	01:00:22.845		0.60553			4
2026.02.10	01:00:25.072	0.60530				2
2026.02.10	01:00:25.390		0.60557			4
2026.02.10	01:00:32.847	0.60529	0.60555			6
2026.02.10	01:00:33.194		0.60557			4
2026.02.10	01:00:35.452		0.60556			4
2026.02.10	01:00:39.364	0.60526				2
2026.02.10	01:00:40.365		0.60554			4
2026.02.10	01:00:41.007	0.60528	0.60555			6
2026.02.10	01:00:42.975	0.60527	0.60554			6
2026.02.10	01:00:43.279	0.60526	0.60555			6
2026.02.10	01:00:44.696		0.60553			4
2026.02.10	01:00:45.642		0.60552			4
2026.02.10	01:00:50.356	0.60527				2
2026.02.10	01:00:51.299		0.60557			4
2026.02.10	01:00:52.079		0.60558			4
2026.02.10	01:00:52.387		0.60556			4
2026.02.10	01:00:56.294		0.60555			4
2026.02.10	01:00:57.797		0.60554			4
2026.02.10	01:01:00.308	0.60529	0.60556			6
2026.02.10	01:01:00.616		0.60555			4
2026.02.10	01:01:04.536	0.60531	0.60556			6
2026.02.10	01:01:09.652	0.60529				2
2026.02.10	01:01:12.796		0.60555			4
2026.02.10	01:01:24.795		0.60556			4
2026.02.10	01:01:26.036		0.60555			4
2026.02.10	01:01:30.011	0.60530				2
2026.02.10	01:01:30.370	0.60533	0.60557			6
2026.02.10	01:01:31.001		0.60558			4
2026.02.10	01:01:31.352		0.60559			4
2026.02.10	01:01:35.416		0.60558			4
2026.02.10	01:01:38.593		0.60559			4
2026.02.10	01:01:39.193		0.60558			4
2026.02.10	01:01:42.330		0.60560			4
2026.02.10	01:01:42.638		0.60559			4
2026.02.10	01:01:45.774		0.60558			4
2026.02.10	01:01:47.029		0.60557			4
2026.02.10	01:01:54.631	0.60534				2
2026.02.10	01:01:56.817		0.60556			4
2026.02.10	01:01:57.447		0.60557			4
2026.02.10	01:01:57.766	0.60543	0.60558			6
2026.02.10	01:01:58.070	0.60539				2
2026.02.10	01:01:58.372		0.60557			4
2026.02.10	01:01:59.307	0.60543	0.60546			6
2026.02.10	01:02:00.277	0.60539	0.60557			6
2026.02.10	01:02:02.789	0.60541	0.60558			6
2026.02.10	01:02:04.445		0.60559			4
2026.02.10	01:02:04.753	0.60540				2
2026.02.10	01:02:11.516	0.60545	0.60548			6
2026.02.10	01:02:14.966	0.60543				2
2026.02.10	01:02:15.619	0.60542				2
2026.02.10	01:02:16.875	0.60545				2
2026.02.10	01:02:18.144	0.60546	0.60549			6
2026.02.10	01:02:19.702	0.60544				2
2026.02.10	01:02:20.329	0.60542	0.60548			6
2026.02.10	01:02:21.285	0.60541				2
2026.02.10	01:02:21.590	0.60545				2
2026.02.10	01:02:21.914	0.60543				2
2026.02.10	01:02:22.859	0.60541				2
2026.02.10	01:02:23.812	0.60545				2
2026.02.10	01:02:24.118	0.60542				2
2026.02.10	01:02:25.699	0.60545				2
2026.02.10	01:02:31.625	0.60544	0.60547			6
2026.02.10	01:02:33.195	0.60543	0.60546			6
2026.02.10	01:02:33.498	0.60542	0.60545			6
2026.02.10	01:02:33.828	0.60541	0.60544			6
2026.02.10	01:02:39.473	0.60542	0.60545			6
2026.02.10	01:02:40.731	0.60541	0.60544			6
2026.02.10	01:02:42.638	0.60540	0.60545			6
2026.02.10	01:02:44.497	0.60542				2
2026.02.10	01:02:48.894	0.60544	0.60547			6
2026.02.10	01:02:49.847	0.60545	0.60548			6
2026.02.10	01:02:50.773	0.60544	0.60547			6
2026.02.10	01:02:53.011	0.60542	0.60545			6
2026.02.10	01:02:53.328	0.60543	0.60546			6
2026.02.10	01:02:53.961	0.60544	0.60547			6
2026.02.10	01:02:55.538	0.60547	0.60550			6
2026.02.10	01:03:00.257	0.60548	0.60551			6
2026.02.10	01:03:09.335	0.60549	0.60552			6
2026.02.10	01:03:10.942	0.60550	0.60553			6
2026.02.10	01:03:17.868	0.60553	0.60556			6
2026.02.10	01:03:22.917	0.60551				2
2026.02.10	01:03:23.565	0.60550				2
2026.02.10	01:03:25.124	0.60553				2
2026.02.10	01:03:26.073	0.60550				2
2026.02.10	01:03:26.997	0.60553				2
2026.02.10	01:03:27.629	0.60550				2
2026.02.10	01:03:29.206	0.60553				2
2026.02.10	01:03:30.765	0.60554	0.60557			6
2026.02.10	01:03:58.645	0.60555	0.60558			6
2026.02.10	01:04:00.246	0.60555				2
2026.02.10	01:04:00.871	0.60554	0.60557			6
2026.02.10	01:04:01.503	0.60555	0.60558			6
2026.02.10	01:04:06.871	0.60554	0.60557			6
2026.02.10	01:04:14.100	0.60551	0.60554			6
2026.02.10	01:04:14.729	0.60552	0.60555			6
2026.02.10	01:04:15.051	0.60551	0.60554			6
2026.02.10	01:04:24.506		0.60556			4
2026.02.10	01:04:24.834	0.60552	0.60557			6
2026.02.10	01:04:25.138	0.60555	0.60560			6
2026.02.10	01:04:25.459	0.60556	0.60561			6
2026.02.10	01:04:26.411	0.60558				2
2026.02.10	01:04:27.041	0.60556				2
2026.02.10	01:04:27.360	0.60553				2
2026.02.10	01:04:28.040	0.60552				2
2026.02.10	01:04:28.345	0.60558				2
2026.02.10	01:04:28.662	0.60552				2
2026.02.10	01:04:29.301		0.60560			4
2026.02.10	01:04:32.557	0.60557				2
2026.02.10	01:04:32.874	0.60552				2
2026.02.10	01:04:33.859		0.60561			4
2026.02.10	01:04:34.512	0.60558				2
2026.02.10	01:04:39.495	0.60557	0.60560			6
2026.02.10	01:04:47.367	0.60558	0.60561			6
2026.02.10	01:04:53.375	0.60557	0.60560			6
2026.02.10	01:05:00.234	0.60557				2
2026.02.10	01:05:03.397	0.60556				2
2026.02.10	01:05:03.699	0.60555				2
2026.02.10	01:05:04.049	0.60553				2
2026.02.10	01:05:05.004	0.60554	0.60561			6
2026.02.10	01:05:05.307	0.60558				2
2026.02.10	01:05:08.467	0.60559	0.60562			6
2026.02.10	01:05:08.788	0.60560	0.60563			6
2026.02.10	01:05:44.348	0.60557	0.60560			6
2026.02.10	01:05:44.656	0.60555	0.60558			6
2026.02.10	01:05:49.692	0.60556	0.60559			6
2026.02.10	01:05:49.995	0.60558	0.60561			6
2026.02.10	01:05:50.629	0.60557	0.60560			6
2026.02.10	01:05:56.869	0.60559	0.60562			6
2026.02.10	01:05:57.818	0.60560	0.60563			6
2026.02.10	01:06:00.011	0.60560				2
2026.02.10	01:06:01.565	0.60559	0.60562			6
2026.02.10	01:06:10.983	0.60558				2
2026.02.10	01:06:12.900	0.60559				2
2026.02.10	01:06:24.233	0.60556	0.60559			6
2026.02.10	01:06:24.536	0.60555	0.60558			6
2026.02.10	01:06:24.841	0.60554	0.60557			6
2026.02.10	01:06:50.538	0.60553	0.60556			6
2026.02.10	01:07:00.013	0.60553				2
2026.02.10	01:07:00.366	0.60554	0.60557			6
2026.02.10	01:07:00.714	0.60553	0.60556			6
2026.02.10	01:07:04.983	0.60554	0.60557			6
2026.02.10	01:07:11.644	0.60553	0.60556			6
2026.02.10	01:07:20.082	0.60550	0.60553			6
2026.02.10	01:07:20.432	0.60549	0.60552			6
2026.02.10	01:07:20.734	0.60548	0.60551			6
2026.02.10	01:07:21.360	0.60552	0.60555			6
2026.02.10	01:07:29.403	0.60551	0.60554			6
2026.02.10	01:07:34.623	0.60552	0.60555			6
2026.02.10	01:07:36.277	0.60553	0.60556			6
2026.02.10	01:08:00.011	0.60553				2
2026.02.10	01:08:25.763	0.60548	0.60551			6
2026.02.10	01:08:55.870	0.60547				2
2026.02.10	01:08:57.827	0.60548				2
2026.02.10	01:09:00.085	0.60548				2
2026.02.10	01:09:00.435	0.60547	0.60550			6
2026.02.10	01:09:00.738	0.60545	0.60548			6
2026.02.10	01:09:01.437	0.60544	0.60547			6
2026.02.10	01:09:01.743	0.60543	0.60546			6
2026.02.10	01:09:02.092	0.60549	0.60552			6
2026.02.10	01:09:02.743	0.60548	0.60551			6
2026.02.10	01:09:07.704	0.60552	0.60555			6
2026.02.10	01:09:09.664	0.60550	0.60553			6
2026.02.10	01:09:37.498	0.60548	0.60551			6
2026.02.10	01:09:40.410	0.60549	0.60552			6
2026.02.10	01:09:40.711	0.60550	0.60553			6
2026.02.10	01:09:44.268	0.60551	0.60554			6
2026.02.10	01:09:45.527	0.60550	0.60553			6
2026.02.10	01:09:47.482	0.60552	0.60555			6
2026.02.10	01:09:48.132	0.60550	0.60553			6
2026.02.10	01:09:49.088	0.60551	0.60554			6
2026.02.10	01:09:50.090	0.60550	0.60553			6
2026.02.10	01:09:51.049	0.60549	0.60552			6
2026.02.10	01:09:51.397	0.60548	0.60551			6
2026.02.10	01:09:51.700	0.60549	0.60552			6
2026.02.10	01:09:52.351	0.60548	0.60551			6
2026.02.10	01:09:56.261	0.60547	0.60550			6
2026.02.10	01:10:00.126	0.60548	0.60551			6
2026.02.10	01:10:01.126	0.60543	0.60546			6
2026.02.10	01:10:01.477	0.60544	0.60547			6
2026.02.10	01:10:02.432	0.60543				2
2026.02.10	01:10:04.086	0.60544	0.60548			6
2026.02.10	01:10:04.739	0.60543	0.60547			6
2026.02.10	01:10:05.695	0.60545	0.60549			6
2026.02.10	01:10:11.614	0.60544	0.60548			6
2026.02.10	01:10:14.179		0.60547			4
2026.02.10	01:10:15.133	0.60545	0.60548			6
2026.02.10	01:10:15.463	0.60548	0.60550			6
2026.02.10	01:10:16.436	0.60547	0.60551			6
2026.02.10	01:10:19.698	0.60551	0.60554			6
2026.02.10	01:10:20.699		0.60555			4
2026.02.10	01:10:24.008	0.60552	0.60556			6
2026.02.10	01:10:26.315	0.60551	0.60555			6
2026.02.10	01:10:26.619	0.60550	0.60554			6
2026.02.10	01:10:27.618	0.60547	0.60551			6
2026.02.10	01:10:27.920	0.60545	0.60549			6
2026.02.10	01:10:28.268	0.60547	0.60550			6
2026.02.10	01:10:28.572		0.60551			4
2026.02.10	01:10:29.906	0.60546	0.60550			6
2026.02.10	01:10:38.010	0.60545	0.60549			6
2026.02.10	01:10:45.535	0.60544	0.60548			6
2026.02.10	01:10:45.888	0.60543	0.60547			6
2026.02.10	01:10:47.545	0.60544	0.60548			6
2026.02.10	01:10:52.868	0.60545	0.60549			6
2026.02.10	01:10:53.220	0.60544	0.60548			6
2026.02.10	01:10:57.484	0.60545	0.60549			6
2026.02.10	01:11:00.047	0.60545				2
2026.02.10	01:11:02.403		0.60548			4
2026.02.10	01:11:19.815	0.60548	0.60551			6
2026.02.10	01:11:22.822	0.60547	0.60550			6
2026.02.10	01:11:23.123	0.60546	0.60549			6
2026.02.10	01:11:27.339	0.60545	0.60548			6
2026.02.10	01:11:35.909	0.60544	0.60547			6
2026.02.10	01:11:36.215	0.60543	0.60546			6
2026.02.10	01:11:43.537	0.60542	0.60545			6
2026.02.10	01:11:51.320		0.60544			4
2026.02.10	01:11:51.625	0.60539	0.60542			6
2026.02.10	01:11:51.973	0.60538	0.60541			6
2026.02.10	01:11:54.983	0.60537	0.60540			6
2026.02.10	01:12:00.203	0.60537				2
2026.02.10	01:12:14.620	0.60535	0.60538			6
2026.02.10	01:12:17.211	0.60534	0.60537			6
2026.02.10	01:12:19.519	0.60535	0.60538			6
2026.02.10	01:12:23.785	0.60534	0.60537			6
2026.02.10	01:12:24.136	0.60533	0.60536			6
2026.02.10	01:12:24.438	0.60532	0.60535			6
2026.02.10	01:12:28.450	0.60533	0.60536			6
2026.02.10	01:12:30.503	0.60531	0.60534			6
2026.02.10	01:12:30.853	0.60532	0.60535			6
2026.02.10	01:12:31.201	0.60531	0.60534			6
2026.02.10	01:12:32.511	0.60532	0.60535			6
2026.02.10	01:12:32.859	0.60531	0.60534			6
2026.02.10	01:12:33.209	0.60532	0.60535			6
2026.02.10	01:12:36.471	0.60533	0.60536			6
2026.02.10	01:12:41.638	0.60532	0.60535			6
2026.02.10	01:12:45.809	0.60534	0.60537			6
2026.02.10	01:12:46.112	0.60536	0.60539			6
2026.02.10	01:12:49.023		0.60538			4
2026.02.10	01:12:49.327		0.60539			4
2026.02.10	01:12:50.985	0.60535	0.60538			6
2026.02.10	01:12:58.153	0.60536	0.60539			6
2026.02.10	01:13:00.113	0.60536				2
2026.02.10	01:13:03.419	0.60537				2
2026.02.10	01:13:04.374		0.60540			4
2026.02.10	01:13:05.982	0.60536	0.60539			6
2026.02.10	01:13:13.507	0.60537	0.60540			6
2026.02.10	01:13:18.128	0.60538	0.60541			6
2026.02.10	01:13:27.565	0.60539	0.60542			6
2026.02.10	01:13:31.080	0.60540	0.60543			6
2026.02.10	01:13:31.430	0.60541	0.60544			6
2026.02.10	01:13:47.084	0.60540	0.60543			6
2026.02.10	01:14:00.280	0.60540				2
2026.02.10	01:14:02.190	0.60539	0.60542			6
2026.02.10	01:14:07.611	0.60538	0.60541			6
2026.02.10	01:14:19.851	0.60537	0.60540			6
2026.02.10	01:14:20.153	0.60538	0.60541			6
2026.02.10	01:14:34.809	0.60537	0.60540			6
2026.02.10	01:14:35.159	0.60536	0.60539			6
2026.02.10	01:14:39.073	0.60535	0.60538			6
2026.02.10	01:14:54.195	0.60536				2
2026.02.10	01:15:00.179	0.60536				2
2026.02.10	01:15:15.221	0.60534	0.60536			6
2026.02.10	01:15:16.155	0.60533	0.60535			6
2026.02.10	01:15:21.490	0.60534	0.60536			6
2026.02.10	01:15:21.795	0.60535	0.60537			6
2026.02.10	01:15:33.765	0.60536	0.60538			6
2026.02.10	01:15:41.947	0.60534	0.60536			6
2026.02.10	01:15:42.597	0.60533	0.60535			6
2026.02.10	01:15:47.677	0.60534	0.60536			6
2026.02.10	01:15:54.677	0.60533	0.60535			6
2026.02.10	01:15:55.323	0.60534	0.60536			6
2026.02.10	01:16:00.007	0.60534				2
2026.02.10	01:16:21.860	0.60533	0.60535			6
2026.02.10	01:16:24.215	0.60534	0.60536			6
2026.02.10	01:16:54.072	0.60533	0.60535			6
2026.02.10	01:16:59.685	0.60534	0.60536			6
2026.02.10	01:17:00.337	0.60534				2
2026.02.10	01:17:05.853	0.60533	0.60535			6
2026.02.10	01:17:12.326	0.60534	0.60536			6
2026.02.10	01:17:13.025	0.60533	0.60535			6
2026.02.10	01:17:14.680	0.60534	0.60536			6
2026.02.10	01:17:16.941	0.60535	0.60537			6
2026.02.10	01:17:18.948	0.60536	0.60538			6
2026.02.10	01:17:20.251	0.60535	0.60537			6
2026.02.10	01:17:23.213	0.60536	0.60538			6
2026.02.10	01:17:25.170	0.60534	0.60536			6
2026.02.10	01:17:26.825	0.60535	0.60537			6
2026.02.10	01:17:28.177	0.60534	0.60536			6
2026.02.10	01:17:29.483	0.60535	0.60537			6
2026.02.10	01:17:33.747	0.60534	0.60536			6
2026.02.10	01:17:46.136	0.60533	0.60535			6
2026.02.10	01:17:46.438	0.60534	0.60536			6
2026.02.10	01:18:00.231	0.60534				2
2026.02.10	01:18:05.151	0.60535				2
2026.02.10	01:18:05.470	0.60537	0.60538			6
2026.02.10	01:18:05.773		0.60539			4
2026.02.10	01:18:14.238	0.60534	0.60536			6
2026.02.10	01:18:17.247	0.60533	0.60535			6
2026.02.10	01:18:34.921	0.60534	0.60536			6
2026.02.10	01:18:52.876	0.60533	0.60535			6
2026.02.10	01:18:53.224	0.60534	0.60536			6
2026.02.10	01:19:00.000	0.60534				2
2026.02.10	01:19:45.115	0.60535				2
2026.02.10	01:19:46.691	0.60534				2
2026.02.10	01:19:48.027		0.60535			4
2026.02.10	01:19:48.346	0.60533				2
2026.02.10	01:19:58.558	0.60531	0.60533			6
2026.02.10	01:20:00.210	0.60531				2
2026.02.10	01:20:02.468	0.60530	0.60532			6
2026.02.10	01:20:08.291	0.60529	0.60531			6
2026.02.10	01:20:08.947	0.60530	0.60532			6
2026.02.10	01:20:10.296		0.60531			4
2026.02.10	01:20:13.117		0.60532			4
2026.02.10	01:20:18.987	0.60531				2
2026.02.10	01:20:19.954	0.60530				2
2026.02.10	01:20:26.556	0.60531				2
2026.02.10	01:20:31.244	0.60530				2
2026.02.10	01:20:33.832	0.60531				2
2026.02.10	01:20:45.769	0.60532	0.60534			6
2026.02.10	01:20:46.072		0.60533			4
2026.02.10	01:20:50.394	0.60531	0.60532			6
2026.02.10	01:20:50.706		0.60533			4
2026.02.10	01:20:52.644		0.60532			4
2026.02.10	01:20:53.299		0.60533			4
2026.02.10	01:20:54.606	0.60533	0.60535			6
2026.02.10	01:20:55.305	0.60534	0.60536			6
2026.02.10	01:20:58.821	0.60535				2
2026.02.10	01:20:59.123		0.60537			4
2026.02.10	01:21:00.124	0.60535				2
2026.02.10	01:21:01.385		0.60536			4
2026.02.10	01:21:02.008		0.60537			4
2026.02.10	01:21:21.597		0.60536			4
2026.02.10	01:21:22.548	0.60534				2
2026.02.10	01:21:27.115	0.60535				2
2026.02.10	01:21:27.433		0.60537			4
2026.02.10	01:21:28.415		0.60536			4
2026.02.10	01:21:29.338	0.60534				2
2026.02.10	01:21:36.441	0.60535				2
2026.02.10	01:21:38.621	0.60534				2
2026.02.10	01:21:44.522	0.60535	0.60537			6
2026.02.10	01:21:47.131	0.60534	0.60536			6
2026.02.10	01:21:56.606	0.60535				2
2026.02.10	01:21:57.557	0.60534				2
2026.02.10	01:21:59.563	0.60536	0.60537			6
2026.02.10	01:22:00.189	0.60536	0.60538			6
2026.02.10	01:22:00.519	0.60537				2
2026.02.10	01:22:01.444	0.60536				2
2026.02.10	01:22:03.832		0.60537			4
2026.02.10	01:22:04.756	0.60535				2
2026.02.10	01:22:06.694		0.60536			4
2026.02.10	01:22:08.272	0.60534				2
2026.02.10	01:22:17.382	0.60532	0.60534			6
2026.02.10	01:22:19.638	0.60533				2
2026.02.10	01:22:40.909		0.60535			4
2026.02.10	01:22:41.610		0.60534			4
2026.02.10	01:22:43.168		0.60535			4
2026.02.10	01:22:45.682	0.60534	0.60536			6
2026.02.10	01:22:59.234	0.60532	0.60534			6
2026.02.10	01:23:00.189	0.60532				2
2026.02.10	01:23:00.538	0.60533				2
2026.02.10	01:23:04.257	0.60532				2
2026.02.10	01:23:07.167		0.60533			4
2026.02.10	01:23:08.699	0.60525	0.60527			6
2026.02.10	01:23:17.254	0.60526	0.60528			6
2026.02.10	01:23:31.954	0.60527	0.60529			6
2026.02.10	01:23:32.561	0.60528	0.60530			6
2026.02.10	01:23:36.476	0.60527	0.60529			6
2026.02.10	01:23:47.459	0.60526	0.60528			6
2026.02.10	01:24:00.206	0.60526				2
2026.02.10	01:24:09.292	0.60528	0.60530			6
2026.02.10	01:24:16.471	0.60529	0.60531			6
2026.02.10	01:24:26.303	0.60528	0.60530			6
2026.02.10	01:24:29.564	0.60529	0.60531			6
2026.02.10	01:24:36.837	0.60528	0.60530			6
2026.02.10	01:24:38.441	0.60527	0.60529			6
2026.02.10	01:24:38.745	0.60528	0.60530			6
2026.02.10	01:24:44.823	0.60526	0.60528			6
2026.02.10	01:24:53.660	0.60525	0.60527			6
2026.02.10	01:24:55.312	0.60526	0.60528			6
2026.02.10	01:24:57.921	0.60525	0.60527			6
2026.02.10	01:25:00.227	0.60525				2
2026.02.10	01:25:02.887	0.60524	0.60526			6
2026.02.10	01:25:03.190	0.60523	0.60525			6
2026.02.10	01:25:03.543	0.60522	0.60524			6
2026.02.10	01:25:05.897	0.60523	0.60525			6
2026.02.10	01:25:11.820	0.60522	0.60524			6
2026.02.10	01:25:12.773	0.60523	0.60525			6
2026.02.10	01:25:26.114	0.60522	0.60524			6
2026.02.10	01:25:27.067	0.60521	0.60523			6
2026.02.10	01:25:33.289	0.60522	0.60524			6
2026.02.10	01:25:36.551	0.60521	0.60523			6
2026.02.10	01:25:40.514	0.60522	0.60524			6
2026.02.10	01:25:43.173	0.60521	0.60523			6
2026.02.10	01:25:45.484	0.60519	0.60521			6
2026.02.10	01:25:51.401		0.60520			4
2026.02.10	01:25:51.718	0.60515	0.60517			6
2026.02.10	01:25:52.405	0.60514				2
2026.02.10	01:26:00.189	0.60514				2
2026.02.10	01:26:01.191		0.60516			4
2026.02.10	01:26:51.266	0.60513	0.60515			6
2026.02.10	01:26:52.598	0.60511	0.60513			6
2026.02.10	01:27:00.287	0.60511				2
2026.02.10	01:27:37.928	0.60512	0.60514			6
2026.02.10	01:27:45.918	0.60511	0.60513			6
2026.02.10	01:27:52.582	0.60513	0.60515			6
2026.02.10	01:27:53.938	0.60512	0.60514			6
2026.02.10	01:27:54.941	0.60513	0.60515			6
2026.02.10	01:28:00.316	0.60514	0.60516			6
2026.02.10	01:28:00.622	0.60515	0.60517			6
2026.02.10	01:28:22.332	0.60516	0.60518			6
2026.02.10	01:28:22.635	0.60517	0.60519			6
2026.02.10	01:28:36.478	0.60516	0.60518			6
2026.02.10	01:28:36.782	0.60517	0.60519			6
2026.02.10	01:28:37.740	0.60516	0.60518			6
2026.02.10	01:28:38.387	0.60517	0.60519			6
2026.02.10	01:29:00.061	0.60517				2
2026.02.10	01:29:20.180	0.60518	0.60520			6
2026.02.10	01:29:29.770	0.60519	0.60521			6
2026.02.10	01:29:34.079	0.60518	0.60520			6
2026.02.10	01:29:55.659	0.60517	0.60519			6
2026.02.10	01:29:55.964	0.60516	0.60518			6
2026.02.10	01:29:57.572	0.60515	0.60517			6
2026.02.10	01:30:00.177	0.60514	0.60516			6
2026.02.10	01:30:00.513	0.60516	0.60518			6
2026.02.10	01:30:13.887	0.60515	0.60517			6
2026.02.10	01:30:16.403	0.60518	0.60520			6
2026.02.10	01:30:23.530	0.60519	0.60521			6
2026.02.10	01:30:25.841	0.60518	0.60520			6
2026.02.10	01:30:29.105	0.60519	0.60521			6
2026.02.10	01:30:29.453	0.60521	0.60523			6
2026.02.10	01:30:29.756	0.60522	0.60524			6
2026.02.10	01:30:30.108		0.60525			4
2026.02.10	01:30:33.722	0.60523				2
2026.02.10	01:30:47.770	0.60520	0.60522			6
2026.02.10	01:30:48.822	0.60519	0.60521			6
2026.02.10	01:30:49.129		0.60522			4
2026.02.10	01:30:53.086	0.60518	0.60521			6
2026.02.10	01:30:56.396	0.60517	0.60520			6
2026.02.10	01:31:00.259	0.60517				2
2026.02.10	01:31:02.122	0.60518	0.60521			6
2026.02.10	01:31:03.078	0.60520	0.60523			6
2026.02.10	01:31:04.337	0.60519	0.60522			6
2026.02.10	01:31:05.992	0.60518	0.60521			6
2026.02.10	01:31:14.425	0.60517	0.60520			6
2026.02.10	01:31:15.781		0.60519			4
2026.02.10	01:31:16.084		0.60520			4
2026.02.10	01:31:16.779	0.60516	0.60519			6
2026.02.10	01:31:17.081		0.60518			4
2026.02.10	01:31:20.888	0.60515				2
2026.02.10	01:31:22.547	0.60514	0.60516			6
2026.02.10	01:31:22.860	0.60513				2
2026.02.10	01:31:25.220		0.60515			4
2026.02.10	01:31:31.342	0.60515	0.60516			6
2026.02.10	01:31:31.644	0.60518	0.60521			6
2026.02.10	01:31:31.946	0.60519	0.60522			6
2026.02.10	01:31:32.949		0.60523			4
2026.02.10	01:31:35.897	0.60518	0.60522			6
2026.02.10	01:31:36.565	0.60517	0.60521			6
2026.02.10	01:31:40.228	0.60518	0.60522			6
2026.02.10	01:31:40.878	0.60517	0.60521			6
2026.02.10	01:31:57.142	0.60518				2
2026.02.10	01:32:00.005	0.60518				2
2026.02.10	01:32:02.315	0.60517	0.60520			6
2026.02.10	01:32:06.877	0.60518	0.60521			6
2026.02.10	01:32:10.487	0.60517	0.60520			6
2026.02.10	01:32:14.050	0.60516	0.60519			6
2026.02.10	01:32:16.978	0.60517	0.60520			6
2026.02.10	01:32:21.681		0.60519			4
2026.02.10	01:32:24.891		0.60520			4
2026.02.10	01:32:36.027	0.60516	0.60519			6
2026.02.10	01:32:46.794	0.60517				2
2026.02.10	01:32:50.709	0.60514	0.60517			6
2026.02.10	01:32:51.013	0.60513	0.60516			6
2026.02.10	01:32:51.315	0.60512				2
2026.02.10	01:32:54.225	0.60513				2
2026.02.10	01:33:00.052	0.60513				2
2026.02.10	01:33:00.400	0.60514				2
2026.02.10	01:33:04.714		0.60517			4
2026.02.10	01:33:08.925	0.60518	0.60520			6
2026.02.10	01:33:09.264		0.60521			4
2026.02.10	01:33:10.230		0.60522			4
2026.02.10	01:33:15.934	0.60520	0.60524			6
2026.02.10	01:33:16.296		0.60523			4
2026.02.10	01:33:19.955		0.60524			4
2026.02.10	01:33:20.603		0.60523			4
2026.02.10	01:33:20.910		0.60524			4
2026.02.10	01:33:21.257		0.60523			4
2026.02.10	01:33:25.827		0.60524			4
2026.02.10	01:33:27.445		0.60523			4
2026.02.10	01:33:31.294		0.60524			4
2026.02.10	01:33:34.583		0.60523			4
2026.02.10	01:33:38.478	0.60519				2
2026.02.10	01:33:45.976	0.60520	0.60524			6
2026.02.10	01:33:52.132		0.60523			4
2026.02.10	01:34:00.113	0.60520				2
2026.02.10	01:34:24.004	0.60522				2
2026.02.10	01:34:24.310		0.60524			4
2026.02.10	01:34:27.264		0.60525			4
2026.02.10	01:34:29.116	0.60523	0.60526			6
2026.02.10	01:34:30.124	0.60522	0.60525			6
2026.02.10	01:34:30.452	0.60523				2
2026.02.10	01:34:30.778		0.60526			4
2026.02.10	01:34:47.960	0.60528	0.60530			6
2026.02.10	01:34:48.296		0.60531			4
2026.02.10	01:35:00.316	0.60527				2
2026.02.10	01:35:03.295	0.60528				2
2026.02.10	01:35:05.484	0.60524	0.60528			6
2026.02.10	01:35:06.489	0.60525				2
2026.02.10	01:35:07.655		0.60527			4
2026.02.10	01:35:10.571	0.60523	0.60526			6
2026.02.10	01:35:15.947	0.60522				2
2026.02.10	01:35:23.929	0.60523				2
2026.02.10	01:35:29.549	0.60524	0.60527			6
2026.02.10	01:35:29.989		0.60528			4
2026.02.10	01:35:31.244	0.60523	0.60526			6
2026.02.10	01:35:38.167	0.60524	0.60527			6
2026.02.10	01:35:42.778		0.60528			4
2026.02.10	01:36:00.529	0.60524				2
2026.02.10	01:36:02.151		0.60527			4
2026.02.10	01:36:30.494	0.60523	0.60526			6
2026.02.10	01:36:30.825	0.60524	0.60527			6
2026.02.10	01:36:32.837		0.60526			4
2026.02.10	01:36:36.399	0.60526	0.60529			6
2026.02.10	01:36:36.704	0.60527	0.60530			6
2026.02.10	01:37:00.193	0.60527				2
2026.02.10	01:37:19.697	0.60528				2
2026.02.10	01:37:20.662		0.60531			4
2026.02.10	01:37:30.311		0.60530			4
2026.02.10	01:37:40.698	0.60527				2
2026.02.10	01:37:46.517	0.60525	0.60528			6
2026.02.10	01:37:46.822	0.60524	0.60527			6
2026.02.10	01:37:47.823	0.60523	0.60526			6
2026.02.10	01:38:00.165	0.60523				2
2026.02.10	01:38:08.092	0.60522	0.60525			6
2026.02.10	01:38:10.398	0.60523				2
2026.02.10	01:38:10.701		0.60526			4
2026.02.10	01:38:15.059	0.60522	0.60525			6
2026.02.10	01:38:16.368	0.60519	0.60522			6
2026.02.10	01:38:18.626	0.60518	0.60521			6
2026.02.10	01:38:32.875	0.60517	0.60520			6
2026.02.10	01:38:33.227	0.60518	0.60521			6
2026.02.10	01:38:36.440	0.60519	0.60522			6
2026.02.10	01:38:52.198	0.60518	0.60521			6
2026.02.10	01:39:00.172	0.60518				2
2026.02.10	01:39:18.331	0.60521	0.60524			6
2026.02.10	01:39:19.635	0.60522	0.60525			6
2026.02.10	01:39:58.287		0.60524			4
2026.02.10	01:40:00.164	0.60522				2
2026.02.10	01:40:03.612	0.60523	0.60525			6
2026.02.10	01:40:33.829	0.60524	0.60526			6
2026.02.10	01:40:36.036	0.60527	0.60528			6
2026.02.10	01:40:36.340		0.60529			4
2026.02.10	01:40:36.988	0.60528	0.60530			6
2026.02.10	01:40:37.316	0.60527				2
2026.02.10	01:40:48.100	0.60528				2
2026.02.10	01:40:52.215	0.60529	0.60531			6
2026.02.10	01:41:00.050	0.60529				2
2026.02.10	01:41:08.845	0.60528	0.60529			6
2026.02.10	01:41:09.778		0.60530			4
2026.02.10	01:41:10.427		0.60529			4
2026.02.10	01:41:11.078		0.60530			4
2026.02.10	01:41:21.069	0.60529	0.60531			6
2026.02.10	01:41:24.532	0.60528	0.60530			6
2026.02.10	01:42:00.233	0.60528				2
2026.02.10	01:42:09.807	0.60531	0.60532			6
2026.02.10	01:42:10.109	0.60532	0.60534			6
2026.02.10	01:42:10.458	0.60533				2
2026.02.10	01:42:11.414		0.60535			4
2026.02.10	01:42:13.415	0.60532				2
2026.02.10	01:42:18.539	0.60533	0.60536			6
2026.02.10	01:42:38.416		0.60535			4
2026.02.10	01:43:00.106	0.60533				2
2026.02.10	01:43:18.644	0.60534	0.60536			6
2026.02.10	01:43:39.775	0.60537	0.60539			6
2026.02.10	01:43:40.126	0.60538	0.60540			6
2026.02.10	01:43:41.382	0.60537				2
2026.02.10	01:43:43.339	0.60538				2
2026.02.10	01:44:00.153	0.60538				2
2026.02.10	01:44:18.600	0.60539	0.60541			6
2026.02.10	01:44:26.383	0.60538	0.60540			6
2026.02.10	01:44:36.113	0.60539	0.60541			6
2026.02.10	01:44:46.897	0.60538	0.60540			6
2026.02.10	01:45:00.086	0.60538				2
2026.02.10	01:45:03.367	0.60537	0.60539			6
2026.02.10	01:45:03.998	0.60535	0.60537			6
2026.02.10	01:45:05.396	0.60534	0.60536			6
2026.02.10	01:45:10.114	0.60533	0.60535			6
2026.02.10	01:45:39.221		0.60534			4
2026.02.10	01:45:39.525	0.60529	0.60531			6
2026.02.10	01:45:40.177	0.60528				2
2026.02.10	01:45:43.487	0.60529	0.60532			6
2026.02.10	01:45:43.820	0.60528	0.60531			6
2026.02.10	01:45:51.805	0.60527	0.60530			6
2026.02.10	01:46:00.170	0.60527				2
2026.02.10	01:46:05.797	0.60528				2
2026.02.10	01:46:37.098	0.60529	0.60531			6
2026.02.10	01:46:59.582	0.60528	0.60530			6
2026.02.10	01:47:00.229	0.60528				2
2026.02.10	01:47:07.412	0.60529	0.60531			6
2026.02.10	01:47:13.329	0.60530	0.60532			6
2026.02.10	01:47:14.718	0.60529	0.60531			6
2026.02.10	01:47:37.200		0.60530			4
2026.02.10	01:48:00.247	0.60529				2
2026.02.10	01:48:04.064		0.60531			4
2026.02.10	01:48:05.393		0.60530			4
2026.02.10	01:48:07.249		0.60531			4
2026.02.10	01:48:11.510		0.60530			4
2026.02.10	01:48:13.389		0.60531			4
2026.02.10	01:48:39.381		0.60530			4
2026.02.10	01:48:40.651		0.60531			4
2026.02.10	01:48:44.246	0.60528	0.60529			6
2026.02.10	01:48:48.711	0.60527				2
2026.02.10	01:48:53.536	0.60529	0.60530			6
2026.02.10	01:48:55.111	0.60528				2
2026.02.10	01:49:00.008	0.60528				2
2026.02.10	01:49:01.614	0.60529				2
2026.02.10	01:49:02.868	0.60528				2
2026.02.10	01:49:07.791	0.60530	0.60531			6
2026.02.10	01:49:08.411		0.60532			4
2026.02.10	01:49:13.557	0.60529	0.60531			6
2026.02.10	01:49:13.861	0.60528	0.60530			6
2026.02.10	01:49:23.834	0.60529				2
2026.02.10	01:49:30.100	0.60528				2
2026.02.10	01:49:38.178	0.60529				2
2026.02.10	01:49:39.408		0.60531			4
2026.02.10	01:49:41.340		0.60530			4
2026.02.10	01:49:41.645	0.60528				2
2026.02.10	01:49:48.478	0.60529				2
2026.02.10	01:49:52.585	0.60528				2
2026.02.10	01:49:58.157	0.60529				2
2026.02.10	01:49:58.478	0.60528				2
2026.02.10	01:50:00.111	0.60528				2
2026.02.10	01:50:07.641	0.60529				2
2026.02.10	01:50:08.295	0.60528				2
2026.02.10	01:50:15.008	0.60529				2
2026.02.10	01:50:24.387	0.60528				2
2026.02.10	01:50:30.213	0.60529				2
2026.02.10	01:50:33.398	0.60528				2
2026.02.10	01:50:36.231	0.60529				2
2026.02.10	01:50:40.597	0.60528				2
2026.02.10	01:50:41.595	0.60529	0.60530			6
2026.02.10	01:50:42.521	0.60528				2
2026.02.10	01:50:48.170	0.60529				2
2026.02.10	01:50:51.632	0.60528				2
2026.02.10	01:51:00.164	0.60528				2
2026.02.10	01:51:01.821		0.60529			4
2026.02.10	01:51:02.470		0.60530			4
2026.02.10	01:51:11.436	0.60529				2
2026.02.10	01:51:16.725	0.60528				2
2026.02.10	01:51:25.336	0.60529				2
2026.02.10	01:51:31.009	0.60528				2
2026.02.10	01:51:37.331	0.60529				2
2026.02.10	01:51:39.814	0.60528				2
2026.02.10	01:52:00.303	0.60528				2
2026.02.10	01:52:02.516		0.60530			4
2026.02.10	01:52:07.077	0.60529				2
2026.02.10	01:52:11.242	0.60528				2
2026.02.10	01:52:16.003	0.60529				2
2026.02.10	01:52:20.072	0.60528				2
2026.02.10	01:52:24.737	0.60529	0.60531			6
2026.02.10	01:52:40.683	0.60532	0.60534			6
2026.02.10	01:52:40.986	0.60533				2
2026.02.10	01:52:41.302	0.60532				2
2026.02.10	01:52:44.548	0.60533				2
2026.02.10	01:52:55.634	0.60531	0.60532			6
2026.02.10	01:52:55.938	0.60530	0.60531			6
2026.02.10	01:52:56.242		0.60532			4
2026.02.10	01:52:57.240	0.60529	0.60531			6
2026.02.10	01:53:00.196	0.60529				2
2026.02.10	01:53:57.274		0.60531			4
2026.02.10	01:54:00.181	0.60529				2
2026.02.10	01:54:00.485	0.60530				2
2026.02.10	01:54:01.435	0.60529				2
2026.02.10	01:54:03.395	0.60530				2
2026.02.10	01:54:11.294	0.60529				2
2026.02.10	01:54:20.154	0.60530				2
2026.02.10	01:54:20.773	0.60529				2
2026.02.10	01:54:27.632	0.60530	0.60532			6
2026.02.10	01:54:27.934	0.60531	0.60533			6
2026.02.10	01:54:32.448	0.60532	0.60534			6
2026.02.10	01:54:36.671	0.60531	0.60533			6
2026.02.10	01:54:47.803	0.60532				2
2026.02.10	01:54:48.432	0.60531				2
2026.02.10	01:54:50.320	0.60529	0.60531			6
2026.02.10	01:55:00.120	0.60529				2
2026.02.10	01:55:26.698	0.60530				2
2026.02.10	01:55:50.523		0.60531			4
2026.02.10	01:55:53.995	0.60529				2
2026.02.10	01:56:00.223	0.60529				2
2026.02.10	01:56:12.662	0.60531	0.60532			6
2026.02.10	01:56:14.886	0.60530	0.60531			6
2026.02.10	01:56:16.126	0.60529				2
2026.02.10	01:56:20.399	0.60524	0.60526			6
2026.02.10	01:56:21.389		0.60527			4
2026.02.10	01:56:26.555	0.60523	0.60526			6
2026.02.10	01:56:32.369	0.60524	0.60527			6
2026.02.10	01:56:34.373		0.60526			4
2026.02.10	01:57:00.044	0.60524				2
2026.02.10	01:57:04.912	0.60523	0.60525			6
2026.02.10	01:57:06.522	0.60524	0.60526			6
2026.02.10	01:57:06.870	0.60523	0.60525			6
2026.02.10	01:57:07.220	0.60519	0.60521			6
2026.02.10	01:57:08.173	0.60518	0.60522			6
2026.02.10	01:57:14.188		0.60521			4
2026.02.10	01:57:22.177	0.60517				2
2026.02.10	01:57:31.195	0.60518				2
2026.02.10	01:57:34.408	0.60517	0.60520			6
2026.02.10	01:57:34.712	0.60513	0.60516			6
2026.02.10	01:57:35.363	0.60512				2
2026.02.10	01:57:37.741	0.60510	0.60513			6
2026.02.10	01:57:38.043		0.60514			4
2026.02.10	01:57:39.012		0.60513			4
2026.02.10	01:57:39.319	0.60509				2
2026.02.10	01:57:41.073	0.60510	0.60514			6
2026.02.10	01:57:41.392	0.60511	0.60515			6
2026.02.10	01:57:41.722	0.60512				2
2026.02.10	01:57:44.643		0.60516			4
2026.02.10	01:57:51.607	0.60514	0.60517			6
2026.02.10	01:57:53.269	0.60513				2
2026.02.10	01:58:00.088	0.60513				2
2026.02.10	01:58:02.346	0.60515				2
2026.02.10	01:58:02.649	0.60517	0.60521			6
2026.02.10	01:58:06.666	0.60518				2
2026.02.10	01:58:14.265	0.60517				2
2026.02.10	01:58:17.857	0.60518				2
2026.02.10	01:58:29.966		0.60522			4
2026.02.10	01:58:35.486	0.60519				2
2026.02.10	01:58:35.788		0.60523			4
2026.02.10	01:58:36.138	0.60518	0.60522			6
2026.02.10	01:58:36.442	0.60519				2
2026.02.10	01:58:39.905	0.60518				2
2026.02.10	01:58:47.740	0.60519	0.60523			6
2026.02.10	01:58:51.202	0.60522	0.60525			6
2026.02.10	01:58:51.504		0.60526			4
2026.02.10	01:58:56.819	0.60523				2
2026.02.10	01:58:59.074	0.60522				2
2026.02.10	01:59:00.077	0.60522				2
2026.02.10	01:59:02.682	0.60523				2
2026.02.10	01:59:10.613	0.60521	0.60524			6
2026.02.10	01:59:11.431	0.60518	0.60522			6
2026.02.10	01:59:15.985	0.60520	0.60524			6
2026.02.10	01:59:17.939	0.60521				2
2026.02.10	01:59:20.857	0.60520				2
2026.02.10	01:59:23.462	0.60521				2
2026.02.10	01:59:23.763	0.60522	0.60526			6
2026.02.10	01:59:25.770		0.60525			4
2026.02.10	01:59:29.373	0.60521				2
2026.02.10	01:59:30.421		0.60524			4
2026.02.10	01:59:31.032	0.60518	0.60522			6
2026.02.10	02:00:00.312	0.60518				2
2026.02.10	02:00:03.039	0.60519	0.60523			6
2026.02.10	02:00:08.623	0.60523	0.60526			6
2026.02.10	02:00:10.320	0.60522				2
2026.02.10	02:00:19.997	0.60523				2
2026.02.10	02:00:25.693	0.60534	0.60537			6
2026.02.10	02:00:26.007	0.60533	0.60536			6
2026.02.10	02:00:26.383		0.60537			4
2026.02.10	02:00:31.235	0.60534	0.60536			6
2026.02.10	02:00:35.894		0.60537			4
2026.02.10	02:00:38.919	0.60535	0.60539			6
2026.02.10	02:00:40.205	0.60534	0.60537			6
2026.02.10	02:00:41.983	0.60535	0.60538			6
2026.02.10	02:00:43.959	0.60533	0.60536			6
2026.02.10	02:00:53.445	0.60529	0.60531			6
2026.02.10	02:00:53.748	0.60528				2
2026.02.10	02:00:59.034	0.60530	0.60533			6
2026.02.10	02:00:59.339		0.60532			4
2026.02.10	02:01:00.222	0.60532	0.60535			6
2026.02.10	02:01:01.226	0.60533	0.60536			6
2026.02.10	02:01:02.254		0.60535			4
2026.02.10	02:01:07.544		0.60536			4
2026.02.10	02:01:08.649	0.60534	0.60537			6
2026.02.10	02:01:12.224	0.60533	0.60536			6
2026.02.10	02:01:24.938	0.60532	0.60535			6
2026.02.10	02:01:27.473	0.60530	0.60533			6
2026.02.10	02:01:28.106	0.60525	0.60527			6
2026.02.10	02:01:28.408	0.60524	0.60528			6
2026.02.10	02:01:29.912	0.60523	0.60526			6
2026.02.10	02:01:30.684		0.60527			4
2026.02.10	02:01:34.079	0.60524	0.60528			6
2026.02.10	02:01:37.167	0.60530	0.60533			6
2026.02.10	02:01:40.502	0.60533	0.60536			6
2026.02.10	02:01:40.832		0.60537			4
2026.02.10	02:01:41.466	0.60534				2
2026.02.10	02:01:45.012	0.60533				2
2026.02.10	02:01:45.315		0.60536			4
2026.02.10	02:01:55.645		0.60537			4
2026.02.10	02:01:55.991	0.60534				2
2026.02.10	02:02:00.058	0.60534				2
2026.02.10	02:02:01.709		0.60538			4
2026.02.10	02:02:02.838	0.60535				2
2026.02.10	02:02:07.985	0.60534	0.60537			6
2026.02.10	02:02:17.513	0.60536	0.60539			6
2026.02.10	02:02:17.817	0.60538	0.60541			6
2026.02.10	02:02:18.146	0.60535	0.60539			6
2026.02.10	02:02:18.486		0.60538			4
2026.02.10	02:02:30.048	0.60534	0.60537			6
2026.02.10	02:02:36.997	0.60537	0.60541			6
2026.02.10	02:02:37.320	0.60538	0.60542			6
2026.02.10	02:02:37.668	0.60537	0.60541			6
2026.02.10	02:02:37.970	0.60538				2
2026.02.10	02:02:39.577		0.60542			4
2026.02.10	02:02:41.191		0.60541			4
2026.02.10	02:02:42.219		0.60540			4
2026.02.10	02:02:44.117		0.60541			4
2026.02.10	02:02:48.173	0.60534	0.60537			6
2026.02.10	02:02:50.754	0.60533				2
2026.02.10	02:02:58.260	0.60532	0.60536			6
2026.02.10	02:03:00.192	0.60532				2
2026.02.10	02:03:01.149		0.60535			4
2026.02.10	02:03:01.896		0.60534			4
2026.02.10	02:03:04.482	0.60529	0.60532			6
2026.02.10	02:03:06.425	0.60528	0.60531			6
2026.02.10	02:03:15.306	0.60529	0.60532			6
2026.02.10	02:03:15.611	0.60528				2
2026.02.10	02:03:17.643	0.60529	0.60533			6
2026.02.10	02:03:18.867		0.60532			4
2026.02.10	02:03:27.626	0.60530	0.60533			6
2026.02.10	02:03:29.884	0.60532	0.60535			6
2026.02.10	02:03:30.187	0.60533	0.60537			6
2026.02.10	02:03:31.683		0.60536			4
2026.02.10	02:03:33.154	0.60534	0.60537			6
2026.02.10	02:03:33.986	0.60533	0.60536			6
2026.02.10	02:03:37.047	0.60534	0.60537			6
2026.02.10	02:03:37.377	0.60533				2
2026.02.10	02:03:38.742		0.60536			4
2026.02.10	02:03:44.152		0.60535			4
2026.02.10	02:03:45.177		0.60536			4
2026.02.10	02:03:49.238		0.60537			4
2026.02.10	02:03:53.260		0.60536			4
2026.02.10	02:04:00.176	0.60533				2
2026.02.10	02:04:04.898		0.60535			4
2026.02.10	02:04:06.617	0.60532	0.60536			6
2026.02.10	02:04:08.332	0.60533				2
2026.02.10	02:04:10.837	0.60532	0.60535			6
2026.02.10	02:04:12.488	0.60528	0.60532			6
2026.02.10	02:04:13.133		0.60531			4
2026.02.10	02:04:16.418		0.60530			4
2026.02.10	02:04:18.052		0.60531			4
2026.02.10	02:04:27.469	0.60523	0.60527			6
2026.02.10	02:04:28.426		0.60526			4
2026.02.10	02:04:28.748	0.60522				2
2026.02.10	02:04:30.100	0.60523				2
2026.02.10	02:04:31.359		0.60525			4
2026.02.10	02:04:34.314	0.60522	0.60526			6
2026.02.10	02:04:35.479	0.60523				2
2026.02.10	02:04:36.855	0.60524	0.60527			6
2026.02.10	02:04:37.166	0.60526	0.60530			6
2026.02.10	02:04:38.208	0.60527				2
2026.02.10	02:04:43.784	0.60526	0.60529			6
2026.02.10	02:04:47.546		0.60530			4
2026.02.10	02:04:48.964	0.60525	0.60529			6
2026.02.10	02:04:49.615	0.60526	0.60530			6
2026.02.10	02:04:49.933		0.60529			4
2026.02.10	02:04:51.012	0.60523	0.60527			6
2026.02.10	02:04:52.666		0.60526			4
2026.02.10	02:05:00.251	0.60523	0.60525			6
2026.02.10	02:05:00.555		0.60526			4
2026.02.10	02:05:01.468		0.60527			4
2026.02.10	02:05:02.091	0.60524	0.60528			6
2026.02.10	02:05:05.210		0.60527			4
2026.02.10	02:05:07.272		0.60526			4
2026.02.10	02:05:07.972	0.60523	0.60527			6
2026.02.10	02:05:08.923		0.60526			4
2026.02.10	02:05:13.988		0.60525			4
2026.02.10	02:05:14.994		0.60526			4
2026.02.10	02:05:15.296		0.60527			4
2026.02.10	02:05:22.077		0.60526			4
2026.02.10	02:05:25.850		0.60527			4
2026.02.10	02:05:30.847		0.60526			4
2026.02.10	02:05:46.358	0.60518	0.60522			6
2026.02.10	02:05:46.666	0.60514	0.60517			6
2026.02.10	02:05:47.014	0.60513				2
2026.02.10	02:05:49.945		0.60516			4
2026.02.10	02:05:50.909	0.60514	0.60518			6
2026.02.10	02:05:51.233	0.60513	0.60517			6
2026.02.10	02:05:53.839	0.60514	0.60518			6
2026.02.10	02:05:55.145		0.60517			4
2026.02.10	02:06:00.009	0.60514				2
2026.02.10	02:06:02.619		0.60518			4
2026.02.10	02:06:04.729		0.60517			4
2026.02.10	02:06:09.522		0.60518			4
2026.02.10	02:06:11.593		0.60517			4
2026.02.10	02:06:12.548		0.60518			4
2026.02.10	02:06:13.245		0.60517			4
2026.02.10	02:06:16.207		0.60518			4
2026.02.10	02:06:17.309		0.60517			4
2026.02.10	02:06:17.635		0.60518			4
2026.02.10	02:06:21.175	0.60516	0.60520			6
2026.02.10	02:06:26.347		0.60519			4
2026.02.10	02:06:27.606		0.60520			4
2026.02.10	02:06:27.953		0.60519			4
2026.02.10	02:06:41.302		0.60518			4
2026.02.10	02:06:43.273		0.60519			4
2026.02.10	02:06:47.839	0.60517	0.60520			6
2026.02.10	02:06:49.721	0.60516	0.60519			6
2026.02.10	02:06:51.333	0.60515				2
2026.02.10	02:06:52.613		0.60518			4
2026.02.10	02:06:53.642	0.60516	0.60519			6
2026.02.10	02:06:53.995		0.60520			4
2026.02.10	02:06:54.952		0.60519			4
2026.02.10	02:07:00.122	0.60516				2
2026.02.10	02:07:05.735	0.60515				2
2026.02.10	02:07:06.287	0.60516				2
2026.02.10	02:07:09.847		0.60518			4
2026.02.10	02:07:14.067	0.60515				2
2026.02.10	02:07:14.667	0.60514	0.60517			6
2026.02.10	02:07:15.562		0.60518			4
2026.02.10	02:07:19.389	0.60515	0.60519			6
2026.02.10	02:07:19.832	0.60514	0.60518			6
2026.02.10	02:07:20.441	0.60515				2
2026.02.10	02:07:28.047	0.60514				2
2026.02.10	02:07:29.920		0.60517			4
2026.02.10	02:07:30.872	0.60513				2
2026.02.10	02:07:31.598		0.60516			4
2026.02.10	02:07:32.005		0.60517			4
2026.02.10	02:07:33.022		0.60516			4
2026.02.10	02:07:34.008		0.60517			4
2026.02.10	02:07:42.297	0.60514	0.60518			6
2026.02.10	02:07:42.623	0.60513	0.60517			6
2026.02.10	02:07:45.675	0.60511	0.60515			6
2026.02.10	02:07:48.371	0.60512				2
2026.02.10	02:07:53.156	0.60513				2
2026.02.10	02:07:53.894	0.60512				2
2026.02.10	02:08:00.489	0.60512				2
2026.02.10	02:08:07.095	0.60513	0.60516			6
2026.02.10	02:08:11.297		0.60515			4
2026.02.10	02:08:16.337	0.60512	0.60516			6
2026.02.10	02:08:21.956	0.60513				2
2026.02.10	02:08:22.961	0.60512				2
2026.02.10	02:08:29.685	0.60513				2
2026.02.10	02:08:49.572		0.60515			4
2026.02.10	02:08:51.967		0.60516			4
2026.02.10	02:08:52.742		0.60515			4
2026.02.10	02:08:53.487	0.60511	0.60514			6
2026.02.10	02:08:53.816	0.60510	0.60513			6
2026.02.10	02:08:54.469	0.60508	0.60512			6
2026.02.10	02:08:56.131		0.60511			4
2026.02.10	02:08:56.891		0.60510			4
2026.02.10	02:09:00.735	0.60508				2
2026.02.10	02:09:01.861		0.60511			4
2026.02.10	02:09:02.273	0.60506	0.60510			6
2026.02.10	02:09:02.579	0.60503	0.60507			6
2026.02.10	02:09:02.946		0.60506			4
2026.02.10	02:09:15.384		0.60507			4
2026.02.10	02:09:21.978		0.60506			4
2026.02.10	02:09:22.947	0.60502				2
2026.02.10	02:09:25.712	0.60503				2
2026.02.10	02:09:26.671	0.60502				2
2026.02.10	02:09:27.020	0.60503				2
2026.02.10	02:09:27.369	0.60502				2
2026.02.10	02:09:27.772	0.60501	0.60505			6
2026.02.10	02:09:29.730	0.60498	0.60502			6
2026.02.10	02:09:30.426	0.60497	0.60501			6
2026.02.10	02:09:31.382	0.60498	0.60502			6
2026.02.10	02:09:33.740	0.60497	0.60501			6
2026.02.10	02:09:40.926		0.60500			4
2026.02.10	02:09:41.241	0.60494	0.60497			6
2026.02.10	02:09:41.547	0.60493				2
2026.02.10	02:09:41.867	0.60492	0.60496			6
2026.02.10	02:09:45.430	0.60493				2
2026.02.10	02:09:46.383		0.60497			4
2026.02.10	02:09:48.040	0.60496				2
2026.02.10	02:09:48.342	0.60493	0.60496			6
2026.02.10	02:09:48.655	0.60494	0.60497			6
2026.02.10	02:09:48.995	0.60493	0.60496			6
2026.02.10	02:09:49.428		0.60497			4
2026.02.10	02:09:52.156		0.60496			4
2026.02.10	02:09:57.326		0.60497			4
2026.02.10	02:09:58.317		0.60496			4
2026.02.10	02:09:59.923		0.60497			4
2026.02.10	02:10:00.547	0.60493				2
2026.02.10	02:10:02.781		0.60496			4
2026.02.10	02:10:04.076		0.60497			4
2026.02.10	02:10:05.128	0.60495				2
2026.02.10	02:10:05.439	0.60496	0.60498			6
2026.02.10	02:10:07.970	0.60495				2
2026.02.10	02:10:08.282	0.60494	0.60496			6
2026.02.10	02:10:10.975		0.60497			4
2026.02.10	02:10:16.588	0.60493	0.60496			6
2026.02.10	02:10:20.393	0.60494				2
2026.02.10	02:10:24.994	0.60493				2
2026.02.10	02:10:26.552		0.60497			4
2026.02.10	02:10:27.670	0.60494				2
2026.02.10	02:10:43.360	0.60493	0.60496			6
2026.02.10	02:10:44.690		0.60497			4
2026.02.10	02:10:47.682		0.60496			4
2026.02.10	02:11:00.545	0.60493				2
2026.02.10	02:11:08.508	0.60492	0.60495			6
2026.02.10	02:11:10.232	0.60491				2
2026.02.10	02:11:13.572	0.60486	0.60490			6
2026.02.10	02:11:13.891	0.60488	0.60491			6
2026.02.10	02:11:15.199		0.60490			4
2026.02.10	02:11:16.198	0.60487				2
2026.02.10	02:11:19.665	0.60486				2
2026.02.10	02:11:20.647		0.60489			4
2026.02.10	02:11:25.729		0.60490			4
2026.02.10	02:11:27.171	0.60487				2
2026.02.10	02:11:27.589	0.60486				2
2026.02.10	02:11:28.879		0.60489			4
2026.02.10	02:11:30.692		0.60490			4
2026.02.10	02:11:32.409	0.60485	0.60489			6
2026.02.10	02:11:34.857	0.60486				2
2026.02.10	02:11:35.627		0.60490			4
2026.02.10	02:11:37.137		0.60489			4
2026.02.10	02:11:37.484	0.60485				2
2026.02.10	02:11:40.376	0.60483	0.60487			6
2026.02.10	02:11:40.704		0.60486			4
2026.02.10	02:11:45.391	0.60484				2
2026.02.10	02:11:50.327	0.60483				2
2026.02.10	02:11:50.645		0.60487			4
2026.02.10	02:11:51.921	0.60484	0.60486			6
2026.02.10	02:11:54.493	0.60483				2
2026.02.10	02:12:00.345	0.60483				2
2026.02.10	02:12:02.210	0.60484	0.60487			6
2026.02.10	02:12:04.701		0.60486			4
2026.02.10	02:12:05.391	0.60483	0.60487			6
2026.02.10	02:12:05.721	0.60484				2
2026.02.10	02:12:06.241		0.60486			4
2026.02.10	02:12:06.875	0.60483	0.60487			6
2026.02.10	02:12:08.214	0.60484				2
2026.02.10	02:12:09.208	0.60487	0.60490			6
2026.02.10	02:12:18.269	0.60493	0.60496			6
2026.02.10	02:12:26.746		0.60497			4
2026.02.10	02:12:32.610		0.60496			4
2026.02.10	02:12:38.213		0.60497			4
2026.02.10	02:12:38.853	0.60494				2
2026.02.10	02:12:39.505	0.60493				2
2026.02.10	02:12:39.956	0.60494	0.60498			6
2026.02.10	02:12:41.913	0.60493	0.60497			6
2026.02.10	02:12:43.823	0.60494				2
2026.02.10	02:12:44.126		0.60498			4
2026.02.10	02:12:46.784		0.60497			4
2026.02.10	02:12:47.133		0.60498			4
2026.02.10	02:12:47.513	0.60493	0.60497			6
2026.02.10	02:12:49.091	0.60489	0.60493			6
2026.02.10	02:12:49.393	0.60488	0.60492			6
2026.02.10	02:12:49.743		0.60489			4
2026.02.10	02:12:50.192		0.60492			4
2026.02.10	02:12:50.509	0.60487	0.60491			6
2026.02.10	02:13:00.025	0.60487				2
2026.02.10	02:13:07.806		0.60489			4
2026.02.10	02:13:08.109	0.60482	0.60486			6
2026.02.10	02:13:12.586	0.60480	0.60484			6
2026.02.10	02:13:13.581	0.60479	0.60482			6
2026.02.10	02:13:13.885	0.60478				2
2026.02.10	02:13:21.827	0.60479	0.60483			6
2026.02.10	02:13:22.682		0.60482			4
2026.02.10	02:13:28.458	0.60477	0.60481			6
2026.02.10	02:13:29.405	0.60478				2
2026.02.10	02:13:39.369	0.60482	0.60484			6
2026.02.10	02:13:39.776		0.60485			4
2026.02.10	02:13:41.913		0.60486			4
2026.02.10	02:13:43.993	0.60481	0.60484			6
2026.02.10	02:13:44.680	0.60480				2
2026.02.10	02:13:45.083		0.60483			4
2026.02.10	02:13:45.387	0.60479				2
2026.02.10	02:13:47.407		0.60482			4
2026.02.10	02:13:48.527		0.60483			4
2026.02.10	02:13:53.595		0.60482			4
2026.02.10	02:13:55.979		0.60483			4
2026.02.10	02:13:58.442		0.60482			4
2026.02.10	02:14:00.176	0.60479	0.60483			6
2026.02.10	02:14:00.675	0.60483	0.60486			6
2026.02.10	02:14:02.422	0.60484	0.60487			6
2026.02.10	02:14:05.055		0.60486			4
2026.02.10	02:14:13.437	0.60483	0.60487			6
2026.02.10	02:14:13.834	0.60484				2
2026.02.10	02:14:14.185	0.60483				2
2026.02.10	02:14:14.692	0.60484				2
2026.02.10	02:14:23.818	0.60487	0.60490			6
2026.02.10	02:14:25.910	0.60483	0.60487			6
2026.02.10	02:14:26.891		0.60486			4
2026.02.10	02:14:32.046		0.60485			4
2026.02.10	02:14:35.306	0.60482				2
2026.02.10	02:14:35.857	0.60483				2
2026.02.10	02:14:37.723	0.60482	0.60486			6
2026.02.10	02:14:38.120		0.60485			4
2026.02.10	02:14:39.303		0.60486			4
2026.02.10	02:14:39.954	0.60483				2
2026.02.10	02:14:42.192	0.60482				2
2026.02.10	02:14:46.422	0.60480	0.60483			6
2026.02.10	02:14:46.728	0.60478	0.60481			6
2026.02.10	02:15:00.307	0.60478				2
2026.02.10	02:15:00.760		0.60482			4
2026.02.10	02:15:01.152	0.60479				2
2026.02.10	02:15:01.711		0.60481			4
2026.02.10	02:15:02.187	0.60481	0.60485			6
2026.02.10	02:15:02.518	0.60482				2
2026.02.10	02:15:02.860	0.60481				2
2026.02.10	02:15:03.559	0.60482				2
2026.02.10	02:15:09.969		0.60486			4
2026.02.10	02:15:10.775	0.60483				2
2026.02.10	02:15:11.731		0.60485			4
2026.02.10	02:15:15.742		0.60486			4
2026.02.10	02:15:17.047	0.60482				2
2026.02.10	02:15:41.747	0.60487	0.60491			6
2026.02.10	02:15:59.390	0.60484	0.60487			6
2026.02.10	02:16:00.037	0.60483				2
2026.02.10	02:16:10.618	0.60486				2
2026.02.10	02:16:19.002	0.60485				2
2026.02.10	02:16:19.372	0.60484	0.60486			6
2026.02.10	02:16:33.466		0.60487			4
2026.02.10	02:16:40.398	0.60487	0.60489			6
2026.02.10	02:16:46.528		0.60490			4
2026.02.10	02:16:46.872	0.60491	0.60493			6
2026.02.10	02:16:47.186		0.60495			4
2026.02.10	02:16:48.196		0.60494			4
2026.02.10	02:16:50.688	0.60488	0.60492			6
2026.02.10	02:16:51.342		0.60491			4
2026.02.10	02:16:51.731		0.60490			4
2026.02.10	02:16:52.606	0.60487				2
2026.02.10	02:16:54.258	0.60488				2
2026.02.10	02:16:56.266		0.60491			4
2026.02.10	02:17:00.303	0.60488				2
2026.02.10	02:17:00.607	0.60489				2
2026.02.10	02:17:02.775	0.60488	0.60492			6
2026.02.10	02:17:03.327		0.60491			4
2026.02.10	02:17:04.385	0.60494	0.60496			6
2026.02.10	02:17:05.135	0.60493				2
2026.02.10	02:17:25.418		0.60495			4
2026.02.10	02:17:26.028	0.60492				2
2026.02.10	02:17:26.342	0.60493				2
2026.02.10	02:17:27.898		0.60496			4
2026.02.10	02:17:28.851	0.60492				2
2026.02.10	02:17:31.745	0.60493				2
2026.02.10	02:17:32.094	0.60489	0.60491			6
2026.02.10	02:17:32.398	0.60488				2
2026.02.10	02:17:34.654		0.60490			4
2026.02.10	02:17:35.308		0.60491			4
2026.02.10	02:17:35.611		0.60492			4
2026.02.10	02:17:36.263	0.60487	0.60491			6
2026.02.10	02:17:37.463		0.60490			4
2026.02.10	02:17:40.233		0.60491			4
2026.02.10	02:17:40.736	0.60485	0.60488			6
2026.02.10	02:17:45.687	0.60482	0.60486			6
2026.02.10	02:17:47.014	0.60483				2
2026.02.10	02:18:00.194	0.60483	0.60485			6
2026.02.10	02:18:00.660	0.60487	0.60489			6
2026.02.10	02:18:12.703		0.60490			4
2026.02.10	02:18:25.925	0.60490	0.60491			6
2026.02.10	02:18:26.226	0.60487	0.60490			6
2026.02.10	02:18:33.434		0.60489			4
2026.02.10	02:18:34.808		0.60490			4
2026.02.10	02:18:38.100	0.60490	0.60493			6
2026.02.10	02:18:38.424	0.60489	0.60492			6
2026.02.10	02:18:40.024		0.60491			4
2026.02.10	02:18:45.237	0.60488				2
2026.02.10	02:18:46.631	0.60489				2
2026.02.10	02:18:48.381	0.60488				2
2026.02.10	02:18:49.143	0.60489	0.60492			6
2026.02.10	02:18:52.434	0.60490				2
2026.02.10	02:19:00.097	0.60490				2
2026.02.10	02:19:00.484	0.60489	0.60490			6
2026.02.10	02:19:00.794		0.60491			4
2026.02.10	02:19:01.421	0.60488				2
2026.02.10	02:19:02.175	0.60489				2
2026.02.10	02:19:03.827	0.60488				2
2026.02.10	02:19:06.380		0.60490			4
2026.02.10	02:19:08.343	0.60487				2
2026.02.10	02:19:10.428	0.60488				2
2026.02.10	02:19:20.589	0.60484	0.60486			6
2026.02.10	02:19:21.256	0.60483				2
2026.02.10	02:19:28.661	0.60484				2
2026.02.10	02:19:40.797	0.60487	0.60488			6
2026.02.10	02:19:42.753		0.60489			4
2026.02.10	02:20:00.008	0.60487				2
2026.02.10	02:20:00.360		0.60488			4
2026.02.10	02:20:00.966		0.60489			4
2026.02.10	02:20:01.974		0.60488			4
2026.02.10	02:20:02.320		0.60489			4
2026.02.10	02:20:03.321		0.60488			4
2026.02.10	02:20:03.975		0.60489			4
2026.02.10	02:20:05.011		0.60490			4
2026.02.10	02:20:05.687	0.60489	0.60492			6
2026.02.10	02:20:06.326		0.60491			4
2026.02.10	02:20:06.678	0.60488				2
2026.02.10	02:20:07.381	0.60489				2
2026.02.10	02:20:08.032		0.60490			4
2026.02.10	02:20:08.383	0.60488				2
2026.02.10	02:20:20.822		0.60489			4
2026.02.10	02:20:21.473		0.60490			4
2026.02.10	02:20:23.428		0.60491			4
2026.02.10	02:20:23.753	0.60489				2
2026.02.10	02:20:35.465		0.60490			4
2026.02.10	02:20:37.120	0.60492	0.60494			6
2026.02.10	02:20:37.422	0.60493	0.60495			6
2026.02.10	02:20:37.724	0.60492				2
2026.02.10	02:20:40.095	0.60494	0.60496			6
2026.02.10	02:20:47.000		0.60498			4
2026.02.10	02:20:47.304	0.60497				2
2026.02.10	02:20:47.896	0.60498	0.60499			6
2026.02.10	02:20:50.466	0.60499	0.60500			6
2026.02.10	02:20:53.025		0.60501			4
2026.02.10	02:20:53.373		0.60502			4
2026.02.10	02:20:54.330		0.60501			4
2026.02.10	02:20:54.981		0.60502			4
2026.02.10	02:21:00.106	0.60499				2
2026.02.10	02:21:03.719	0.60500	0.60503			6
2026.02.10	02:21:04.024	0.60502	0.60504			6
2026.02.10	02:21:05.242	0.60501				2
2026.02.10	02:21:07.748	0.60502				2
2026.02.10	02:21:09.522		0.60503			4
2026.02.10	02:21:10.927		0.60504			4
2026.02.10	02:21:11.438	0.60499	0.60501			6
2026.02.10	02:21:16.275		0.60502			4
2026.02.10	02:21:21.441		0.60501			4
2026.02.10	02:21:23.046	0.60502	0.60505			6
2026.02.10	02:21:34.389		0.60504			4
2026.02.10	02:21:34.692	0.60501	0.60503			6
2026.02.10	02:21:40.560	0.60502	0.60504			6
2026.02.10	02:21:50.091	0.60501	0.60503			6
2026.02.10	02:21:52.617	0.60502	0.60504			6
2026.02.10	02:21:55.109		0.60505			4
2026.02.10	02:21:58.272		0.60504			4
2026.02.10	02:21:58.577		0.60505			4
2026.02.10	02:21:59.501	0.60503				2
2026.02.10	02:22:00.132	0.60503				2
2026.02.10	02:22:00.759		0.60504			4
2026.02.10	02:22:03.337		0.60505			4
2026.02.10	02:22:03.638		0.60504			4
2026.02.10	02:22:03.941	0.60502	0.60503			6
2026.02.10	02:22:04.245	0.60503	0.60505			6
2026.02.10	02:22:04.549		0.60504			4
2026.02.10	02:22:08.027	0.60502	0.60503			6
2026.02.10	02:22:08.332		0.60504			4
2026.02.10	02:22:11.942	0.60498	0.60500			6
2026.02.10	02:22:13.193		0.60501			4
2026.02.10	02:22:15.932	0.60497	0.60499			6
2026.02.10	02:22:19.188	0.60498				2
2026.02.10	02:22:19.490		0.60500			4
2026.02.10	02:22:20.093	0.60497	0.60499			6
2026.02.10	02:22:20.457		0.60500			4
2026.02.10	02:22:22.357	0.60498				2
2026.02.10	02:22:24.304	0.60497				2
2026.02.10	02:22:25.553	0.60498	0.60501			6
2026.02.10	02:22:57.070	0.60499	0.60502			6
2026.02.10	02:23:00.225	0.60499				2
2026.02.10	02:23:05.084	0.60498	0.60501			6
2026.02.10	02:23:11.758	0.60499	0.60502			6
2026.02.10	02:23:21.135	0.60500				2
2026.02.10	02:23:21.785	0.60499				2
2026.02.10	02:23:29.513		0.60501			4
2026.02.10	02:23:47.110	0.60498				2
2026.02.10	02:23:55.201	0.60499				2
2026.02.10	02:24:00.215	0.60499				2
2026.02.10	02:24:06.753	0.60498	0.60500			6
2026.02.10	02:24:19.629	0.60499	0.60501			6
2026.02.10	02:24:27.752	0.60498	0.60500			6
2026.02.10	02:24:39.704	0.60500	0.60501			6
2026.02.10	02:24:40.657	0.60499				2
2026.02.10	02:24:41.912	0.60500				2
2026.02.10	02:24:44.422	0.60499				2
2026.02.10	02:24:50.741	0.60500				2
2026.02.10	02:24:59.197	0.60499				2
2026.02.10	02:25:00.148	0.60499				2
2026.02.10	02:25:04.844	0.60497	0.60499			6
2026.02.10	02:25:05.145	0.60494	0.60496			6
2026.02.10	02:25:09.203	0.60493	0.60494			6
2026.02.10	02:25:09.506	0.60492				2
2026.02.10	02:25:09.812	0.60493	0.60495			6
2026.02.10	02:25:14.827	0.60494				2
2026.02.10	02:25:18.922	0.60493				2
2026.02.10	02:25:22.380	0.60494	0.60496			6
2026.02.10	02:25:23.957		0.60495			4
2026.02.10	02:25:26.144	0.60493				2
2026.02.10	02:25:27.395	0.60494				2
2026.02.10	02:25:29.303	0.60493				2
2026.02.10	02:25:34.475	0.60494				2
2026.02.10	02:25:36.433	0.60493				2
2026.02.10	02:25:41.857	0.60494	0.60496			6
2026.02.10	02:25:48.226	0.60493	0.60495			6
2026.02.10	02:25:51.486	0.60494				2
2026.02.10	02:25:52.139		0.60496			4
2026.02.10	02:25:52.441	0.60493	0.60495			6
2026.02.10	02:25:54.495	0.60494				2
2026.02.10	02:25:58.409		0.60496			4
2026.02.10	02:25:59.413		0.60495			4
2026.02.10	02:26:00.115	0.60494				2
2026.02.10	02:26:00.767		0.60496			4
2026.02.10	02:26:02.979	0.60493	0.60495			6
2026.02.10	02:26:03.328	0.60494	0.60496			6
2026.02.10	02:26:09.600	0.60493	0.60495			6
2026.02.10	02:26:32.479	0.60494	0.60496			6
2026.02.10	02:26:32.803	0.60493	0.60495			6
2026.02.10	02:26:33.132	0.60494	0.60496			6
2026.02.10	02:26:37.795	0.60493	0.60495			6
2026.02.10	02:26:47.763	0.60494	0.60496			6
2026.02.10	02:26:52.281	0.60493	0.60495			6
2026.02.10	02:26:53.588	0.60492	0.60493			6
2026.02.10	02:26:54.283		0.60494			4
2026.02.10	02:26:54.587	0.60493				2
2026.02.10	02:26:56.164		0.60495			4
2026.02.10	02:26:56.495		0.60494			4
2026.02.10	02:26:57.145		0.60495			4
2026.02.10	02:26:58.052		0.60494			4
2026.02.10	02:26:58.960		0.60495			4
2026.02.10	02:27:00.310	0.60493				2
2026.02.10	02:27:01.964	0.60492	0.60493			6
2026.02.10	02:27:04.922	0.60493	0.60494			6
2026.02.10	02:27:05.226		0.60495			4
2026.02.10	02:27:06.232	0.60494				2
2026.02.10	02:27:09.689	0.60493	0.60494			6
2026.02.10	02:27:10.638	0.60492				2
2026.02.10	02:27:11.942	0.60493				2
2026.02.10	02:27:12.258		0.60495			4
2026.02.10	02:27:20.820	0.60494				2
2026.02.10	02:27:21.138	0.60492	0.60493			6
2026.02.10	02:27:22.426		0.60494			4
2026.02.10	02:27:28.791		0.60493			4
2026.02.10	02:27:29.110		0.60494			4
2026.02.10	02:27:29.443		0.60493			4
2026.02.10	02:27:35.418	0.60494	0.60495			6
2026.02.10	02:27:44.602	0.60493				2
2026.02.10	02:27:51.786	0.60494				2
2026.02.10	02:27:52.087	0.60493				2
2026.02.10	02:28:00.211	0.60493				2
2026.02.10	02:28:11.794	0.60494	0.60496			6
2026.02.10	02:28:13.150	0.60493	0.60495			6
2026.02.10	02:28:17.710	0.60492	0.60494			6
2026.02.10	02:28:22.019	0.60490	0.60491			6
2026.02.10	02:28:23.996	0.60489	0.60490			6
2026.02.10	02:28:29.309	0.60488				2
2026.02.10	02:28:30.645	0.60487	0.60489			6
2026.02.10	02:28:31.299	0.60488				2
2026.02.10	02:28:31.923	0.60487				2
2026.02.10	02:28:32.256	0.60489	0.60490			6
2026.02.10	02:28:32.572	0.60488				2
2026.02.10	02:28:38.428	0.60489				2
2026.02.10	02:28:41.901	0.60487	0.60489			6
2026.02.10	02:28:42.229	0.60488				2
2026.02.10	02:28:44.106		0.60490			4
2026.02.10	02:28:45.790		0.60489			4
2026.02.10	02:28:51.430	0.60489	0.60490			6
2026.02.10	02:28:53.987	0.60488				2
2026.02.10	02:29:00.094	0.60488				2
2026.02.10	02:29:08.273	0.60489				2
2026.02.10	02:29:11.989	0.60488				2
2026.02.10	02:29:20.421		0.60489			4
2026.02.10	02:29:24.503	0.60487	0.60488			6
2026.02.10	02:29:24.836	0.60486				2
2026.02.10	02:29:25.166	0.60487				2
2026.02.10	02:29:25.487	0.60486	0.60487			6
2026.02.10	02:29:25.810	0.60483	0.60485			6
2026.02.10	02:29:33.554	0.60484				2
2026.02.10	02:29:33.858	0.60483				2
2026.02.10	02:29:39.821		0.60484			4
2026.02.10	02:29:40.443	0.60480	0.60481			6
2026.02.10	02:29:40.772	0.60479				2
2026.02.10	02:29:41.076	0.60478	0.60480			6
2026.02.10	02:29:45.901	0.60480	0.60481			6
2026.02.10	02:29:46.214	0.60479				2
2026.02.10	02:29:48.155		0.60480			4
2026.02.10	02:29:49.502		0.60481			4
2026.02.10	02:29:55.368		0.60480			4
2026.02.10	02:29:55.670		0.60481			4
2026.02.10	02:30:00.077	0.60479	0.60480			6
2026.02.10	02:30:01.003		0.60481			4
2026.02.10	02:30:01.435		0.60480			4
2026.02.10	02:30:03.941	0.60478				2
2026.02.10	02:30:05.200	0.60479				2
2026.02.10	02:30:11.140	0.60478				2
2026.02.10	02:30:18.686		0.60479			4
2026.02.10	02:30:18.995	0.60479	0.60480			6
2026.02.10	02:30:26.177	0.60478				2
2026.02.10	02:30:29.436	0.60479				2
2026.02.10	02:30:30.386	0.60478				2
2026.02.10	02:30:30.738	0.60479				2
2026.02.10	02:30:31.041	0.60478				2
2026.02.10	02:30:40.523		0.60479			4
2026.02.10	02:30:41.475	0.60477				2
2026.02.10	02:30:42.129	0.60478	0.60480			6
2026.02.10	02:30:54.014	0.60479				2
2026.02.10	02:30:55.886	0.60478				2
2026.02.10	02:30:56.519	0.60479				2
2026.02.10	02:30:57.470	0.60478				2
2026.02.10	02:31:00.124	0.60478				2
2026.02.10	02:31:01.080	0.60479				2
2026.02.10	02:31:06.701	0.60478				2
2026.02.10	02:31:19.952	0.60479				2
2026.02.10	02:31:25.944	0.60478				2
2026.02.10	02:31:26.978		0.60479			4
2026.02.10	02:31:27.280		0.60480			4
2026.02.10	02:31:30.494	0.60474	0.60475			6
2026.02.10	02:31:33.599	0.60473				2
2026.02.10	02:31:35.349	0.60474				2
2026.02.10	02:31:36.952	0.60473				2
2026.02.10	02:31:37.952	0.60469	0.60471			6
2026.02.10	02:31:38.258	0.60468	0.60470			6
2026.02.10	02:31:39.865	0.60467	0.60469			6
2026.02.10	02:31:40.517	0.60470	0.60472			6
2026.02.10	02:31:40.821	0.60469	0.60471			6
2026.02.10	02:31:41.169	0.60468	0.60470			6
2026.02.10	02:31:42.477	0.60472	0.60474			6
2026.02.10	02:31:44.432	0.60471	0.60473			6
2026.02.10	02:31:44.779	0.60472	0.60474			6
2026.02.10	02:31:45.737	0.60470	0.60472			6
2026.02.10	02:31:53.062	0.60471	0.60473			6
2026.02.10	02:31:54.066	0.60472	0.60474			6
2026.02.10	02:32:00.239	0.60472				2
2026.02.10	02:32:23.274	0.60471	0.60473			6
2026.02.10	02:32:24.574	0.60472	0.60474			6
2026.02.10	02:32:24.879	0.60471	0.60473			6
2026.02.10	02:32:27.184	0.60472	0.60474			6
2026.02.10	02:32:27.489	0.60471	0.60473			6
2026.02.10	02:32:28.187	0.60472	0.60474			6
2026.02.10	02:32:28.538	0.60473	0.60475			6
2026.02.10	02:32:28.841	0.60471	0.60473			6
2026.02.10	02:32:34.811	0.60472	0.60474			6
2026.02.10	02:32:56.128	0.60469	0.60471			6
2026.02.10	02:32:56.478		0.60470			4
2026.02.10	02:32:57.402		0.60471			4
2026.02.10	02:33:00.090	0.60469				2
2026.02.10	02:33:09.878	0.60468	0.60470			6
2026.02.10	02:33:33.043		0.60469			4
2026.02.10	02:33:36.812		0.60470			4
2026.02.10	02:33:37.154	0.60465	0.60466			6
2026.02.10	02:33:37.463	0.60463	0.60465			6
2026.02.10	02:33:38.768	0.60462	0.60464			6
2026.02.10	02:34:00.095	0.60463	0.60465			6
2026.02.10	02:34:19.989	0.60462	0.60464			6
2026.02.10	02:34:24.923		0.60463			4
2026.02.10	02:34:25.228	0.60457	0.60459			6
2026.02.10	02:34:25.530	0.60455	0.60457			6
2026.02.10	02:34:25.839	0.60454	0.60456			6
2026.02.10	02:34:36.102		0.60457			4
2026.02.10	02:34:37.039	0.60456	0.60458			6
2026.02.10	02:34:38.662	0.60455				2
2026.02.10	02:34:46.957		0.60457			4
2026.02.10	02:34:58.424	0.60456				2
2026.02.10	02:34:59.031	0.60457	0.60459			6
2026.02.10	02:35:00.281	0.60457				2
2026.02.10	02:35:04.647	0.60458				2
2026.02.10	02:35:05.571	0.60459	0.60461			6
2026.02.10	02:35:05.879		0.60460			4
2026.02.10	02:35:10.616	0.60458				2
2026.02.10	02:35:19.369	0.60457	0.60459			6
2026.02.10	02:35:22.786	0.60458	0.60460			6
2026.02.10	02:35:23.424	0.60456	0.60458			6
2026.02.10	02:35:24.070	0.60454	0.60456			6
2026.02.10	02:35:25.365	0.60453				2
2026.02.10	02:35:27.490	0.60452	0.60455			6
2026.02.10	02:35:29.242	0.60453				2
2026.02.10	02:35:29.543	0.60452	0.60454			6
2026.02.10	02:35:30.543	0.60453	0.60455			6
2026.02.10	02:35:31.147	0.60452	0.60454			6
2026.02.10	02:35:31.801	0.60451				2
2026.02.10	02:35:34.104	0.60452	0.60455			6
2026.02.10	02:35:35.060	0.60451	0.60454			6
2026.02.10	02:35:48.416	0.60452				2
2026.02.10	02:35:51.876	0.60453				2
2026.02.10	02:35:54.056	0.60452				2
2026.02.10	02:36:00.006	0.60452				2
2026.02.10	02:36:01.600	0.60448	0.60450			6
2026.02.10	02:36:02.828	0.60449	0.60451			6
2026.02.10	02:36:03.135	0.60448				2
2026.02.10	02:36:10.669	0.60452	0.60455			6
2026.02.10	02:36:10.986	0.60450	0.60453			6
2026.02.10	02:36:17.967		0.60451			4
2026.02.10	02:36:18.270	0.60448				2
2026.02.10	02:36:35.426	0.60449				2
2026.02.10	02:36:41.717	0.60452	0.60454			6
2026.02.10	02:36:43.303	0.60451				2
2026.02.10	02:36:48.013	0.60449	0.60452			6
2026.02.10	02:36:48.321		0.60451			4
2026.02.10	02:36:49.242		0.60452			4
2026.02.10	02:36:49.877	0.60448	0.60451			6
2026.02.10	02:36:52.185	0.60449				2
2026.02.10	02:36:56.797		0.60452			4
2026.02.10	02:36:57.099	0.60448	0.60451			6
2026.02.10	02:37:00.056	0.60448				2
2026.02.10	02:37:01.364	0.60449				2
2026.02.10	02:37:03.586	0.60448	0.60450			6
2026.02.10	02:37:08.954	0.60449	0.60451			6
2026.02.10	02:37:23.520	0.60448	0.60450			6
2026.02.10	02:37:28.306	0.60447	0.60449			6
2026.02.10	02:37:33.353	0.60448	0.60450			6
2026.02.10	02:37:34.294	0.60444	0.60446			6
2026.02.10	02:37:35.228	0.60443				2
2026.02.10	02:37:43.317	0.60442	0.60445			6
2026.02.10	02:37:43.637	0.60443				2
2026.02.10	02:37:44.605	0.60444	0.60446			6
2026.02.10	02:37:45.845		0.60445			4
2026.02.10	02:37:46.468		0.60446			4
2026.02.10	02:38:00.321	0.60444				2
2026.02.10	02:38:06.619	0.60445	0.60447			6
2026.02.10	02:38:07.568	0.60444	0.60446			6
2026.02.10	02:38:09.748	0.60445	0.60447			6
2026.02.10	02:38:13.212	0.60444	0.60446			6
2026.02.10	02:38:22.462	0.60443	0.60445			6
2026.02.10	02:38:35.857	0.60444	0.60446			6
2026.02.10	02:38:39.467	0.60443	0.60445			6
2026.02.10	02:38:46.297	0.60444				2
2026.02.10	02:38:46.616	0.60443				2
2026.02.10	02:38:47.297		0.60444			4
2026.02.10	02:38:47.601	0.60442				2
2026.02.10	02:38:48.552	0.60443				2
2026.02.10	02:38:48.875		0.60445			4
2026.02.10	02:38:52.813	0.60444				2
2026.02.10	02:38:58.507	0.60443				2
2026.02.10	02:39:00.093	0.60443				2
2026.02.10	02:39:02.495	0.60444	0.60446			6
2026.02.10	02:39:05.055	0.60445				2
2026.02.10	02:39:06.918	0.60444				2
2026.02.10	02:39:07.873	0.60445	0.60447			6
2026.02.10	02:39:09.530		0.60446			4
2026.02.10	02:39:10.181	0.60444				2
2026.02.10	02:39:15.688	0.60445				2
2026.02.10	02:39:16.000	0.60444				2
2026.02.10	02:39:16.301		0.60445			4
2026.02.10	02:39:17.556	0.60443				2
2026.02.10	02:39:18.255	0.60444				2
2026.02.10	02:39:18.573	0.60443				2
2026.02.10	02:39:19.254	0.60444				2
2026.02.10	02:39:22.068	0.60443				2
2026.02.10	02:39:22.722	0.60444				2
2026.02.10	02:39:23.947		0.60446			4
2026.02.10	02:39:24.278		0.60445			4
2026.02.10	02:39:24.900		0.60446			4
2026.02.10	02:39:29.145		0.60445			4
2026.02.10	02:39:31.278		0.60446			4
2026.02.10	02:39:34.866	0.60445	0.60447			6
2026.02.10	02:39:35.216	0.60444	0.60446			6
2026.02.10	02:39:41.181	0.60445				2
2026.02.10	02:39:47.475	0.60442	0.60444			6
2026.02.10	02:39:47.805	0.60443				2
2026.02.10	02:39:48.452	0.60442				2
