<DATE>	<TIME>	<BID>	<ASK>	<LAST>	<VOLUME>	<FLAGS>
2026.03.13	00:03:30.581	0.58530	0.58557			6
2026.03.13	00:04:00.115	0.58530				2
2026.03.13	00:04:30.798		0.58557			4
2026.03.13	00:05:00.025	0.58530				2
2026.03.13	00:05:00.625	0.58541	0.58585			6
2026.03.13	00:05:00.926	0.58545				2
2026.03.13	00:05:01.226	0.58542				2
2026.03.13	00:05:02.434	0.58547				2
2026.03.13	00:05:12.363	0.58549				2
2026.03.13	00:05:19.282	0.58551	0.58586			6
2026.03.13	00:05:38.243	0.58548	0.58587			6
2026.03.13	00:05:39.742	0.58551				2
2026.03.13	00:05:40.042		0.58588			4
2026.03.13	00:05:47.282	0.58556				2
2026.03.13	00:06:00.024	0.58556				2
2026.03.13	00:06:00.323		0.58585			4
2026.03.13	00:06:05.545	0.58555				2
2026.03.13	00:06:11.617	0.58539	0.58561			6
2026.03.13	00:07:00.063	0.58539				2
2026.03.13	00:07:01.267	0.58540	0.58567			6
2026.03.13	00:07:11.521	0.58541	0.58568			6
2026.03.13	00:07:14.241	0.58540	0.58567			6
2026.03.13	00:07:34.727	0.58545	0.58572			6
2026.03.13	00:07:37.744	0.58537	0.58564			6
2026.03.13	00:07:44.061	0.58539	0.58566			6
2026.03.13	00:08:00.021	0.58539				2
2026.03.13	00:08:12.360	0.58537	0.58564			6
2026.03.13	00:08:37.355	0.58529	0.58551			6
2026.03.13	00:08:40.961		0.58552			4
2026.03.13	00:08:44.270		0.58551			4
2026.03.13	00:08:44.872	0.58522	0.58542			6
2026.03.13	00:08:46.375		0.58541			4
2026.03.13	00:08:46.676		0.58543			4
2026.03.13	00:09:00.235	0.58522				2
2026.03.13	00:09:46.902		0.58544			4
2026.03.13	00:09:55.941	0.58511				2
2026.03.13	00:09:56.242		0.58545			4
2026.03.13	00:10:00.153	0.58511				2
2026.03.13	00:10:56.436		0.58545			4
2026.03.13	00:11:00.042	0.58511				2
2026.03.13	00:11:56.622		0.58545			4
2026.03.13	00:12:00.237	0.58511				2
2026.03.13	00:12:06.259	0.58510	0.58544			6
2026.03.13	00:12:07.462	0.58511	0.58545			6
2026.03.13	00:12:08.061	0.58510	0.58544			6
2026.03.13	00:12:09.866	0.58511	0.58545			6
2026.03.13	00:12:16.776	0.58510	0.58544			6
2026.03.13	00:12:33.038	0.58509	0.58543			6
2026.03.13	00:12:49.281	0.58510	0.58542			6
2026.03.13	00:13:00.102	0.58510				2
2026.03.13	00:13:49.441		0.58542			4
2026.03.13	00:14:00.262	0.58510				2
2026.03.13	00:14:49.600		0.58542			4
2026.03.13	00:15:00.140	0.58510				2
2026.03.13	00:15:04.054	0.58511	0.58543			6
2026.03.13	00:15:20.297	0.58512				2
2026.03.13	00:15:20.900	0.58511				2
2026.03.13	00:15:21.199	0.58512				2
2026.03.13	00:15:21.801	0.58511				2
2026.03.13	00:15:22.704	0.58512				2
2026.03.13	00:15:24.217	0.58511				2
2026.03.13	00:15:29.630	0.58512	0.58544			6
2026.03.13	00:15:30.532	0.58511	0.58543			6
2026.03.13	00:15:30.832	0.58512	0.58544			6
2026.03.13	00:15:31.732	0.58511	0.58543			6
2026.03.13	00:16:00.029	0.58511				2
2026.03.13	00:16:06.349	0.58508	0.58540			6
2026.03.13	00:16:08.458	0.58511	0.58543			6
2026.03.13	00:16:17.182	0.58506	0.58532			6
2026.03.13	00:16:17.483	0.58502	0.58530			6
2026.03.13	00:16:26.212	0.58501				2
2026.03.13	00:17:00.195	0.58501				2
2026.03.13	00:17:06.214	0.58502				2
2026.03.13	00:17:06.814	0.58501				2
2026.03.13	00:17:07.719	0.58502				2
2026.03.13	00:17:08.324	0.58501				2
2026.03.13	00:17:17.651		0.58530			4
2026.03.13	00:18:00.081	0.58501				2
2026.03.13	00:18:17.849		0.58530			4
2026.03.13	00:18:32.583	0.58511				2
2026.03.13	00:18:32.884	0.58501				2
2026.03.13	00:18:33.485	0.58511				2
2026.03.13	00:18:33.785	0.58501				2
2026.03.13	00:18:34.085	0.58511				2
2026.03.13	00:18:34.385	0.58501				2
2026.03.13	00:18:34.685	0.58511				2
2026.03.13	00:18:34.985	0.58501				2
2026.03.13	00:18:35.293	0.58511				2
2026.03.13	00:18:35.595	0.58501				2
2026.03.13	00:18:35.894	0.58511				2
2026.03.13	00:18:36.495	0.58501				2
2026.03.13	00:19:00.281	0.58501				2
2026.03.13	00:19:18.054		0.58530			4
2026.03.13	00:19:43.630		0.58529			4
2026.03.13	00:20:00.178	0.58501				2
2026.03.13	00:20:00.479		0.58532			4
2026.03.13	00:20:07.745	0.58502				2
2026.03.13	00:20:08.349	0.58501				2
2026.03.13	00:20:10.466	0.58502				2
2026.03.13	00:20:10.768	0.58501				2
2026.03.13	00:21:00.023	0.58501				2
2026.03.13	00:21:04.654		0.58532			4
2026.03.13	00:22:00.024	0.58501				2
2026.03.13	00:22:04.907		0.58532			4
2026.03.13	00:23:03.106	0.58501				2
2026.03.13	00:23:06.788		0.58532			4
2026.03.13	00:23:21.635	0.58498				2
2026.03.13	00:23:27.359	0.58492	0.58528			6
2026.03.13	00:23:39.167		0.58526			4
2026.03.13	00:23:50.218	0.58491				2
2026.03.13	00:23:52.566	0.58492				2
2026.03.13	00:24:00.024	0.58492				2
2026.03.13	00:24:17.996	0.58493				2
2026.03.13	00:24:21.707	0.58492				2
2026.03.13	00:24:22.611	0.58496				2
2026.03.13	00:24:22.923	0.58492				2
2026.03.13	00:24:23.359	0.58496				2
2026.03.13	00:24:23.959	0.58492				2
2026.03.13	00:24:24.359	0.58496				2
2026.03.13	00:24:24.960	0.58492				2
2026.03.13	00:24:25.359	0.58496				2
2026.03.13	00:24:25.859	0.58492				2
2026.03.13	00:24:26.159		0.58525			4
2026.03.13	00:24:27.412	0.58491				2
2026.03.13	00:24:31.611	0.58490				2
2026.03.13	00:24:32.350	0.58491				2
2026.03.13	00:24:32.952	0.58490				2
2026.03.13	00:25:00.107	0.58490				2
2026.03.13	00:25:03.454	0.58488				2
2026.03.13	00:25:16.101		0.58524			4
2026.03.13	00:25:22.116	0.58487				2
2026.03.13	00:25:25.730	0.58488				2
2026.03.13	00:25:27.839	0.58487				2
2026.03.13	00:25:29.154	0.58489				2
2026.03.13	00:25:30.157	0.58491				2
2026.03.13	00:25:30.511	0.58490				2
2026.03.13	00:25:33.273	0.58491				2
2026.03.13	00:25:36.366	0.58490				2
2026.03.13	00:25:44.706	0.58491				2
2026.03.13	00:25:45.012		0.58521			4
2026.03.13	00:25:46.817	0.58488	0.58519			6
2026.03.13	00:25:47.717	0.58486				2
2026.03.13	00:25:50.801		0.58517			4
2026.03.13	00:25:53.454	0.58485				2
2026.03.13	00:25:58.249	0.58487	0.58519			6
2026.03.13	00:26:02.707	0.58487				2
2026.03.13	00:26:06.682	0.58488				2
2026.03.13	00:26:11.598		0.58520			4
2026.03.13	00:26:11.900		0.58521			4
2026.03.13	00:26:15.603		0.58522			4
2026.03.13	00:26:55.156		0.58521			4
2026.03.13	00:26:55.456	0.58490	0.58526			6
2026.03.13	00:27:01.810	0.58491				2
2026.03.13	00:27:24.903		0.58524			4
2026.03.13	00:27:26.228		0.58525			4
2026.03.13	00:27:36.238		0.58527			4
2026.03.13	00:27:55.380	0.58490				2
2026.03.13	00:27:57.858		0.58528			4
2026.03.13	00:27:58.159	0.58491	0.58529			6
2026.03.13	00:28:06.106	0.58491				2
2026.03.13	00:28:27.888		0.58527			4
2026.03.13	00:28:28.189		0.58526			4
2026.03.13	00:28:40.768		0.58528			4
2026.03.13	00:29:00.717	0.58491				2
2026.03.13	00:29:06.510		0.58526			4
2026.03.13	00:29:06.814		0.58525			4
2026.03.13	00:29:35.228		0.58526			4
2026.03.13	00:29:35.946		0.58525			4
2026.03.13	00:30:00.284	0.58486	0.58523			6
2026.03.13	00:30:13.830		0.58524			4
2026.03.13	00:30:16.838		0.58525			4
2026.03.13	00:30:17.139	0.58492	0.58537			6
2026.03.13	00:30:18.040	0.58494				2
2026.03.13	00:30:18.643	0.58493	0.58552			6
2026.03.13	00:30:19.838	0.58496				2
2026.03.13	00:30:20.139	0.58498				2
2026.03.13	00:30:21.940	0.58499				2
2026.03.13	00:30:22.240	0.58500				2
2026.03.13	00:30:22.841	0.58501				2
2026.03.13	00:30:23.142	0.58500				2
2026.03.13	00:30:23.445	0.58501				2
2026.03.13	00:30:24.950	0.58500	0.58550			6
2026.03.13	00:30:25.554	0.58501				2
2026.03.13	00:30:27.057	0.58500				2
2026.03.13	00:30:27.358	0.58501				2
2026.03.13	00:30:29.159	0.58502	0.58551			6
2026.03.13	00:30:29.761	0.58501	0.58552			6
2026.03.13	00:30:30.061		0.58550			4
2026.03.13	00:30:30.361	0.58500	0.58552			6
2026.03.13	00:30:32.462	0.58501				2
2026.03.13	00:30:35.168		0.58550			4
2026.03.13	00:30:39.683	0.58502				2
2026.03.13	00:30:40.285	0.58504				2
2026.03.13	00:30:40.591	0.58508				2
2026.03.13	00:30:40.893	0.58504				2
2026.03.13	00:30:42.406	0.58509				2
2026.03.13	00:30:42.705	0.58508				2
2026.03.13	00:30:43.006	0.58509				2
2026.03.13	00:30:43.311	0.58508				2
2026.03.13	00:30:43.611	0.58509				2
2026.03.13	00:30:43.912	0.58512	0.58546			6
2026.03.13	00:30:45.919	0.58515	0.58550			6
2026.03.13	00:30:46.220	0.58512	0.58551			6
2026.03.13	00:30:47.724	0.58510				2
2026.03.13	00:30:52.236	0.58512	0.58549			6
2026.03.13	00:30:52.536		0.58548			4
2026.03.13	00:31:00.055	0.58512				2
2026.03.13	00:31:01.557	0.58514	0.58547			6
2026.03.13	00:31:01.859	0.58510				2
2026.03.13	00:31:13.284	0.58513	0.58542			6
2026.03.13	00:31:23.635	0.58511	0.58535			6
2026.03.13	00:31:24.650	0.58510				2
2026.03.13	00:31:25.250	0.58512				2
2026.03.13	00:31:34.651	0.58511				2
2026.03.13	00:31:34.951	0.58507	0.58531			6
2026.03.13	00:31:39.652	0.58510				2
2026.03.13	00:31:39.953		0.58533			4
2026.03.13	00:31:45.641	0.58511				2
2026.03.13	00:31:49.725	0.58512				2
2026.03.13	00:31:50.026	0.58508				2
2026.03.13	00:31:53.158	0.58511				2
2026.03.13	00:31:53.458	0.58510				2
2026.03.13	00:32:00.024	0.58510	0.58532			6
2026.03.13	00:32:03.182	0.58512				2
2026.03.13	00:32:03.483	0.58511				2
2026.03.13	00:32:04.732	0.58509				2
2026.03.13	00:32:05.033	0.58507				2
2026.03.13	00:32:05.842	0.58511				2
2026.03.13	00:32:07.122	0.58512				2
2026.03.13	00:32:09.711	0.58510				2
2026.03.13	00:32:10.947	0.58511				2
2026.03.13	00:32:14.853		0.58536			4
2026.03.13	00:32:19.944	0.58512				2
2026.03.13	00:32:20.246	0.58511	0.58537			6
2026.03.13	00:32:24.951		0.58533			4
2026.03.13	00:32:25.252	0.58510	0.58534			6
2026.03.13	00:32:26.678	0.58515				2
2026.03.13	00:32:27.178	0.58511				2
2026.03.13	00:32:34.650	0.58510				2
2026.03.13	00:32:34.952	0.58509	0.58532			6
2026.03.13	00:32:37.581	0.58508				2
2026.03.13	00:32:39.650		0.58531			4
2026.03.13	00:32:39.951	0.58509	0.58533			6
2026.03.13	00:32:48.546	0.58507				2
2026.03.13	00:32:49.546	0.58509				2
2026.03.13	00:32:49.847		0.58534			4
2026.03.13	00:32:50.147	0.58507				2
2026.03.13	00:32:50.546	0.58508				2
2026.03.13	00:32:51.546	0.58507				2
2026.03.13	00:32:52.046	0.58508				2
2026.03.13	00:32:54.080	0.58509				2
2026.03.13	00:32:54.927	0.58510	0.58538			6
2026.03.13	00:33:01.074	0.58510				2
2026.03.13	00:33:04.954	0.58508	0.58537			6
2026.03.13	00:33:06.456	0.58509				2
2026.03.13	00:33:09.657	0.58510				2
2026.03.13	00:33:09.959		0.58538			4
2026.03.13	00:33:14.961		0.58537			4
2026.03.13	00:33:17.391	0.58496	0.58528			6
2026.03.13	00:33:22.065	0.58494	0.58526			6
2026.03.13	00:33:22.365	0.58495				2
2026.03.13	00:33:26.209	0.58492	0.58522			6
2026.03.13	00:33:28.572	0.58487				2
2026.03.13	00:33:29.827		0.58521			4
2026.03.13	00:33:34.259	0.58488				2
2026.03.13	00:33:34.561	0.58493				2
2026.03.13	00:33:36.016		0.58519			4
2026.03.13	00:33:36.315	0.58489				2
2026.03.13	00:33:36.617	0.58488				2
2026.03.13	00:33:39.111	0.58491	0.58518			6
2026.03.13	00:33:39.411	0.58490				2
2026.03.13	00:33:44.654	0.58491				2
2026.03.13	00:33:44.953		0.58517			4
2026.03.13	00:33:45.254	0.58492				2
2026.03.13	00:33:54.718		0.58518			4
2026.03.13	00:34:04.432	0.58492				2
2026.03.13	00:34:04.766	0.58491				2
2026.03.13	00:34:05.068	0.58490	0.58517			6
2026.03.13	00:34:30.066	0.58491				2
2026.03.13	00:34:30.368		0.58519			4
2026.03.13	00:34:35.559	0.58489	0.58517			6
2026.03.13	00:34:37.734	0.58488				2
2026.03.13	00:34:38.036	0.58489				2
2026.03.13	00:34:45.330	0.58490				2
2026.03.13	00:34:46.570	0.58484				2
2026.03.13	00:34:46.873	0.58490				2
2026.03.13	00:34:47.173	0.58500				2
2026.03.13	00:34:47.473	0.58490				2
2026.03.13	00:34:47.773	0.58500				2
2026.03.13	00:34:48.073	0.58490				2
2026.03.13	00:34:48.374	0.58500				2
2026.03.13	00:34:48.675	0.58490				2
2026.03.13	00:34:48.975	0.58500				2
2026.03.13	00:34:49.276	0.58490				2
2026.03.13	00:34:49.578	0.58500				2
2026.03.13	00:34:49.878	0.58490				2
2026.03.13	00:34:50.178	0.58500				2
2026.03.13	00:34:50.479	0.58490				2
2026.03.13	00:35:01.834	0.58489				2
2026.03.13	00:35:02.135		0.58516			4
2026.03.13	00:35:04.653	0.58490				2
2026.03.13	00:35:12.103		0.58518			4
2026.03.13	00:35:32.258	0.58489	0.58517			6
2026.03.13	00:35:34.954	0.58490	0.58518			6
2026.03.13	00:35:42.249	0.58489				2
2026.03.13	00:35:56.588	0.58488				2
2026.03.13	00:35:56.889	0.58489				2
2026.03.13	00:36:00.024	0.58489				2
2026.03.13	00:36:04.655	0.58488				2
2026.03.13	00:36:04.956	0.58489				2
2026.03.13	00:36:05.651	0.58488				2
2026.03.13	00:36:06.104	0.58489				2
2026.03.13	00:36:09.828		0.58519			4
2026.03.13	00:36:13.279		0.58518			4
2026.03.13	00:36:14.827		0.58519			4
2026.03.13	00:36:15.430	0.58487				2
2026.03.13	00:36:30.314	0.58488				2
2026.03.13	00:36:30.614	0.58489				2
2026.03.13	00:36:56.864	0.58488				2
2026.03.13	00:37:00.049	0.58488	0.58520			6
2026.03.13	00:37:26.835	0.58489				2
2026.03.13	00:37:31.826	0.58484	0.58518			6
2026.03.13	00:37:32.130	0.58485				2
2026.03.13	00:37:36.023	0.58486				2
2026.03.13	00:37:36.326	0.58485	0.58519			6
2026.03.13	00:37:42.706	0.58486	0.58515			6
2026.03.13	00:37:46.565	0.58485				2
2026.03.13	00:37:47.469	0.58486	0.58516			6
2026.03.13	00:37:52.955	0.58485				2
2026.03.13	00:38:02.261	0.58485				2
2026.03.13	00:38:02.561		0.58514			4
2026.03.13	00:38:02.862	0.58484				2
2026.03.13	00:38:18.509	0.58485				2
2026.03.13	00:38:38.156	0.58483	0.58513			6
2026.03.13	00:38:39.997	0.58482				2
2026.03.13	00:38:40.698	0.58483				2
2026.03.13	00:38:42.114	0.58484				2
2026.03.13	00:38:42.415	0.58483				2
2026.03.13	00:38:45.282	0.58484				2
2026.03.13	00:38:58.445	0.58483				2
2026.03.13	00:39:02.205	0.58483				2
2026.03.13	00:39:03.417	0.58484				2
2026.03.13	00:39:08.282	0.58483				2
2026.03.13	00:39:08.717	0.58484				2
2026.03.13	00:39:42.098		0.58513			4
2026.03.13	00:40:02.508	0.58484				2
2026.03.13	00:40:07.230	0.58483	0.58516			6
2026.03.13	00:40:07.530	0.58484				2
2026.03.13	00:40:17.483	0.58485				2
2026.03.13	00:40:18.139	0.58484				2
2026.03.13	00:40:18.439	0.58485				2
2026.03.13	00:40:19.650	0.58482				2
2026.03.13	00:40:20.662	0.58484				2
2026.03.13	00:40:21.958		0.58519			4
2026.03.13	00:40:22.257	0.58485				2
2026.03.13	00:40:25.544	0.58486				2
2026.03.13	00:40:25.844	0.58485				2
2026.03.13	00:40:31.916	0.58486				2
2026.03.13	00:40:32.219	0.58485				2
2026.03.13	00:40:44.088		0.58521			4
2026.03.13	00:40:44.692	0.58486				2
2026.03.13	00:40:49.971	0.58485				2
2026.03.13	00:40:54.652	0.58484				2
2026.03.13	00:40:54.953	0.58485				2
2026.03.13	00:40:55.254		0.58523			4
2026.03.13	00:40:55.855	0.58486	0.58522			6
2026.03.13	00:40:56.157	0.58485	0.58523			6
2026.03.13	00:40:58.993	0.58487				2
2026.03.13	00:40:59.292	0.58484	0.58522			6
2026.03.13	00:41:01.384	0.58484				2
2026.03.13	00:41:05.362	0.58485				2
2026.03.13	00:41:08.509	0.58486				2
2026.03.13	00:41:08.813		0.58523			4
2026.03.13	00:41:09.419	0.58487				2
2026.03.13	00:41:12.408	0.58484				2
2026.03.13	00:41:12.709	0.58486				2
2026.03.13	00:41:14.651	0.58482				2
2026.03.13	00:41:14.954	0.58485				2
2026.03.13	00:41:15.255	0.58486				2
2026.03.13	00:41:18.939	0.58485				2
2026.03.13	00:41:21.995	0.58483				2
2026.03.13	00:41:24.703	0.58484				2
2026.03.13	00:41:25.842	0.58485				2
2026.03.13	00:41:26.143	0.58486				2
2026.03.13	00:41:33.669	0.58485				2
2026.03.13	00:41:33.970		0.58524			4
2026.03.13	00:41:44.149	0.58486				2
2026.03.13	00:41:44.451	0.58487				2
2026.03.13	00:41:44.753		0.58522			4
2026.03.13	00:41:45.054	0.58486				2
2026.03.13	00:41:48.697	0.58483				2
2026.03.13	00:41:48.997	0.58486				2
2026.03.13	00:41:58.966	0.58487				2
2026.03.13	00:42:00.023	0.58487				2
2026.03.13	00:42:01.125	0.58489	0.58525			6
2026.03.13	00:42:06.740	0.58490				2
2026.03.13	00:42:29.896	0.58489				2
2026.03.13	00:42:37.192	0.58492	0.58530			6
2026.03.13	00:42:43.801		0.58531			4
2026.03.13	00:42:48.014	0.58491				2
2026.03.13	00:42:51.320	0.58492				2
2026.03.13	00:43:00.054	0.58492				2
2026.03.13	00:43:31.641	0.58499	0.58534			6
2026.03.13	00:43:31.941	0.58495	0.58542			6
2026.03.13	00:43:32.242	0.58494				2
2026.03.13	00:43:32.976	0.58497	0.58544			6
2026.03.13	00:43:33.576		0.58546			4
2026.03.13	00:43:34.177	0.58498				2
2026.03.13	00:43:38.094	0.58499				2
2026.03.13	00:43:38.394	0.58500				2
2026.03.13	00:43:38.695	0.58498	0.58547			6
2026.03.13	00:43:39.465	0.58499				2
2026.03.13	00:43:39.766	0.58498				2
2026.03.13	00:43:44.624	0.58500	0.58549			6
2026.03.13	00:43:44.928	0.58501				2
2026.03.13	00:43:45.831	0.58500				2
2026.03.13	00:43:46.131	0.58502	0.58545			6
2026.03.13	00:43:54.649	0.58503				2
2026.03.13	00:43:54.951		0.58542			4
2026.03.13	00:43:57.577	0.58502				2
2026.03.13	00:43:57.878	0.58503	0.58548			6
2026.03.13	00:43:58.181	0.58501				2
2026.03.13	00:43:58.848	0.58500				2
2026.03.13	00:43:59.750	0.58501	0.58550			6
2026.03.13	00:44:00.054	0.58501	0.58546			6
2026.03.13	00:44:01.825		0.58547			4
2026.03.13	00:44:02.126		0.58548			4
2026.03.13	00:44:02.427	0.58503	0.58545			6
2026.03.13	00:44:02.727	0.58499	0.58544			6
2026.03.13	00:44:03.027	0.58498				2
2026.03.13	00:44:09.344	0.58497				2
2026.03.13	00:44:09.647	0.58496				2
2026.03.13	00:44:10.247	0.58497				2
2026.03.13	00:44:10.550	0.58496				2
2026.03.13	00:44:14.765		0.58542			4
2026.03.13	00:44:15.365	0.58497	0.58541			6
2026.03.13	00:44:15.665	0.58498	0.58539			6
2026.03.13	00:44:21.983	0.58494	0.58543			6
2026.03.13	00:44:22.284	0.58495	0.58539			6
2026.03.13	00:44:23.185	0.58496				2
2026.03.13	00:44:23.791	0.58495	0.58541			6
2026.03.13	00:44:24.091	0.58498				2
2026.03.13	00:44:24.393	0.58497	0.58536			6
2026.03.13	00:44:24.693	0.58496	0.58542			6
2026.03.13	00:44:31.916	0.58497				2
2026.03.13	00:44:32.217	0.58498	0.58540			6
2026.03.13	00:44:33.120		0.58541			4
2026.03.13	00:44:36.131		0.58543			4
2026.03.13	00:44:36.432	0.58500	0.58542			6
2026.03.13	00:44:37.939	0.58501	0.58541			6
2026.03.13	00:44:38.540	0.58500	0.58543			6
2026.03.13	00:44:38.841	0.58499	0.58542			6
2026.03.13	00:44:39.141		0.58538			4
2026.03.13	00:44:39.742	0.58497	0.58544			6
2026.03.13	00:44:40.043	0.58498	0.58542			6
2026.03.13	00:44:40.643	0.58499	0.58540			6
2026.03.13	00:44:44.858	0.58497	0.58544			6
2026.03.13	00:44:45.159		0.58542			4
2026.03.13	00:44:45.459	0.58499	0.58538			6
2026.03.13	00:44:45.758	0.58500				2
2026.03.13	00:44:46.660	0.58499				2
2026.03.13	00:44:46.961	0.58500				2
2026.03.13	00:44:47.865	0.58498	0.58539			6
2026.03.13	00:44:48.165	0.58499	0.58540			6
2026.03.13	00:44:49.068	0.58498				2
2026.03.13	00:44:49.971		0.58541			4
2026.03.13	00:44:51.774		0.58540			4
2026.03.13	00:44:52.074	0.58499	0.58538			6
2026.03.13	00:44:57.795		0.58541			4
2026.03.13	00:45:00.196	0.58501	0.58547			6
2026.03.13	00:45:00.499	0.58499	0.58550			6
2026.03.13	00:45:00.799	0.58500	0.58554			6
2026.03.13	00:45:01.407	0.58499	0.58557			6
2026.03.13	00:45:01.707	0.58500	0.58558			6
2026.03.13	00:45:02.007	0.58502	0.58556			6
2026.03.13	00:45:02.308	0.58500	0.58554			6
2026.03.13	00:45:02.910		0.58555			4
2026.03.13	00:45:03.211		0.58562			4
2026.03.13	00:45:03.815		0.58563			4
2026.03.13	00:45:04.115	0.58501	0.58561			6
2026.03.13	00:45:06.833	0.58503	0.58554			6
2026.03.13	00:45:14.648	0.58502				2
2026.03.13	00:45:14.948	0.58504				2
2026.03.13	00:45:15.249	0.58505				2
2026.03.13	00:45:15.549	0.58504				2
2026.03.13	00:45:19.119		0.58551			4
2026.03.13	00:45:19.419	0.58503	0.58552			6
2026.03.13	00:45:19.719	0.58506	0.58547			6
2026.03.13	00:45:20.321	0.58504	0.58552			6
2026.03.13	00:45:22.119	0.58506				2
2026.03.13	00:45:22.419	0.58505	0.58551			6
2026.03.13	00:45:22.719	0.58503	0.58546			6
2026.03.13	00:45:23.021	0.58504				2
2026.03.13	00:45:24.830	0.58502	0.58549			6
2026.03.13	00:45:25.131	0.58504	0.58551			6
2026.03.13	00:45:29.652	0.58503	0.58550			6
2026.03.13	00:45:29.953	0.58505	0.58547			6
2026.03.13	00:45:30.253	0.58508	0.58548			6
2026.03.13	00:45:30.553	0.58504	0.58551			6
2026.03.13	00:45:31.420		0.58553			4
2026.03.13	00:45:31.725	0.58503				2
2026.03.13	00:45:39.783	0.58507	0.58552			6
2026.03.13	00:45:40.084		0.58553			4
2026.03.13	00:45:40.388	0.58508	0.58551			6
2026.03.13	00:45:43.424	0.58506				2
2026.03.13	00:45:43.726		0.58553			4
2026.03.13	00:45:44.523	0.58508				2
2026.03.13	00:45:44.836		0.58552			4
2026.03.13	00:45:45.137	0.58507	0.58548			6
2026.03.13	00:45:45.437	0.58505	0.58549			6
2026.03.13	00:45:45.737	0.58504	0.58554			6
2026.03.13	00:45:46.037		0.58551			4
2026.03.13	00:45:46.338	0.58505	0.58552			6
2026.03.13	00:45:46.639		0.58550			4
2026.03.13	00:45:46.939	0.58506	0.58547			6
2026.03.13	00:45:47.239	0.58504	0.58548			6
2026.03.13	00:45:47.539		0.58552			4
2026.03.13	00:45:49.482	0.58502				2
2026.03.13	00:45:51.718	0.58506	0.58548			6
2026.03.13	00:46:01.503	0.58504				2
2026.03.13	00:46:01.802	0.58506	0.58554			6
2026.03.13	00:46:02.106	0.58505	0.58552			6
2026.03.13	00:46:02.408	0.58504	0.58554			6
2026.03.13	00:46:04.650	0.58503				2
2026.03.13	00:46:04.950	0.58506	0.58551			6
2026.03.13	00:46:05.254	0.58504	0.58554			6
2026.03.13	00:46:09.490	0.58506				2
2026.03.13	00:46:09.790	0.58507				2
2026.03.13	00:46:10.094	0.58505	0.58556			6
2026.03.13	00:46:10.394	0.58504	0.58550			6
2026.03.13	00:46:10.694	0.58503				2
2026.03.13	00:46:11.803	0.58505				2
2026.03.13	00:46:12.105	0.58506	0.58552			6
2026.03.13	00:46:12.407	0.58505	0.58553			6
2026.03.13	00:46:13.108		0.58552			4
2026.03.13	00:46:13.408	0.58504	0.58554			6
2026.03.13	00:46:14.653	0.58505				2
2026.03.13	00:46:17.262	0.58504				2
2026.03.13	00:46:17.565	0.58505	0.58551			6
2026.03.13	00:46:17.865	0.58504	0.58552			6
2026.03.13	00:46:19.121	0.58506				2
2026.03.13	00:46:19.422	0.58504				2
2026.03.13	00:46:20.830		0.58553			4
2026.03.13	00:46:21.130		0.58552			4
2026.03.13	00:46:31.534	0.58506				2
2026.03.13	00:46:31.834	0.58503	0.58551			6
2026.03.13	00:46:32.134	0.58506				2
2026.03.13	00:46:34.282	0.58508	0.58549			6
2026.03.13	00:46:34.581	0.58505	0.58551			6
2026.03.13	00:46:34.882	0.58507	0.58546			6
2026.03.13	00:46:35.184	0.58504	0.58552			6
2026.03.13	00:46:41.782		0.58551			4
2026.03.13	00:46:42.082	0.58506	0.58554			6
2026.03.13	00:46:42.384		0.58551			4
2026.03.13	00:46:44.650	0.58508				2
2026.03.13	00:46:44.952	0.58509	0.58547			6
2026.03.13	00:46:45.254	0.58508	0.58548			6
2026.03.13	00:46:45.556	0.58507	0.58551			6
2026.03.13	00:46:48.793	0.58508	0.58548			6
2026.03.13	00:46:53.499	0.58506				2
2026.03.13	00:46:53.800		0.58551			4
2026.03.13	00:46:54.101		0.58550			4
2026.03.13	00:46:54.951	0.58507	0.58552			6
2026.03.13	00:46:55.359	0.58506				2
2026.03.13	00:46:55.659		0.58553			4
2026.03.13	00:46:55.959		0.58552			4
2026.03.13	00:46:56.710	0.58505				2
2026.03.13	00:46:57.010	0.58504	0.58550			6
2026.03.13	00:46:59.824		0.58552			4
2026.03.13	00:47:00.125	0.58504				2
2026.03.13	00:47:03.034	0.58501	0.58554			6
2026.03.13	00:47:03.336		0.58558			4
2026.03.13	00:47:04.541	0.58502	0.58559			6
2026.03.13	00:47:06.645	0.58506	0.58550			6
2026.03.13	00:47:06.945	0.58507	0.58547			6
2026.03.13	00:47:07.246	0.58505	0.58551			6
2026.03.13	00:47:09.401	0.58509	0.58552			6
2026.03.13	00:47:11.817	0.58506				2
2026.03.13	00:47:12.120		0.58551			4
2026.03.13	00:47:12.420	0.58507	0.58553			6
2026.03.13	00:47:16.528	0.58504	0.58552			6
2026.03.13	00:47:16.829	0.58505	0.58553			6
2026.03.13	00:47:24.656	0.58504				2
2026.03.13	00:47:24.957	0.58505	0.58551			6
2026.03.13	00:47:25.258		0.58553			4
2026.03.13	00:47:28.125	0.58507				2
2026.03.13	00:47:28.426	0.58508	0.58552			6
2026.03.13	00:47:28.727	0.58507				2
2026.03.13	00:47:32.772	0.58502				2
2026.03.13	00:47:33.072	0.58506	0.58547			6
2026.03.13	00:47:34.651	0.58505				2
2026.03.13	00:47:34.951	0.58503	0.58549			6
2026.03.13	00:47:36.579	0.58510	0.58548			6
2026.03.13	00:47:36.880	0.58505	0.58556			6
2026.03.13	00:47:46.906	0.58507	0.58554			6
2026.03.13	00:47:48.575	0.58506	0.58553			6
2026.03.13	00:47:53.272	0.58505	0.58549			6
2026.03.13	00:47:53.571	0.58506				2
2026.03.13	00:47:53.872	0.58505	0.58550			6
2026.03.13	00:47:54.172	0.58504	0.58552			6
2026.03.13	00:47:54.472		0.58551			4
2026.03.13	00:47:54.772	0.58503	0.58553			6
2026.03.13	00:48:04.649	0.58509	0.58552			6
2026.03.13	00:48:04.956	0.58505	0.58550			6
2026.03.13	00:48:05.260	0.58507	0.58553			6
2026.03.13	00:48:05.558	0.58505	0.58552			6
2026.03.13	00:48:05.861		0.58551			4
2026.03.13	00:48:06.461	0.58510	0.58546			6
2026.03.13	00:48:06.763	0.58503	0.58551			6
2026.03.13	00:48:07.525	0.58504				2
2026.03.13	00:48:08.578	0.58508	0.58544			6
2026.03.13	00:48:08.877	0.58504	0.58548			6
2026.03.13	00:48:09.783	0.58506	0.58547			6
2026.03.13	00:48:10.083	0.58507	0.58544			6
2026.03.13	00:48:20.324	0.58506	0.58552			6
2026.03.13	00:48:21.120	0.58507	0.58550			6
2026.03.13	00:48:21.421	0.58505	0.58544			6
2026.03.13	00:48:21.722		0.58549			4
2026.03.13	00:48:22.024		0.58547			4
2026.03.13	00:48:22.325	0.58504	0.58548			6
2026.03.13	00:48:22.625		0.58549			4
2026.03.13	00:48:22.925	0.58505	0.58550			6
2026.03.13	00:48:24.276	0.58504				2
2026.03.13	00:48:26.607	0.58503	0.58551			6
2026.03.13	00:48:26.908	0.58502	0.58552			6
2026.03.13	00:48:34.955	0.58505	0.58557			6
2026.03.13	00:48:35.258	0.58504				2
2026.03.13	00:48:36.906	0.58507	0.58548			6
2026.03.13	00:48:37.207	0.58506	0.58552			6
2026.03.13	00:48:37.507	0.58504				2
2026.03.13	00:48:39.509	0.58503				2
2026.03.13	00:48:39.817	0.58504	0.58550			6
2026.03.13	00:48:40.118		0.58554			4
2026.03.13	00:48:40.419	0.58505	0.58549			6
2026.03.13	00:48:41.322	0.58503	0.58556			6
2026.03.13	00:48:41.624	0.58504	0.58554			6
2026.03.13	00:48:41.926		0.58556			4
2026.03.13	00:48:43.231	0.58503				2
2026.03.13	00:48:43.534	0.58504				2
2026.03.13	00:48:47.131	0.58505				2
2026.03.13	00:48:47.436	0.58506	0.58552			6
2026.03.13	00:48:47.738	0.58507	0.58550			6
2026.03.13	00:48:48.039	0.58504	0.58557			6
2026.03.13	00:48:48.338	0.58505				2
2026.03.13	00:48:56.130		0.58551			4
2026.03.13	00:48:56.434	0.58506	0.58555			6
2026.03.13	00:48:56.735	0.58504	0.58554			6
2026.03.13	00:49:01.805	0.58504				2
2026.03.13	00:49:04.952	0.58505	0.58558			6
2026.03.13	00:49:05.253	0.58504	0.58551			6
2026.03.13	00:49:05.918	0.58503				2
2026.03.13	00:49:06.217	0.58504	0.58550			6
2026.03.13	00:49:06.609		0.58551			4
2026.03.13	00:49:06.910		0.58550			4
2026.03.13	00:49:07.210	0.58503	0.58552			6
2026.03.13	00:49:07.512	0.58504	0.58550			6
2026.03.13	00:49:07.813	0.58503	0.58553			6
2026.03.13	00:49:08.526	0.58504				2
2026.03.13	00:49:09.180		0.58550			4
2026.03.13	00:49:12.107		0.58551			4
2026.03.13	00:49:12.407	0.58505	0.58552			6
2026.03.13	00:49:14.450	0.58507	0.58553			6
2026.03.13	00:49:14.749		0.58550			4
2026.03.13	00:49:15.050	0.58505	0.58552			6
2026.03.13	00:49:15.652		0.58553			4
2026.03.13	00:49:17.632	0.58504				2
2026.03.13	00:49:17.932	0.58510	0.58545			6
2026.03.13	00:49:19.522		0.58546			4
2026.03.13	00:49:19.824	0.58511	0.58545			6
2026.03.13	00:49:20.954	0.58512	0.58544			6
2026.03.13	00:49:21.254	0.58511	0.58543			6
2026.03.13	00:49:21.555	0.58512	0.58542			6
2026.03.13	00:49:21.855		0.58543			4
2026.03.13	00:49:22.157	0.58510	0.58544			6
2026.03.13	00:49:24.880	0.58509	0.58557			6
2026.03.13	00:49:25.180	0.58508	0.58546			6
2026.03.13	00:49:26.604		0.58543			4
2026.03.13	00:49:26.905	0.58504	0.58556			6
2026.03.13	00:49:27.205	0.58509				2
2026.03.13	00:49:27.505	0.58510				2
2026.03.13	00:49:31.815	0.58509				2
2026.03.13	00:49:32.756	0.58494	0.58530			6
2026.03.13	00:49:33.057		0.58535			4
2026.03.13	00:49:33.890	0.58495	0.58528			6
2026.03.13	00:49:34.191	0.58496	0.58534			6
2026.03.13	00:49:34.655		0.58535			4
2026.03.13	00:49:42.284	0.58495				2
2026.03.13	00:49:43.683	0.58496				2
2026.03.13	00:49:43.983		0.58533			4
2026.03.13	00:49:45.450		0.58535			4
2026.03.13	00:49:47.807		0.58534			4
2026.03.13	00:49:48.594		0.58535			4
2026.03.13	00:49:50.496	0.58495				2
2026.03.13	00:49:50.796	0.58494				2
2026.03.13	00:49:54.891	0.58505	0.58529			6
2026.03.13	00:49:55.191	0.58494				2
2026.03.13	00:49:55.492	0.58505				2
2026.03.13	00:49:55.795	0.58494				2
2026.03.13	00:49:56.096	0.58505				2
2026.03.13	00:49:56.397	0.58494				2
2026.03.13	00:49:56.697	0.58505				2
2026.03.13	00:49:56.997	0.58494				2
2026.03.13	00:49:57.313	0.58505				2
2026.03.13	00:49:57.625	0.58494				2
2026.03.13	00:49:57.954	0.58505				2
2026.03.13	00:49:58.301	0.58494				2
2026.03.13	00:50:00.024	0.58494				2
2026.03.13	00:50:04.008	0.58493				2
2026.03.13	00:50:05.276	0.58494				2
2026.03.13	00:50:06.372		0.58530			4
2026.03.13	00:50:06.973	0.58495	0.58529			6
2026.03.13	00:50:10.982	0.58494	0.58530			6
2026.03.13	00:51:02.186	0.58494				2
2026.03.13	00:51:06.255		0.58531			4
2026.03.13	00:51:08.101		0.58530			4
2026.03.13	00:51:08.823		0.58531			4
2026.03.13	00:51:12.107		0.58530			4
2026.03.13	00:51:14.951		0.58531			4
2026.03.13	00:51:23.807		0.58530			4
2026.03.13	00:51:24.953		0.58531			4
2026.03.13	00:51:30.563	0.58495				2
2026.03.13	00:51:30.863	0.58494	0.58536			6
2026.03.13	00:51:31.163	0.58495	0.58537			6
2026.03.13	00:51:35.378	0.58494				2
2026.03.13	00:51:35.681	0.58495	0.58536			6
2026.03.13	00:51:40.201	0.58494	0.58537			6
2026.03.13	00:51:40.503	0.58495	0.58536			6
2026.03.13	00:51:43.723	0.58496	0.58535			6
2026.03.13	00:51:44.023	0.58494	0.58537			6
2026.03.13	00:51:45.249	0.58493	0.58536			6
2026.03.13	00:51:46.713	0.58492	0.58530			6
2026.03.13	00:51:48.021	0.58493	0.58536			6
2026.03.13	00:51:48.321	0.58495	0.58537			6
2026.03.13	00:51:48.624	0.58493	0.58530			6
2026.03.13	00:51:50.806		0.58529			4
2026.03.13	00:51:51.504	0.58494	0.58530			6
2026.03.13	00:51:51.805		0.58535			4
2026.03.13	00:51:52.112	0.58493	0.58537			6
2026.03.13	00:51:54.517		0.58536			4
2026.03.13	00:51:54.819		0.58529			4
2026.03.13	00:51:56.256		0.58531			4
2026.03.13	00:51:56.557	0.58492	0.58536			6
2026.03.13	00:51:56.857	0.58493				2
2026.03.13	00:51:59.259		0.58531			4
2026.03.13	00:51:59.561		0.58537			4
2026.03.13	00:52:00.161	0.58493				2
2026.03.13	00:52:01.967	0.58491				2
2026.03.13	00:52:02.269	0.58493				2
2026.03.13	00:52:04.972		0.58532			4
2026.03.13	00:52:05.272	0.58492	0.58531			6
2026.03.13	00:52:05.657	0.58491				2
2026.03.13	00:52:05.984	0.58492				2
2026.03.13	00:52:06.283		0.58530			4
2026.03.13	00:52:06.583	0.58491	0.58532			6
2026.03.13	00:52:06.884		0.58537			4
2026.03.13	00:52:07.184	0.58493				2
2026.03.13	00:52:09.891	0.58494				2
2026.03.13	00:52:11.698	0.58492				2
2026.03.13	00:52:11.998	0.58494				2
2026.03.13	00:52:33.361	0.58493				2
2026.03.13	00:52:34.263	0.58494	0.58534			6
2026.03.13	00:52:34.563	0.58492	0.58535			6
2026.03.13	00:52:35.468	0.58491	0.58532			6
2026.03.13	00:52:36.971	0.58492				2
2026.03.13	00:52:37.271		0.58530			4
2026.03.13	00:52:37.671		0.58531			4
2026.03.13	00:52:37.971	0.58491	0.58533			6
2026.03.13	00:52:40.551	0.58492				2
2026.03.13	00:52:40.851	0.58491	0.58532			6
2026.03.13	00:52:41.152	0.58492	0.58530			6
2026.03.13	00:52:42.052		0.58531			4
2026.03.13	00:52:42.798	0.58491				2
2026.03.13	00:52:43.101	0.58492	0.58535			6
2026.03.13	00:52:43.400		0.58533			4
2026.03.13	00:52:44.304		0.58534			4
2026.03.13	00:52:44.908		0.58535			4
2026.03.13	00:52:45.511		0.58536			4
2026.03.13	00:52:45.811		0.58535			4
2026.03.13	00:52:46.412		0.58536			4
2026.03.13	00:52:51.825	0.58494				2
2026.03.13	00:52:53.183	0.58492				2
2026.03.13	00:52:53.484		0.58535			4
2026.03.13	00:52:54.389		0.58534			4
2026.03.13	00:53:00.101	0.58492				2
2026.03.13	00:53:04.029		0.58536			4
2026.03.13	00:53:04.331		0.58537			4
2026.03.13	00:53:22.088		0.58536			4
2026.03.13	00:53:32.631	0.58491	0.58534			6
2026.03.13	00:53:46.809	0.58492	0.58535			6
2026.03.13	00:53:47.109	0.58491	0.58534			6
2026.03.13	00:53:51.407		0.58533			4
2026.03.13	00:53:53.526	0.58492	0.58534			6
2026.03.13	00:54:00.142	0.58492				2
2026.03.13	00:54:08.262		0.58535			4
2026.03.13	00:54:12.177	0.58494	0.58537			6
2026.03.13	00:54:13.077	0.58491	0.58533			6
2026.03.13	00:54:13.977	0.58494	0.58537			6
2026.03.13	00:54:15.180	0.58491	0.58533			6
2026.03.13	00:54:20.294	0.58493	0.58537			6
2026.03.13	00:54:22.096	0.58494				2
2026.03.13	00:54:23.297	0.58492	0.58534			6
2026.03.13	00:54:24.197	0.58494	0.58537			6
2026.03.13	00:54:26.301	0.58492	0.58534			6
2026.03.13	00:54:27.806		0.58535			4
2026.03.13	00:54:32.017		0.58537			4
2026.03.13	00:54:32.317	0.58494				2
2026.03.13	00:54:41.637	0.58492	0.58534			6
2026.03.13	00:54:43.437	0.58491				2
2026.03.13	00:54:44.337	0.58494	0.58536			6
2026.03.13	00:54:44.637	0.58493				2
2026.03.13	00:54:45.238	0.58494	0.58537			6
2026.03.13	00:54:46.741	0.58495	0.58534			6
2026.03.13	00:54:47.342	0.58496				2
2026.03.13	00:54:49.750	0.58495				2
2026.03.13	00:54:56.062	0.58494				2
2026.03.13	00:54:56.962	0.58495				2
2026.03.13	00:54:57.263	0.58496	0.58533			6
2026.03.13	00:54:57.863	0.58491	0.58537			6
2026.03.13	00:55:00.267	0.58491				2
2026.03.13	00:55:00.568	0.58492				2
2026.03.13	00:55:00.870	0.58490	0.58530			6
2026.03.13	00:55:01.253	0.58491				2
2026.03.13	00:55:01.553	0.58490				2
2026.03.13	00:55:03.107	0.58491				2
2026.03.13	00:55:08.628	0.58490				2
2026.03.13	00:55:09.319	0.58486	0.58537			6
2026.03.13	00:55:09.624	0.58491	0.58529			6
2026.03.13	00:55:15.008		0.58531			4
2026.03.13	00:55:15.299		0.58530			4
2026.03.13	00:55:17.702		0.58537			4
2026.03.13	00:55:28.246		0.58530			4
2026.03.13	00:55:28.846	0.58490	0.58531			6
2026.03.13	00:55:29.447	0.58492	0.58537			6
2026.03.13	00:55:29.748	0.58491				2
2026.03.13	00:55:58.043	0.58493				2
2026.03.13	00:56:00.147	0.58493				2
2026.03.13	00:56:29.644		0.58537			4
2026.03.13	00:56:43.172	0.58495				2
2026.03.13	00:56:44.076	0.58493				2
2026.03.13	00:56:44.678	0.58495				2
2026.03.13	00:56:44.982	0.58493				2
2026.03.13	00:56:45.586	0.58495				2
2026.03.13	00:56:46.188	0.58493				2
2026.03.13	00:57:00.037	0.58493				2
2026.03.13	00:57:07.259	0.58492	0.58533			6
2026.03.13	00:57:07.561	0.58493	0.58534			6
2026.03.13	00:57:07.862	0.58491				2
2026.03.13	00:57:08.765		0.58533			4
2026.03.13	00:57:10.264		0.58537			4
2026.03.13	00:57:10.566	0.58493				2
2026.03.13	00:57:27.116	0.58492	0.58534			6
2026.03.13	00:57:31.632		0.58535			4
2026.03.13	00:57:41.860		0.58534			4
2026.03.13	00:57:49.975		0.58535			4
2026.03.13	00:57:52.677	0.58493				2
2026.03.13	00:57:53.278		0.58536			4
2026.03.13	00:58:00.201	0.58493				2
2026.03.13	00:58:04.409	0.58494	0.58537			6
2026.03.13	00:58:14.951	0.58493				2
2026.03.13	00:58:24.891	0.58494				2
2026.03.13	00:58:27.891	0.58493				2
2026.03.13	00:58:28.191	0.58492				2
2026.03.13	00:58:28.494	0.58493				2
2026.03.13	00:58:47.758	0.58494				2
2026.03.13	00:59:00.100	0.58494				2
2026.03.13	00:59:04.615		0.58537			4
2026.03.13	00:59:17.845	0.58493				2
2026.03.13	00:59:22.654	0.58494				2
2026.03.13	00:59:28.369	0.58505	0.58534			6
2026.03.13	00:59:29.275	0.58494	0.58537			6
2026.03.13	00:59:32.281	0.58505	0.58533			6
2026.03.13	00:59:35.587	0.58500	0.58534			6
2026.03.13	00:59:38.893		0.58533			4
2026.03.13	00:59:40.697	0.58501				2
2026.03.13	00:59:46.706	0.58499	0.58532			6
2026.03.13	00:59:48.205	0.58500	0.58533			6
2026.03.13	00:59:50.613		0.58532			4
2026.03.13	00:59:58.747	0.58499				2
2026.03.13	00:59:59.044	0.58503				2
2026.03.13	00:59:59.351	0.58502	0.58531			6
2026.03.13	01:00:00.254	0.58492	0.58537			6
2026.03.13	01:00:00.554		0.58536			4
2026.03.13	01:00:00.851	0.58503	0.58531			6
2026.03.13	01:00:01.158	0.58491	0.58533			6
2026.03.13	01:00:01.457	0.58503	0.58530			6
2026.03.13	01:00:02.053	0.58491	0.58533			6
2026.03.13	01:00:02.358	0.58503	0.58529			6
2026.03.13	01:00:02.653	0.58491	0.58533			6
2026.03.13	01:00:02.954	0.58494				2
2026.03.13	01:00:03.860		0.58534			4
2026.03.13	01:00:04.153	0.58492	0.58536			6
2026.03.13	01:00:04.456	0.58503	0.58530			6
2026.03.13	01:00:04.756	0.58494	0.58535			6
2026.03.13	01:00:05.361	0.58507	0.58528			6
2026.03.13	01:00:05.661		0.58529			4
2026.03.13	01:00:06.257	0.58489	0.58532			6
2026.03.13	01:00:06.558	0.58505	0.58526			6
2026.03.13	01:00:06.860	0.58504	0.58523			6
2026.03.13	01:00:07.158		0.58524			4
2026.03.13	01:00:08.960	0.58507	0.58529			6
2026.03.13	01:00:10.765		0.58527			4
2026.03.13	01:00:11.664		0.58526			4
2026.03.13	01:00:13.767	0.58508	0.58527			6
2026.03.13	01:00:14.064	0.58509	0.58526			6
2026.03.13	01:00:15.267	0.58507	0.58527			6
2026.03.13	01:00:16.768	0.58499	0.58536			6
2026.03.13	01:00:17.065		0.58535			4
2026.03.13	01:00:17.365	0.58506	0.58529			6
2026.03.13	01:00:17.668	0.58493	0.58536			6
2026.03.13	01:00:17.969		0.58535			4
2026.03.13	01:00:18.269	0.58498				2
2026.03.13	01:00:18.869	0.58494	0.58536			6
2026.03.13	01:00:19.770		0.58532			4
2026.03.13	01:00:23.974		0.58533			4
2026.03.13	01:00:24.274	0.58507	0.58529			6
2026.03.13	01:00:25.170	0.58506				2
2026.03.13	01:00:28.478		0.58528			4
2026.03.13	01:00:30.577	0.58491	0.58532			6
2026.03.13	01:00:31.180	0.58492				2
2026.03.13	01:00:41.398	0.58491				2
2026.03.13	01:00:42.902		0.58524			4
2026.03.13	01:00:43.200	0.58500	0.58527			6
2026.03.13	01:00:43.500	0.58491	0.58528			6
2026.03.13	01:00:44.708	0.58492				2
2026.03.13	01:00:46.512	0.58499				2
2026.03.13	01:00:48.008	0.58493	0.58524			6
2026.03.13	01:00:48.915	0.58490	0.58528			6
2026.03.13	01:00:49.210	0.58491				2
2026.03.13	01:00:54.619		0.58521			4
2026.03.13	01:00:54.918		0.58524			4
2026.03.13	01:00:55.216	0.58489				2
2026.03.13	01:00:56.721	0.58487				2
2026.03.13	01:00:59.725	0.58491				2
2026.03.13	01:01:00.029	0.58491	0.58523			6
2026.03.13	01:01:00.332	0.58496	0.58520			6
2026.03.13	01:01:00.628	0.58494	0.58522			6
2026.03.13	01:01:00.928	0.58495	0.58520			6
2026.03.13	01:01:01.831	0.58496	0.58519			6
2026.03.13	01:01:04.539	0.58495	0.58522			6
2026.03.13	01:01:05.141	0.58493	0.58523			6
2026.03.13	01:01:06.645		0.58524			4
2026.03.13	01:01:06.940		0.58525			4
2026.03.13	01:01:12.952		0.58526			4
2026.03.13	01:01:20.762	0.58494	0.58524			6
2026.03.13	01:01:21.964	0.58493	0.58517			6
2026.03.13	01:01:22.263	0.58492				2
2026.03.13	01:01:22.863		0.58516			4
2026.03.13	01:01:23.165	0.58490				2
2026.03.13	01:01:23.762	0.58491	0.58515			6
2026.03.13	01:01:24.064	0.58492				2
2026.03.13	01:01:26.166		0.58512			4
2026.03.13	01:01:26.463	0.58491	0.58514			6
2026.03.13	01:01:28.571	0.58492				2
2026.03.13	01:01:30.974	0.58493				2
2026.03.13	01:01:32.175	0.58492	0.58512			6
2026.03.13	01:01:32.776	0.58493	0.58511			6
2026.03.13	01:01:33.675	0.58504	0.58506			6
2026.03.13	01:01:34.875	0.58502	0.58503			6
2026.03.13	01:01:38.479	0.58501				2
2026.03.13	01:01:38.776	0.58502	0.58504			6
2026.03.13	01:01:39.380		0.58503			4
2026.03.13	01:01:39.976		0.58504			4
2026.03.13	01:01:40.880	0.58503				2
2026.03.13	01:01:50.791		0.58505			4
2026.03.13	01:01:51.092	0.58502	0.58504			6
2026.03.13	01:01:58.005		0.58503			4
2026.03.13	01:01:58.905	0.58501	0.58502			6
2026.03.13	01:01:59.205		0.58503			4
2026.03.13	01:02:00.110	0.58501	0.58502			6
2026.03.13	01:02:00.406	0.58500	0.58501			6
2026.03.13	01:02:02.511		0.58502			4
2026.03.13	01:02:15.126		0.58501			4
2026.03.13	01:02:15.728	0.58499				2
2026.03.13	01:02:16.929	0.58500				2
2026.03.13	01:02:25.346	0.58499				2
2026.03.13	01:02:25.948	0.58500				2
2026.03.13	01:02:30.457	0.58499				2
2026.03.13	01:02:38.869	0.58495	0.58496			6
2026.03.13	01:02:39.164	0.58498	0.58500			6
2026.03.13	01:02:40.370	0.58497	0.58498			6
2026.03.13	01:02:48.175	0.58494	0.58496			6
2026.03.13	01:02:53.282	0.58493	0.58494			6
2026.03.13	01:02:54.784	0.58492				2
2026.03.13	01:03:00.198	0.58492				2
2026.03.13	01:03:00.797		0.58493			4
2026.03.13	01:03:01.696		0.58494			4
2026.03.13	01:03:03.502		0.58493			4
2026.03.13	01:03:04.698		0.58494			4
2026.03.13	01:03:09.508		0.58493			4
2026.03.13	01:03:10.110		0.58494			4
2026.03.13	01:03:12.216		0.58493			4
2026.03.13	01:03:12.521	0.58494	0.58496			6
2026.03.13	01:03:15.226	0.58493	0.58494			6
2026.03.13	01:03:15.529		0.58495			4
2026.03.13	01:03:17.928		0.58494			4
2026.03.13	01:03:18.830		0.58495			4
2026.03.13	01:03:21.233		0.58494			4
2026.03.13	01:03:21.533	0.58492				2
2026.03.13	01:03:25.441	0.58493	0.58495			6
2026.03.13	01:03:26.346		0.58494			4
2026.03.13	01:03:26.948	0.58492				2
2026.03.13	01:03:34.157	0.58497	0.58499			6
2026.03.13	01:03:35.058	0.58496	0.58497			6
2026.03.13	01:03:39.266	0.58495	0.58496			6
2026.03.13	01:03:39.565	0.58493	0.58494			6
2026.03.13	01:03:40.465	0.58492				2
2026.03.13	01:03:41.965	0.58493				2
2026.03.13	01:03:45.270	0.58492				2
2026.03.13	01:04:00.295	0.58491	0.58493			6
2026.03.13	01:04:01.798	0.58493	0.58494			6
2026.03.13	01:04:02.399	0.58492	0.58493			6
2026.03.13	01:04:05.400	0.58491				2
2026.03.13	01:04:08.108	0.58490	0.58492			6
2026.03.13	01:04:08.410	0.58491	0.58493			6
2026.03.13	01:04:08.711		0.58492			4
2026.03.13	01:04:09.012	0.58493	0.58494			6
2026.03.13	01:04:09.309	0.58492	0.58493			6
2026.03.13	01:04:09.916		0.58494			4
2026.03.13	01:04:10.212	0.58491	0.58492			6
2026.03.13	01:04:15.321		0.58493			4
2026.03.13	01:04:20.424	0.58490	0.58492			6
2026.03.13	01:04:21.927		0.58491			4
2026.03.13	01:04:22.827	0.58488	0.58490			6
2026.03.13	01:04:24.333		0.58489			4
2026.03.13	01:04:25.235	0.58487				2
2026.03.13	01:04:30.344	0.58486	0.58488			6
2026.03.13	01:04:30.643		0.58487			4
2026.03.13	01:04:34.250	0.58485				2
2026.03.13	01:04:34.550		0.58486			4
2026.03.13	01:04:37.255		0.58487			4
2026.03.13	01:04:37.554		0.58486			4
2026.03.13	01:04:57.379	0.58484				2
2026.03.13	01:05:00.089	0.58484				2
2026.03.13	01:05:00.388	0.58489	0.58490			6
2026.03.13	01:05:01.291		0.58491			4
2026.03.13	01:05:02.488	0.58492	0.58494			6
2026.03.13	01:05:03.688	0.58491	0.58493			6
2026.03.13	01:05:05.188	0.58492	0.58494			6
2026.03.13	01:05:05.789	0.58491	0.58493			6
2026.03.13	01:05:06.092	0.58489	0.58491			6
2026.03.13	01:05:17.812	0.58492	0.58493			6
2026.03.13	01:05:18.111		0.58494			4
2026.03.13	01:05:19.318	0.58493	0.58495			6
2026.03.13	01:05:20.823	0.58494	0.58496			6
2026.03.13	01:05:28.342		0.58495			4
2026.03.13	01:05:30.146	0.58493				2
2026.03.13	01:05:30.444	0.58490	0.58492			6
2026.03.13	01:05:31.647		0.58491			4
2026.03.13	01:05:32.243		0.58492			4
2026.03.13	01:05:35.251	0.58493	0.58495			6
2026.03.13	01:05:35.548	0.58491	0.58493			6
2026.03.13	01:05:36.751	0.58490	0.58492			6
2026.03.13	01:05:37.049	0.58491	0.58493			6
2026.03.13	01:05:41.262	0.58490	0.58492			6
2026.03.13	01:05:43.361	0.58491	0.58493			6
2026.03.13	01:05:58.376	0.58492				2
2026.03.13	01:05:58.674	0.58496	0.58497			6
2026.03.13	01:05:59.276		0.58498			4
2026.03.13	01:06:00.181	0.58494	0.58497			6
2026.03.13	01:06:02.578	0.58493	0.58496			6
2026.03.13	01:06:04.382		0.58495			4
2026.03.13	01:06:06.481	0.58494	0.58496			6
2026.03.13	01:06:06.780	0.58493	0.58495			6
2026.03.13	01:06:17.005	0.58494	0.58496			6
2026.03.13	01:06:17.306	0.58493	0.58495			6
2026.03.13	01:06:17.607	0.58491	0.58493			6
2026.03.13	01:06:17.906	0.58490	0.58492			6
2026.03.13	01:06:18.210	0.58489				2
2026.03.13	01:06:26.023		0.58491			4
2026.03.13	01:06:39.548		0.58490			4
2026.03.13	01:06:40.146		0.58491			4
2026.03.13	01:06:40.448		0.58490			4
2026.03.13	01:06:40.750		0.58491			4
2026.03.13	01:06:55.470	0.58494	0.58496			6
2026.03.13	01:06:55.766	0.58495	0.58497			6
2026.03.13	01:06:56.369	0.58494				2
2026.03.13	01:06:59.374	0.58492	0.58495			6
2026.03.13	01:06:59.671	0.58491	0.58494			6
2026.03.13	01:07:00.276	0.58491				2
2026.03.13	01:07:05.984	0.58492				2
2026.03.13	01:07:06.285	0.58493	0.58496			6
2026.03.13	01:07:08.386	0.58494	0.58497			6
2026.03.13	01:07:22.800	0.58495				2
2026.03.13	01:07:29.421	0.58496	0.58498			6
2026.03.13	01:07:32.722	0.58497	0.58499			6
2026.03.13	01:07:39.942		0.58498			4
2026.03.13	01:08:00.075	0.58497				2
2026.03.13	01:08:06.684	0.58498	0.58499			6
2026.03.13	01:08:09.687	0.58497				2
2026.03.13	01:08:13.296		0.58498			4
2026.03.13	01:08:17.801	0.58495	0.58497			6
2026.03.13	01:08:19.006		0.58496			4
2026.03.13	01:08:19.606		0.58497			4
2026.03.13	01:08:22.305		0.58496			4
2026.03.13	01:08:23.210		0.58497			4
2026.03.13	01:08:25.014	0.58496	0.58498			6
2026.03.13	01:09:00.181	0.58496				2
2026.03.13	01:09:01.078	0.58495	0.58497			6
2026.03.13	01:09:04.079	0.58496	0.58498			6
2026.03.13	01:09:04.681	0.58495	0.58497			6
2026.03.13	01:09:05.284		0.58496			4
2026.03.13	01:09:06.486	0.58498	0.58499			6
2026.03.13	01:09:10.392	0.58497				2
2026.03.13	01:09:10.696	0.58498				2
2026.03.13	01:09:10.996	0.58497				2
2026.03.13	01:09:11.598		0.58498			4
2026.03.13	01:09:15.198	0.58495	0.58497			6
2026.03.13	01:09:18.207		0.58496			4
2026.03.13	01:09:18.506	0.58496	0.58498			6
2026.03.13	01:09:22.111		0.58497			4
2026.03.13	01:09:25.413		0.58498			4
2026.03.13	01:09:26.316		0.58497			4
2026.03.13	01:09:26.621		0.58498			4
2026.03.13	01:09:27.226	0.58495	0.58497			6
2026.03.13	01:09:28.122		0.58496			4
2026.03.13	01:09:29.626	0.58492	0.58493			6
2026.03.13	01:09:30.227	0.58493	0.58495			6
2026.03.13	01:09:30.829		0.58494			4
2026.03.13	01:09:31.727		0.58495			4
2026.03.13	01:09:59.387		0.58494			4
2026.03.13	01:10:00.288	0.58493				2
2026.03.13	01:10:02.999	0.58492	0.58493			6
2026.03.13	01:10:06.307	0.58493	0.58494			6
2026.03.13	01:10:07.806		0.58495			4
2026.03.13	01:10:13.209	0.58497	0.58498			6
2026.03.13	01:10:19.227		0.58499			4
2026.03.13	01:10:20.129		0.58498			4
2026.03.13	01:10:27.046		0.58499			4
2026.03.13	01:10:29.449		0.58498			4
2026.03.13	01:10:38.768	0.58498	0.58499			6
2026.03.13	01:10:43.874	0.58497				2
2026.03.13	01:10:45.072		0.58498			4
2026.03.13	01:10:49.577		0.58499			4
2026.03.13	01:10:52.579	0.58498	0.58500			6
2026.03.13	01:10:53.484	0.58499	0.58501			6
2026.03.13	01:10:54.990		0.58500			4
2026.03.13	01:10:56.188	0.58498	0.58499			6
2026.03.13	01:10:56.492	0.58497	0.58498			6
2026.03.13	01:11:00.097	0.58497	0.58499			6
2026.03.13	01:11:03.103	0.58499	0.58500			6
2026.03.13	01:11:26.861	0.58497	0.58499			6
2026.03.13	01:11:28.665		0.58498			4
2026.03.13	01:11:28.964		0.58499			4
2026.03.13	01:11:31.365		0.58498			4
2026.03.13	01:11:33.463	0.58498	0.58499			6
2026.03.13	01:11:33.765		0.58500			4
2026.03.13	01:11:43.978		0.58499			4
2026.03.13	01:11:53.003		0.58500			4
2026.03.13	01:11:55.103	0.58499	0.58501			6
2026.03.13	01:12:00.215	0.58499	0.58500			6
2026.03.13	01:12:00.513		0.58501			4
2026.03.13	01:12:14.355	0.58501	0.58502			6
2026.03.13	01:12:14.957	0.58500	0.58501			6
2026.03.13	01:12:20.063	0.58499				2
2026.03.13	01:12:21.268	0.58498	0.58500			6
2026.03.13	01:12:22.474	0.58502	0.58504			6
2026.03.13	01:12:23.074	0.58503	0.58505			6
2026.03.13	01:12:27.878	0.58502	0.58503			6
2026.03.13	01:12:34.490	0.58501	0.58502			6
2026.03.13	01:12:39.904	0.58500	0.58501			6
2026.03.13	01:12:41.103	0.58501	0.58502			6
2026.03.13	01:12:42.006		0.58503			4
2026.03.13	01:12:42.906		0.58502			4
2026.03.13	01:12:44.107		0.58503			4
2026.03.13	01:12:59.145	0.58500	0.58502			6
2026.03.13	01:12:59.747	0.58497	0.58498			6
2026.03.13	01:13:00.044	0.58498	0.58499			6
2026.03.13	01:13:01.853	0.58497				2
2026.03.13	01:13:06.962	0.58498	0.58500			6
2026.03.13	01:13:09.666		0.58499			4
2026.03.13	01:13:14.173	0.58497	0.58498			6
2026.03.13	01:13:16.577		0.58499			4
2026.03.13	01:13:26.200		0.58498			4
2026.03.13	01:13:30.404		0.58499			4
2026.03.13	01:13:31.000		0.58498			4
2026.03.13	01:13:31.603	0.58498	0.58500			6
2026.03.13	01:13:32.503	0.58499				2
2026.03.13	01:13:33.102		0.58501			4
2026.03.13	01:13:35.208	0.58498	0.58500			6
2026.03.13	01:13:37.614	0.58499	0.58501			6
2026.03.13	01:13:41.827	0.58498	0.58500			6
2026.03.13	01:13:48.141		0.58499			4
2026.03.13	01:13:52.353		0.58500			4
2026.03.13	01:14:00.171	0.58498				2
2026.03.13	01:14:02.873	0.58497	0.58499			6
2026.03.13	01:14:07.686		0.58498			4
2026.03.13	01:14:09.492		0.58499			4
2026.03.13	01:14:15.502		0.58498			4
2026.03.13	01:14:16.404		0.58499			4
2026.03.13	01:14:16.704	0.58498	0.58500			6
2026.03.13	01:14:23.626	0.58497	0.58498			6
2026.03.13	01:14:27.234		0.58499			4
2026.03.13	01:14:29.945	0.58498				2
2026.03.13	01:14:31.144		0.58500			4
2026.03.13	01:14:32.046		0.58499			4
2026.03.13	01:14:32.344		0.58500			4
2026.03.13	01:14:32.649		0.58499			4
2026.03.13	01:14:34.152	0.58497				2
2026.03.13	01:14:35.053	0.58498				2
2026.03.13	01:14:47.971	0.58497				2
2026.03.13	01:14:48.872		0.58498			4
2026.03.13	01:14:50.072	0.58496				2
2026.03.13	01:15:00.290	0.58496				2
2026.03.13	01:15:06.899	0.58498	0.58499			6
2026.03.13	01:15:07.799	0.58497				2
2026.03.13	01:15:10.510	0.58496	0.58498			6
2026.03.13	01:15:29.766	0.58497				2
2026.03.13	01:15:30.671	0.58496				2
2026.03.13	01:15:34.277	0.58497				2
2026.03.13	01:15:34.580	0.58498	0.58499			6
2026.03.13	01:15:34.881	0.58497	0.58498			6
2026.03.13	01:15:36.079		0.58499			4
2026.03.13	01:15:36.980		0.58498			4
2026.03.13	01:15:38.186		0.58499			4
2026.03.13	01:15:50.512		0.58498			4
2026.03.13	01:15:51.717		0.58499			4
2026.03.13	01:16:00.137	0.58497				2
2026.03.13	01:16:01.635		0.58498			4
2026.03.13	01:16:03.432		0.58499			4
2026.03.13	01:16:05.542	0.58498	0.58500			6
2026.03.13	01:16:05.844	0.58499				2
2026.03.13	01:16:06.144		0.58501			4
2026.03.13	01:16:06.746		0.58500			4
2026.03.13	01:16:09.753		0.58501			4
2026.03.13	01:16:15.462	0.58498	0.58500			6
2026.03.13	01:16:21.771	0.58499				2
2026.03.13	01:16:22.672	0.58498				2
2026.03.13	01:16:24.774	0.58499	0.58501			6
2026.03.13	01:16:27.480	0.58498	0.58500			6
2026.03.13	01:16:31.386		0.58499			4
2026.03.13	01:16:32.280		0.58500			4
2026.03.13	01:16:38.603	0.58499				2
2026.03.13	01:16:42.217		0.58501			4
2026.03.13	01:16:52.446	0.58498	0.58500			6
2026.03.13	01:17:00.263	0.58498				2
2026.03.13	01:17:00.563	0.58499				2
2026.03.13	01:17:07.474	0.58501	0.58503			6
2026.03.13	01:17:15.581		0.58502			4
2026.03.13	01:17:16.479		0.58503			4
2026.03.13	01:17:19.782		0.58502			4
2026.03.13	01:17:20.082		0.58503			4
2026.03.13	01:17:20.383		0.58502			4
2026.03.13	01:17:21.284		0.58503			4
2026.03.13	01:17:24.287	0.58497	0.58499			6
2026.03.13	01:17:25.489		0.58498			4
2026.03.13	01:17:28.197	0.58498	0.58500			6
2026.03.13	01:17:28.496	0.58499				2
2026.03.13	01:17:28.794	0.58500	0.58501			6
2026.03.13	01:17:29.398	0.58498	0.58500			6
2026.03.13	01:17:29.695		0.58499			4
2026.03.13	01:17:29.997	0.58497				2
2026.03.13	01:17:30.296		0.58498			4
2026.03.13	01:17:30.899		0.58499			4
2026.03.13	01:17:35.703		0.58498			4
2026.03.13	01:17:36.602	0.58495	0.58496			6
2026.03.13	01:17:37.505	0.58494				2
2026.03.13	01:17:39.006		0.58495			4
2026.03.13	01:17:46.830	0.58493				2
2026.03.13	01:17:47.130		0.58494			4
2026.03.13	01:17:49.232		0.58495			4
2026.03.13	01:17:51.644		0.58494			4
2026.03.13	01:17:51.941		0.58495			4
2026.03.13	01:17:55.250	0.58494				2
2026.03.13	01:17:57.053	0.58493				2
2026.03.13	01:17:57.959		0.58494			4
2026.03.13	01:17:58.858		0.58495			4
2026.03.13	01:18:00.064	0.58493				2
2026.03.13	01:18:17.199	0.58495	0.58496			6
2026.03.13	01:18:18.399	0.58494				2
2026.03.13	01:18:27.120	0.58495	0.58497			6
2026.03.13	01:18:40.048	0.58496				2
2026.03.13	01:18:41.250	0.58495				2
2026.03.13	01:18:45.757	0.58494	0.58496			6
2026.03.13	01:18:46.956		0.58495			4
2026.03.13	01:18:48.159		0.58496			4
2026.03.13	01:18:48.761	0.58495	0.58497			6
2026.03.13	01:19:00.180	0.58495				2
2026.03.13	01:19:17.603	0.58498	0.58499			6
2026.03.13	01:19:17.906	0.58497	0.58498			6
2026.03.13	01:19:18.206		0.58499			4
2026.03.13	01:19:19.108	0.58496	0.58498			6
2026.03.13	01:19:24.214		0.58497			4
2026.03.13	01:19:30.530		0.58498			4
2026.03.13	01:19:34.444		0.58497			4
2026.03.13	01:19:34.747		0.58498			4
2026.03.13	01:19:35.045		0.58497			4
2026.03.13	01:19:36.545		0.58498			4
2026.03.13	01:19:38.952		0.58497			4
2026.03.13	01:19:41.652		0.58498			4
2026.03.13	01:19:43.460		0.58497			4
2026.03.13	01:19:50.665		0.58498			4
2026.03.13	01:19:56.374	0.58498	0.58500			6
2026.03.13	01:19:57.274	0.58497	0.58499			6
2026.03.13	01:19:57.875	0.58498				2
2026.03.13	01:19:58.777	0.58497				2
2026.03.13	01:20:00.282	0.58497				2
2026.03.13	01:20:00.879	0.58498				2
2026.03.13	01:20:01.479	0.58497				2
2026.03.13	01:20:03.879	0.58498				2
2026.03.13	01:20:04.178	0.58497				2
2026.03.13	01:20:04.783	0.58496	0.58498			6
2026.03.13	01:20:06.590	0.58499	0.58500			6
2026.03.13	01:20:06.884		0.58501			4
2026.03.13	01:20:07.789		0.58500			4
2026.03.13	01:20:09.894		0.58501			4
2026.03.13	01:20:30.356	0.58497	0.58498			6
2026.03.13	01:20:30.651	0.58498	0.58500			6
2026.03.13	01:20:31.259		0.58499			4
2026.03.13	01:20:31.560	0.58499	0.58501			6
2026.03.13	01:20:36.365		0.58500			4
2026.03.13	01:20:37.866		0.58501			4
2026.03.13	01:20:46.875	0.58497	0.58499			6
2026.03.13	01:20:47.476	0.58496	0.58498			6
2026.03.13	01:20:57.400		0.58497			4
2026.03.13	01:20:59.200	0.58497	0.58498			6
2026.03.13	01:21:00.101	0.58497				2
2026.03.13	01:21:16.023	0.58499	0.58500			6
2026.03.13	01:21:16.321	0.58498				2
2026.03.13	01:21:20.241		0.58499			4
2026.03.13	01:21:22.955		0.58500			4
2026.03.13	01:21:31.064	0.58499				2
2026.03.13	01:21:31.368	0.58500	0.58501			6
2026.03.13	01:21:32.870	0.58499	0.58500			6
2026.03.13	01:21:34.070		0.58501			4
2026.03.13	01:21:35.569	0.58500	0.58502			6
2026.03.13	01:21:50.919		0.58501			4
2026.03.13	01:22:00.240	0.58500				2
2026.03.13	01:22:02.045		0.58502			4
2026.03.13	01:22:33.306		0.58501			4
2026.03.13	01:22:37.820		0.58502			4
2026.03.13	01:22:39.024	0.58501				2
2026.03.13	01:22:41.723		0.58503			4
2026.03.13	01:22:48.944		0.58502			4
2026.03.13	01:22:51.352		0.58503			4
2026.03.13	01:23:00.072	0.58501				2
2026.03.13	01:23:06.682	0.58502	0.58504			6
2026.03.13	01:23:06.976	0.58503				2
2026.03.13	01:23:08.481	0.58502				2
2026.03.13	01:23:09.687		0.58503			4
2026.03.13	01:23:19.603		0.58504			4
2026.03.13	01:23:38.254	0.58503				2
2026.03.13	01:23:38.556	0.58502				2
2026.03.13	01:23:42.159	0.58503				2
2026.03.13	01:23:42.461	0.58502				2
2026.03.13	01:23:47.265		0.58503			4
2026.03.13	01:23:52.065		0.58504			4
2026.03.13	01:23:53.569	0.58503	0.58505			6
2026.03.13	01:23:56.576		0.58504			4
2026.03.13	01:23:56.877	0.58502	0.58503			6
2026.03.13	01:23:57.178	0.58503	0.58505			6
2026.03.13	01:23:58.980	0.58502	0.58504			6
2026.03.13	01:24:00.182	0.58502				2
2026.03.13	01:24:01.685		0.58503			4
2026.03.13	01:24:04.086		0.58504			4
2026.03.13	01:24:04.690	0.58503	0.58505			6
2026.03.13	01:24:05.890	0.58505	0.58506			6
2026.03.13	01:24:07.391	0.58503	0.58505			6
2026.03.13	01:24:23.635	0.58504				2
2026.03.13	01:24:24.235	0.58503				2
2026.03.13	01:24:42.576		0.58504			4
2026.03.13	01:25:00.025	0.58503				2
2026.03.13	01:25:07.234		0.58505			4
2026.03.13	01:25:07.838	0.58504	0.58506			6
2026.03.13	01:25:10.246	0.58505	0.58507			6
2026.03.13	01:25:10.546		0.58506			4
2026.03.13	01:25:11.744	0.58507	0.58509			6
2026.03.13	01:25:12.041	0.58508				2
2026.03.13	01:25:14.746	0.58507				2
2026.03.13	01:25:15.346	0.58508				2
2026.03.13	01:25:15.651		0.58510			4
2026.03.13	01:25:21.962		0.58509			4
2026.03.13	01:25:30.970	0.58507				2
2026.03.13	01:25:33.075	0.58508				2
2026.03.13	01:25:36.981	0.58507				2
2026.03.13	01:25:43.294	0.58508				2
2026.03.13	01:25:49.004		0.58510			4
2026.03.13	01:25:58.021		0.58509			4
2026.03.13	01:26:00.128	0.58508				2
2026.03.13	01:26:03.433	0.58507	0.58508			6
2026.03.13	01:26:06.441	0.58506	0.58507			6
2026.03.13	01:26:06.736	0.58504	0.58506			6
2026.03.13	01:26:10.039	0.58505				2
2026.03.13	01:26:10.342	0.58504				2
2026.03.13	01:26:11.844	0.58505				2
2026.03.13	01:26:12.147	0.58504				2
2026.03.13	01:26:12.447	0.58507	0.58509			6
2026.03.13	01:26:16.047		0.58508			4
2026.03.13	01:26:16.350	0.58506				2
2026.03.13	01:26:22.665		0.58507			4
2026.03.13	01:26:28.068	0.58505				2
2026.03.13	01:26:31.078	0.58506				2
2026.03.13	01:26:41.298	0.58505				2
2026.03.13	01:26:41.604	0.58504	0.58506			6
2026.03.13	01:26:47.027	0.58505				2
2026.03.13	01:26:50.638	0.58504				2
2026.03.13	01:26:52.443	0.58505	0.58507			6
2026.03.13	01:27:00.265	0.58505				2
2026.03.13	01:27:02.359	0.58506				2
2026.03.13	01:27:03.562	0.58505	0.58506			6
2026.03.13	01:27:05.360	0.58503	0.58505			6
2026.03.13	01:27:18.585	0.58504	0.58506			6
2026.03.13	01:27:20.085	0.58505	0.58507			6
2026.03.13	01:27:26.090	0.58506				2
2026.03.13	01:27:48.658	0.58504	0.58506			6
2026.03.13	01:27:48.954		0.58505			4
2026.03.13	01:27:51.660	0.58503				2
2026.03.13	01:27:56.165	0.58504	0.58506			6
2026.03.13	01:27:59.466	0.58501	0.58503			6
2026.03.13	01:27:59.764	0.58500	0.58502			6
2026.03.13	01:28:00.066	0.58500				2
2026.03.13	01:28:08.481	0.58501	0.58503			6
2026.03.13	01:28:08.777	0.58502	0.58504			6
2026.03.13	01:28:19.001	0.58503	0.58505			6
2026.03.13	01:28:28.323	0.58504	0.58506			6
2026.03.13	01:28:41.245	0.58505	0.58507			6
2026.03.13	01:28:44.551	0.58507	0.58509			6
2026.03.13	01:29:00.175	0.58507				2
2026.03.13	01:29:01.679	0.58506	0.58508			6
2026.03.13	01:29:05.889	0.58509	0.58511			6
2026.03.13	01:29:06.484	0.58507	0.58509			6
2026.03.13	01:29:30.815	0.58506	0.58508			6
2026.03.13	01:29:39.835	0.58507	0.58509			6
2026.03.13	01:29:53.667	0.58510	0.58512			6
2026.03.13	01:30:00.293	0.58510				2
2026.03.13	01:30:05.399	0.58513	0.58515			6
2026.03.13	01:30:05.696	0.58515	0.58517			6
2026.03.13	01:30:15.312	0.58517	0.58519			6
2026.03.13	01:30:15.610	0.58518	0.58520			6
2026.03.13	01:30:26.749	0.58517	0.58519			6
2026.03.13	01:30:27.046	0.58518	0.58520			6
2026.03.13	01:30:54.675	0.58514	0.58516			6
2026.03.13	01:31:00.084	0.58514				2
2026.03.13	01:31:00.682	0.58513	0.58515			6
2026.03.13	01:31:08.188	0.58514	0.58516			6
2026.03.13	01:31:34.927	0.58515	0.58517			6
2026.03.13	01:31:40.341	0.58513	0.58515			6
2026.03.13	01:31:42.144	0.58514	0.58516			6
2026.03.13	01:31:59.267	0.58515				2
2026.03.13	01:32:00.168	0.58514				2
2026.03.13	01:32:01.066	0.58515	0.58517			6
2026.03.13	01:32:02.266	0.58516	0.58518			6
2026.03.13	01:32:02.562	0.58517	0.58519			6
2026.03.13	01:32:03.771	0.58515	0.58517			6
2026.03.13	01:32:04.968	0.58514	0.58516			6
2026.03.13	01:32:10.370	0.58515	0.58517			6
2026.03.13	01:32:18.479	0.58514	0.58516			6
2026.03.13	01:32:28.088	0.58515				2
2026.03.13	01:32:29.592	0.58514				2
2026.03.13	01:32:30.193	0.58515				2
2026.03.13	01:32:30.493	0.58514				2
2026.03.13	01:32:34.099	0.58516	0.58518			6
2026.03.13	01:32:34.395	0.58517	0.58519			6
2026.03.13	01:32:35.297	0.58516				2
2026.03.13	01:32:40.409	0.58517				2
2026.03.13	01:32:43.715		0.58518			4
2026.03.13	01:32:44.010	0.58515	0.58517			6
2026.03.13	01:32:44.315	0.58517	0.58520			6
2026.03.13	01:32:45.219	0.58516	0.58519			6
2026.03.13	01:32:46.723	0.58517	0.58520			6
2026.03.13	01:32:49.429	0.58518	0.58521			6
2026.03.13	01:32:49.735	0.58519	0.58522			6
2026.03.13	01:32:50.028	0.58521	0.58524			6
2026.03.13	01:32:50.931	0.58522	0.58525			6
2026.03.13	01:32:52.437	0.58523	0.58526			6
2026.03.13	01:32:52.732	0.58524	0.58527			6
2026.03.13	01:32:58.148	0.58523	0.58526			6
2026.03.13	01:32:58.441	0.58519	0.58522			6
2026.03.13	01:32:59.346	0.58518				2
2026.03.13	01:33:00.250	0.58519	0.58523			6
2026.03.13	01:33:04.751	0.58520	0.58524			6
2026.03.13	01:33:06.854	0.58519	0.58523			6
2026.03.13	01:33:11.663	0.58520	0.58524			6
2026.03.13	01:33:12.265	0.58521	0.58525			6
2026.03.13	01:33:15.862	0.58522	0.58526			6
2026.03.13	01:33:16.168	0.58523	0.58527			6
2026.03.13	01:33:16.472	0.58527	0.58530			6
2026.03.13	01:33:17.371	0.58526				2
2026.03.13	01:33:28.181		0.58529			4
2026.03.13	01:33:28.477	0.58523	0.58527			6
2026.03.13	01:33:30.586	0.58525	0.58529			6
2026.03.13	01:33:31.185	0.58526	0.58530			6
2026.03.13	01:33:35.394	0.58525	0.58529			6
2026.03.13	01:33:40.798	0.58528	0.58532			6
2026.03.13	01:33:42.603	0.58525	0.58529			6
2026.03.13	01:33:47.409	0.58523	0.58527			6
2026.03.13	01:33:47.708	0.58526	0.58529			6
2026.03.13	01:33:48.005		0.58530			4
2026.03.13	01:33:48.311	0.58525	0.58529			6
2026.03.13	01:33:49.811	0.58523	0.58527			6
2026.03.13	01:33:57.037	0.58524	0.58528			6
2026.03.13	01:34:00.044	0.58523	0.58527			6
2026.03.13	01:34:01.840		0.58526			4
2026.03.13	01:34:02.742	0.58525	0.58529			6
2026.03.13	01:34:03.042	0.58526	0.58530			6
2026.03.13	01:34:09.658	0.58525	0.58529			6
2026.03.13	01:34:16.565	0.58526	0.58530			6
2026.03.13	01:34:16.861	0.58525	0.58529			6
2026.03.13	01:34:18.967	0.58526	0.58530			6
2026.03.13	01:34:20.766	0.58525	0.58529			6
2026.03.13	01:34:21.064	0.58526	0.58530			6
2026.03.13	01:34:23.469	0.58525	0.58529			6
2026.03.13	01:34:23.768	0.58526	0.58530			6
2026.03.13	01:34:24.666	0.58525	0.58529			6
2026.03.13	01:34:25.268	0.58524	0.58528			6
2026.03.13	01:34:26.470	0.58525	0.58529			6
2026.03.13	01:34:29.772	0.58524	0.58528			6
2026.03.13	01:34:33.377	0.58521	0.58525			6
2026.03.13	01:34:34.578	0.58520	0.58523			6
2026.03.13	01:34:35.174		0.58524			4
2026.03.13	01:34:36.978	0.58519	0.58523			6
2026.03.13	01:34:38.477	0.58520	0.58524			6
2026.03.13	01:34:40.581		0.58523			4
2026.03.13	01:34:40.881	0.58519				2
2026.03.13	01:34:41.182	0.58520	0.58524			6
2026.03.13	01:34:46.590	0.58521				2
2026.03.13	01:34:48.688		0.58525			4
2026.03.13	01:34:52.290		0.58524			4
2026.03.13	01:34:59.499		0.58525			4
2026.03.13	01:35:00.102	0.58521				2
2026.03.13	01:35:01.303		0.58524			4
2026.03.13	01:35:04.906		0.58525			4
2026.03.13	01:35:08.808	0.58522	0.58526			6
2026.03.13	01:35:10.312	0.58521	0.58525			6
2026.03.13	01:35:51.149	0.58519	0.58523			6
2026.03.13	01:35:51.455	0.58517	0.58521			6
2026.03.13	01:35:54.457	0.58519	0.58523			6
2026.03.13	01:35:58.665	0.58518	0.58522			6
2026.03.13	01:35:59.565	0.58523	0.58526			6
2026.03.13	01:36:00.165	0.58523				2
2026.03.13	01:36:02.572		0.58527			4
2026.03.13	01:36:04.368	0.58524	0.58528			6
2026.03.13	01:36:04.669	0.58523	0.58527			6
2026.03.13	01:36:04.966	0.58524	0.58528			6
2026.03.13	01:36:05.568	0.58523	0.58527			6
2026.03.13	01:36:06.167	0.58524	0.58528			6
2026.03.13	01:36:07.067	0.58525	0.58529			6
2026.03.13	01:36:10.072	0.58526	0.58530			6
2026.03.13	01:36:15.778	0.58528	0.58531			6
2026.03.13	01:36:21.200	0.58526	0.58530			6
2026.03.13	01:36:23.303	0.58525	0.58529			6
2026.03.13	01:36:24.504	0.58526				2
2026.03.13	01:36:25.706	0.58525				2
2026.03.13	01:36:26.008	0.58526				2
2026.03.13	01:36:26.308	0.58525	0.58528			6
2026.03.13	01:36:26.605	0.58524				2
2026.03.13	01:36:38.956	0.58527				2
2026.03.13	01:36:39.248	0.58529	0.58533			6
2026.03.13	01:36:41.344	0.58530	0.58534			6
2026.03.13	01:36:48.559	0.58529	0.58532			6
2026.03.13	01:37:00.282	0.58529				2
2026.03.13	01:37:05.084	0.58528	0.58530			6
2026.03.13	01:37:05.380	0.58527				2
2026.03.13	01:37:18.899	0.58528	0.58532			6
2026.03.13	01:37:19.197	0.58530	0.58534			6
2026.03.13	01:37:22.204	0.58528	0.58532			6
2026.03.13	01:37:33.612	0.58525	0.58529			6
2026.03.13	01:37:36.317	0.58526	0.58530			6
2026.03.13	01:37:38.420	0.58525	0.58529			6
2026.03.13	01:37:38.715	0.58526	0.58530			6
2026.03.13	01:37:39.021	0.58525	0.58529			6
2026.03.13	01:37:45.329	0.58523	0.58527			6
2026.03.13	01:37:45.630	0.58524	0.58528			6
2026.03.13	01:37:48.036	0.58525	0.58529			6
2026.03.13	01:38:00.073	0.58525				2
2026.03.13	01:38:05.470	0.58526	0.58530			6
2026.03.13	01:38:05.771	0.58528	0.58531			6
2026.03.13	01:38:09.671	0.58531	0.58535			6
2026.03.13	01:38:09.973	0.58526	0.58530			6
2026.03.13	01:38:10.271	0.58522	0.58526			6
2026.03.13	01:38:20.190	0.58521	0.58525			6
2026.03.13	01:38:32.529		0.58524			4
2026.03.13	01:38:40.648	0.58520	0.58523			6
2026.03.13	01:38:40.947	0.58519				2
2026.03.13	01:38:49.067	0.58518	0.58522			6
2026.03.13	01:38:52.368	0.58519	0.58523			6
2026.03.13	01:38:54.772	0.58518	0.58522			6
2026.03.13	01:38:55.672		0.58521			4
2026.03.13	01:38:56.274	0.58519	0.58522			6
2026.03.13	01:38:56.575	0.58518	0.58521			6
2026.03.13	01:38:56.875	0.58519	0.58522			6
2026.03.13	01:38:57.178	0.58518	0.58520			6
2026.03.13	01:38:57.477		0.58521			4
2026.03.13	01:38:57.775		0.58519			4
2026.03.13	01:38:58.071		0.58521			4
2026.03.13	01:38:58.378		0.58519			4
2026.03.13	01:38:58.678		0.58521			4
2026.03.13	01:38:58.979		0.58519			4
2026.03.13	01:38:59.278		0.58521			4
2026.03.13	01:39:00.175	0.58518				2
2026.03.13	01:39:08.293		0.58522			4
2026.03.13	01:39:10.703		0.58521			4
2026.03.13	01:39:11.305	0.58515	0.58519			6
2026.03.13	01:39:31.436	0.58516	0.58520			6
2026.03.13	01:39:32.343	0.58517	0.58521			6
2026.03.13	01:39:34.137	0.58518	0.58522			6
2026.03.13	01:39:36.242	0.58517	0.58521			6
2026.03.13	01:39:39.546	0.58518	0.58522			6
2026.03.13	01:39:42.843	0.58516	0.58520			6
2026.03.13	01:40:00.269	0.58516				2
2026.03.13	01:40:00.568	0.58517	0.58521			6
2026.03.13	01:40:01.766	0.58518	0.58522			6
2026.03.13	01:40:06.577		0.58521			4
2026.03.13	01:40:06.875	0.58517				2
2026.03.13	01:40:26.731	0.58520	0.58524			6
2026.03.13	01:40:28.530	0.58522	0.58526			6
2026.03.13	01:40:30.331	0.58523	0.58527			6
2026.03.13	01:40:45.351	0.58522	0.58526			6
2026.03.13	01:40:45.649	0.58521	0.58525			6
2026.03.13	01:40:48.661	0.58520	0.58524			6
2026.03.13	01:40:53.462	0.58519	0.58523			6
2026.03.13	01:41:00.067	0.58519				2
2026.03.13	01:41:03.372		0.58522			4
2026.03.13	01:41:10.886		0.58523			4
2026.03.13	01:41:11.182		0.58522			4
2026.03.13	01:41:18.393		0.58523			4
2026.03.13	01:41:22.001	0.58521				2
2026.03.13	01:41:24.397	0.58519				2
2026.03.13	01:41:24.998	0.58521				2
2026.03.13	01:41:25.598	0.58519				2
2026.03.13	01:41:27.705	0.58523	0.58526			6
2026.03.13	01:41:48.442		0.58527			4
2026.03.13	01:41:49.644	0.58525	0.58529			6
2026.03.13	01:41:50.844	0.58527	0.58531			6
2026.03.13	01:41:52.048	0.58526	0.58530			6
2026.03.13	01:41:59.562		0.58529			4
2026.03.13	01:42:00.166	0.58526				2
2026.03.13	01:42:00.763		0.58530			4
2026.03.13	01:42:03.467	0.58528	0.58532			6
2026.03.13	01:42:19.103		0.58531			4
2026.03.13	01:42:58.776	0.58527	0.58530			6
2026.03.13	01:43:00.279	0.58527				2
2026.03.13	01:43:05.383	0.58528	0.58531			6
2026.03.13	01:43:07.792	0.58527	0.58530			6
2026.03.13	01:43:10.799	0.58528	0.58531			6
2026.03.13	01:43:15.308	0.58529				2
2026.03.13	01:43:24.043	0.58528	0.58530			6
2026.03.13	01:43:27.049	0.58529	0.58531			6
2026.03.13	01:43:27.346	0.58530	0.58532			6
2026.03.13	01:43:27.648	0.58528	0.58530			6
2026.03.13	01:43:44.190	0.58529	0.58531			6
2026.03.13	01:43:46.290	0.58528	0.58530			6
2026.03.13	01:43:51.098	0.58526	0.58528			6
2026.03.13	01:43:51.701	0.58525	0.58527			6
2026.03.13	01:44:00.118	0.58525				2
2026.03.13	01:44:47.938	0.58524	0.58526			6
2026.03.13	01:45:00.271	0.58524				2
2026.03.13	01:45:00.573	0.58526	0.58527			6
2026.03.13	01:45:00.873	0.58525				2
2026.03.13	01:45:01.772	0.58524	0.58526			6
2026.03.13	01:45:11.091	0.58523	0.58525			6
2026.03.13	01:45:16.446	0.58522	0.58524			6
2026.03.13	01:45:28.766	0.58519	0.58521			6
2026.03.13	01:45:29.361	0.58520	0.58522			6
2026.03.13	01:45:52.814	0.58521	0.58523			6
2026.03.13	01:45:53.713	0.58520	0.58522			6
2026.03.13	01:46:00.026	0.58520				2
2026.03.13	01:46:00.328	0.58522	0.58523			6
2026.03.13	01:46:00.631	0.58524	0.58526			6
2026.03.13	01:46:21.375	0.58523	0.58525			6
2026.03.13	01:46:39.102	0.58524	0.58526			6
2026.03.13	01:47:00.147	0.58524				2
2026.03.13	01:47:02.251	0.58529	0.58530			6
2026.03.13	01:47:03.148		0.58531			4
2026.03.13	01:47:03.448	0.58528	0.58530			6
2026.03.13	01:47:04.350	0.58529	0.58531			6
2026.03.13	01:47:04.952	0.58528	0.58530			6
2026.03.13	01:47:10.662	0.58529	0.58531			6
2026.03.13	01:47:42.510	0.58530	0.58532			6
2026.03.13	01:47:46.111	0.58529	0.58531			6
2026.03.13	01:47:52.124	0.58528	0.58530			6
2026.03.13	01:48:00.243	0.58528				2
2026.03.13	01:48:02.943	0.58529				2
2026.03.13	01:48:05.944	0.58530	0.58531			6
2026.03.13	01:48:14.049	0.58529	0.58530			6
2026.03.13	01:48:18.253	0.58527	0.58528			6
2026.03.13	01:48:18.555	0.58524	0.58526			6
2026.03.13	01:48:48.886	0.58523	0.58525			6
2026.03.13	01:48:54.596	0.58524	0.58526			6
2026.03.13	01:49:00.009	0.58524				2
2026.03.13	01:49:05.726	0.58523	0.58525			6
2026.03.13	01:49:10.246	0.58522	0.58524			6
2026.03.13	01:49:21.363		0.58523			4
2026.03.13	01:49:21.963	0.58523	0.58524			6
2026.03.13	01:49:23.163	0.58522				2
2026.03.13	01:49:26.169	0.58521	0.58523			6
2026.03.13	01:49:26.468	0.58523	0.58524			6
2026.03.13	01:49:28.871	0.58522				2
2026.03.13	01:49:34.278		0.58523			4
2026.03.13	01:49:37.880		0.58524			4
2026.03.13	01:49:40.886	0.58521	0.58523			6
2026.03.13	01:49:42.986	0.58519	0.58521			6
2026.03.13	01:49:43.586	0.58520				2
2026.03.13	01:49:44.188		0.58522			4
2026.03.13	01:49:46.293	0.58519	0.58521			6
2026.03.13	01:49:48.699	0.58518	0.58520			6
2026.03.13	01:49:51.402	0.58519	0.58521			6
2026.03.13	01:49:51.706	0.58518	0.58520			6
2026.03.13	01:49:54.106	0.58520	0.58522			6
2026.03.13	01:49:54.403	0.58521	0.58523			6
2026.03.13	01:49:55.005	0.58523	0.58525			6
2026.03.13	01:49:55.907	0.58522	0.58524			6
2026.03.13	01:50:00.119	0.58522				2
2026.03.13	01:50:07.325	0.58523	0.58525			6
2026.03.13	01:50:10.326	0.58522	0.58524			6
2026.03.13	01:50:10.629	0.58523	0.58525			6
2026.03.13	01:50:21.448	0.58522	0.58524			6
2026.03.13	01:50:24.757	0.58523	0.58525			6
2026.03.13	01:50:46.987	0.58522	0.58524			6
2026.03.13	01:50:47.288	0.58523	0.58525			6
2026.03.13	01:50:54.204	0.58522	0.58524			6
2026.03.13	01:50:54.501		0.58523			4
2026.03.13	01:50:54.801	0.58520	0.58521			6
2026.03.13	01:50:55.098		0.58522			4
2026.03.13	01:51:00.212	0.58520				2
2026.03.13	01:51:02.315	0.58519	0.58521			6
2026.03.13	01:51:15.544	0.58518	0.58520			6
2026.03.13	01:51:17.653	0.58520	0.58521			6
2026.03.13	01:51:17.954	0.58518	0.58520			6
2026.03.13	01:51:24.569	0.58519	0.58521			6
2026.03.13	01:51:27.274	0.58520	0.58522			6
2026.03.13	01:51:32.377	0.58521	0.58523			6
2026.03.13	01:51:36.884	0.58522	0.58524			6
2026.03.13	01:51:40.197	0.58523	0.58525			6
2026.03.13	01:52:00.034	0.58523				2
2026.03.13	01:52:06.042	0.58524	0.58526			6
2026.03.13	01:52:10.246	0.58525				2
2026.03.13	01:52:16.856	0.58524				2
2026.03.13	01:52:26.171	0.58525				2
2026.03.13	01:52:26.771	0.58524				2
2026.03.13	01:52:28.870	0.58525				2
2026.03.13	01:52:34.587	0.58524				2
2026.03.13	01:52:47.207	0.58527	0.58528			6
2026.03.13	01:52:47.501		0.58529			4
2026.03.13	01:52:48.705	0.58526	0.58528			6
2026.03.13	01:52:49.005	0.58525	0.58527			6
2026.03.13	01:53:00.122	0.58525				2
2026.03.13	01:53:01.324	0.58526				2
2026.03.13	01:53:09.131	0.58524	0.58526			6
2026.03.13	01:53:23.561	0.58525				2
2026.03.13	01:53:27.164		0.58527			4
2026.03.13	01:53:35.873	0.58526				2
2026.03.13	01:53:43.081	0.58525				2
2026.03.13	01:53:44.583		0.58526			4
2026.03.13	01:53:44.881	0.58524				2
2026.03.13	01:53:53.602		0.58525			4
2026.03.13	01:53:56.300	0.58523				2
2026.03.13	01:54:00.212	0.58523				2
2026.03.13	01:54:01.413	0.58524				2
2026.03.13	01:54:03.515	0.58520	0.58522			6
2026.03.13	01:54:05.626		0.58523			4
2026.03.13	01:54:07.430		0.58522			4
2026.03.13	01:54:08.334	0.58521	0.58523			6
2026.03.13	01:54:15.247	0.58520	0.58522			6
2026.03.13	01:54:15.547	0.58521				2
2026.03.13	01:54:15.848	0.58520				2
2026.03.13	01:54:17.651		0.58521			4
2026.03.13	01:54:17.950	0.58519				2
2026.03.13	01:54:18.249	0.58520				2
2026.03.13	01:54:18.551	0.58519				2
2026.03.13	01:54:23.656		0.58520			4
2026.03.13	01:54:33.870	0.58518				2
2026.03.13	01:54:35.071		0.58519			4
2026.03.13	01:54:35.370	0.58517				2
2026.03.13	01:54:35.667		0.58518			4
2026.03.13	01:54:35.973		0.58519			4
2026.03.13	01:54:44.682	0.58518	0.58520			6
2026.03.13	01:54:50.396	0.58517	0.58519			6
2026.03.13	01:54:59.107	0.58518				2
2026.03.13	01:54:59.405	0.58517				2
2026.03.13	01:55:00.011	0.58517				2
2026.03.13	01:55:01.213	0.58516	0.58518			6
2026.03.13	01:55:08.719	0.58515	0.58517			6
2026.03.13	01:55:15.329	0.58514	0.58516			6
2026.03.13	01:55:17.134	0.58516	0.58517			6
2026.03.13	01:55:17.433	0.58515	0.58516			6
2026.03.13	01:55:23.446		0.58517			4
2026.03.13	01:55:23.745	0.58516	0.58518			6
2026.03.13	01:55:24.047	0.58515	0.58516			6
2026.03.13	01:55:24.344		0.58517			4
2026.03.13	01:55:24.647	0.58514	0.58516			6
2026.03.13	01:55:27.651	0.58517	0.58519			6
2026.03.13	01:55:30.950	0.58518	0.58520			6
2026.03.13	01:55:33.355		0.58519			4
2026.03.13	01:55:34.856		0.58520			4
2026.03.13	01:55:41.162	0.58517	0.58518			6
2026.03.13	01:55:41.464	0.58514	0.58516			6
2026.03.13	01:56:00.094	0.58514				2
2026.03.13	01:56:12.706	0.58515	0.58517			6
2026.03.13	01:56:19.314		0.58516			4
2026.03.13	01:56:22.027	0.58514				2
2026.03.13	01:56:42.758		0.58515			4
2026.03.13	01:56:43.057	0.58513				2
2026.03.13	01:56:49.673	0.58514				2
2026.03.13	01:56:54.484	0.58513				2
2026.03.13	01:57:00.194	0.58513				2
2026.03.13	01:57:01.999	0.58514	0.58516			6
2026.03.13	01:57:16.137	0.58515	0.58517			6
2026.03.13	01:57:19.142	0.58514	0.58516			6
2026.03.13	01:57:23.357	0.58515				2
2026.03.13	01:57:23.954	0.58514				2
2026.03.13	01:57:30.564	0.58516	0.58517			6
2026.03.13	01:57:30.864		0.58518			4
2026.03.13	01:57:31.463		0.58517			4
2026.03.13	01:57:31.764	0.58515				2
2026.03.13	01:57:36.496		0.58516			4
2026.03.13	01:57:36.797	0.58514				2
2026.03.13	01:57:37.698	0.58515				2
2026.03.13	01:57:37.998	0.58514				2
2026.03.13	01:58:00.259	0.58514				2
2026.03.13	01:58:01.459	0.58515				2
2026.03.13	01:58:02.961	0.58513	0.58515			6
2026.03.13	01:58:20.088	0.58514	0.58516			6
2026.03.13	01:58:23.394	0.58515	0.58517			6
2026.03.13	01:58:25.496		0.58516			4
2026.03.13	01:58:26.696	0.58514				2
2026.03.13	01:58:42.936	0.58515				2
2026.03.13	01:59:00.064	0.58515				2
2026.03.13	01:59:17.188	0.58514				2
2026.03.13	01:59:25.602		0.58516			4
2026.03.13	01:59:27.706	0.58515				2
2026.03.13	01:59:33.722	0.58518	0.58520			6
2026.03.13	01:59:34.023	0.58519	0.58521			6
2026.03.13	01:59:35.827	0.58520				2
2026.03.13	01:59:36.132	0.58519				2
2026.03.13	01:59:37.032	0.58520				2
2026.03.13	01:59:44.554	0.58519				2
2026.03.13	01:59:55.969	0.58520				2
2026.03.13	01:59:59.269	0.58521	0.58522			6
2026.03.13	01:59:59.570	0.58520	0.58521			6
2026.03.13	02:00:00.170	0.58520				2
2026.03.13	02:00:00.770		0.58522			4
2026.03.13	02:00:01.070	0.58519	0.58521			6
2026.03.13	02:00:03.773	0.58523	0.58525			6
2026.03.13	02:00:04.073	0.58524				2
2026.03.13	02:00:04.373		0.58526			4
2026.03.13	02:00:04.973	0.58523	0.58525			6
2026.03.13	02:00:05.273	0.58524	0.58526			6
2026.03.13	02:00:08.577	0.58521	0.58523			6
2026.03.13	02:00:08.876	0.58520	0.58522			6
2026.03.13	02:00:09.177	0.58519				2
2026.03.13	02:00:11.021	0.58522	0.58523			6
2026.03.13	02:00:11.321		0.58525			4
2026.03.13	02:00:11.620	0.58523	0.58526			6
2026.03.13	02:00:12.221		0.58527			4
2026.03.13	02:00:14.889		0.58526			4
2026.03.13	02:00:15.190		0.58527			4
2026.03.13	02:00:27.624	0.58522	0.58526			6
2026.03.13	02:00:33.936	0.58523				2
2026.03.13	02:00:34.537	0.58522				2
2026.03.13	02:00:35.438	0.58521	0.58525			6
2026.03.13	02:00:35.736	0.58517	0.58521			6
2026.03.13	02:00:36.337	0.58519				2
2026.03.13	02:00:36.939	0.58517				2
2026.03.13	02:00:42.945		0.58520			4
2026.03.13	02:00:43.546		0.58521			4
2026.03.13	02:00:43.846	0.58518	0.58522			6
2026.03.13	02:00:44.146	0.58517	0.58521			6
2026.03.13	02:00:44.446	0.58518	0.58522			6
2026.03.13	02:00:51.427	0.58517	0.58521			6
2026.03.13	02:00:53.832	0.58518	0.58522			6
2026.03.13	02:00:55.034		0.58521			4
2026.03.13	02:01:00.141	0.58518	0.58522			6
2026.03.13	02:01:01.361	0.58517	0.58521			6
2026.03.13	02:01:03.765	0.58518	0.58522			6
2026.03.13	02:01:08.494	0.58517	0.58521			6
2026.03.13	02:01:13.600	0.58518				2
2026.03.13	02:01:13.900		0.58522			4
2026.03.13	02:01:17.183	0.58516	0.58520			6
2026.03.13	02:01:17.483	0.58515	0.58519			6
2026.03.13	02:01:18.987		0.58518			4
2026.03.13	02:01:19.291	0.58513	0.58517			6
2026.03.13	02:01:23.857	0.58515	0.58519			6
2026.03.13	02:01:24.756	0.58514	0.58517			6
2026.03.13	02:01:28.036	0.58512	0.58516			6
2026.03.13	02:01:28.337	0.58513	0.58517			6
2026.03.13	02:01:33.737	0.58514				2
2026.03.13	02:01:39.741	0.58513				2
2026.03.13	02:01:43.674	0.58514				2
2026.03.13	02:01:44.274	0.58513				2
2026.03.13	02:01:50.047	0.58509	0.58512			6
2026.03.13	02:01:50.345	0.58507	0.58511			6
2026.03.13	02:02:00.268	0.58507				2
2026.03.13	02:02:04.472	0.58508				2
2026.03.13	02:02:05.374	0.58507				2
2026.03.13	02:02:07.477	0.58508	0.58512			6
2026.03.13	02:02:17.860	0.58510	0.58513			6
2026.03.13	02:02:18.160	0.58509	0.58512			6
2026.03.13	02:02:27.419	0.58510				2
2026.03.13	02:02:28.019	0.58509				2
2026.03.13	02:02:29.274	0.58510				2
2026.03.13	02:02:29.875	0.58509				2
2026.03.13	02:02:30.275	0.58510				2
2026.03.13	02:02:31.274	0.58509				2
2026.03.13	02:02:36.231	0.58511	0.58515			6
2026.03.13	02:02:37.132	0.58513	0.58516			6
2026.03.13	02:02:37.432	0.58512				2
2026.03.13	02:02:54.137	0.58508	0.58512			6
2026.03.13	02:03:03.133	0.58508				2
2026.03.13	02:03:04.386	0.58509				2
2026.03.13	02:03:08.554	0.58512	0.58515			6
2026.03.13	02:03:08.855	0.58514	0.58518			6
2026.03.13	02:03:12.403		0.58517			4
2026.03.13	02:03:18.712	0.58513				2
2026.03.13	02:03:23.817	0.58516	0.58520			6
2026.03.13	02:03:25.041	0.58517	0.58521			6
2026.03.13	02:03:43.551	0.58516	0.58520			6
2026.03.13	02:03:46.559	0.58517	0.58521			6
2026.03.13	02:03:54.584	0.58518				2
2026.03.13	02:03:54.885	0.58517				2
2026.03.13	02:04:02.506	0.58517				2
2026.03.13	02:04:09.077	0.58518				2
2026.03.13	02:04:10.579		0.58522			4
2026.03.13	02:04:18.673	0.58519				2
2026.03.13	02:04:19.173	0.58518				2
2026.03.13	02:04:29.304	0.58517	0.58521			6
2026.03.13	02:04:31.090	0.58513	0.58517			6
2026.03.13	02:04:33.494	0.58517	0.58521			6
2026.03.13	02:04:40.425	0.58513	0.58517			6
2026.03.13	02:04:42.225	0.58512	0.58516			6
2026.03.13	02:04:42.526	0.58514	0.58518			6
2026.03.13	02:04:42.827		0.58517			4
2026.03.13	02:04:44.027	0.58516	0.58520			6
2026.03.13	02:04:44.327	0.58515	0.58518			6
2026.03.13	02:04:44.628	0.58514				2
2026.03.13	02:04:46.430		0.58517			4
2026.03.13	02:04:50.037		0.58518			4
2026.03.13	02:05:00.255	0.58514				2
2026.03.13	02:05:00.556		0.58517			4
2026.03.13	02:05:02.958		0.58518			4
2026.03.13	02:05:08.063	0.58513	0.58517			6
2026.03.13	02:05:09.101	0.58515				2
2026.03.13	02:05:09.704	0.58513				2
2026.03.13	02:05:10.604	0.58515				2
2026.03.13	02:05:11.204	0.58513				2
2026.03.13	02:05:11.504	0.58514				2
2026.03.13	02:05:12.500	0.58513				2
2026.03.13	02:05:24.920	0.58512	0.58516			6
2026.03.13	02:05:30.926	0.58513	0.58517			6
2026.03.13	02:05:44.840	0.58517	0.58521			6
2026.03.13	02:05:45.742	0.58516	0.58520			6
2026.03.13	02:05:48.090	0.58517				2
2026.03.13	02:05:50.793		0.58521			4
2026.03.13	02:05:56.797	0.58516	0.58520			6
2026.03.13	02:05:57.097	0.58517				2
2026.03.13	02:05:57.997	0.58518	0.58522			6
2026.03.13	02:06:00.100	0.58518				2
2026.03.13	02:06:11.515	0.58517	0.58521			6
2026.03.13	02:06:15.420	0.58516	0.58520			6
2026.03.13	02:06:27.407	0.58517	0.58521			6
2026.03.13	02:06:30.417	0.58516	0.58520			6
2026.03.13	02:06:31.018	0.58517	0.58521			6
2026.03.13	02:06:31.922	0.58518	0.58522			6
2026.03.13	02:06:40.939	0.58517	0.58521			6
2026.03.13	02:06:41.239	0.58516	0.58520			6
2026.03.13	02:06:46.944	0.58517	0.58521			6
2026.03.13	02:06:52.650	0.58516	0.58520			6
2026.03.13	02:07:00.224	0.58516				2
2026.03.13	02:07:01.532	0.58517				2
2026.03.13	02:07:19.253	0.58514	0.58517			6
2026.03.13	02:07:24.658	0.58517	0.58521			6
2026.03.13	02:07:39.679	0.58516	0.58520			6
2026.03.13	02:07:39.978	0.58513	0.58517			6
2026.03.13	02:07:40.278	0.58512	0.58516			6
2026.03.13	02:07:42.383		0.58515			4
2026.03.13	02:07:42.682	0.58509	0.58512			6
2026.03.13	02:07:58.001	0.58507	0.58511			6
2026.03.13	02:08:00.107	0.58507				2
2026.03.13	02:08:00.708	0.58508	0.58512			6
2026.03.13	02:08:01.308	0.58507	0.58511			6
2026.03.13	02:08:12.926	0.58509	0.58512			6
2026.03.13	02:08:14.434	0.58512	0.58516			6
2026.03.13	02:08:39.065	0.58511	0.58515			6
2026.03.13	02:08:39.365	0.58510	0.58514			6
2026.03.13	02:08:40.807	0.58511	0.58515			6
2026.03.13	02:08:45.367	0.58512				2
2026.03.13	02:08:45.966		0.58516			4
2026.03.13	02:08:51.073		0.58515			4
2026.03.13	02:08:52.573	0.58511				2
2026.03.13	02:08:55.442	0.58512				2
2026.03.13	02:08:56.042		0.58516			4
2026.03.13	02:08:59.946	0.58511	0.58515			6
2026.03.13	02:09:00.246	0.58511				2
2026.03.13	02:09:00.846	0.58512	0.58516			6
2026.03.13	02:09:11.661	0.58511	0.58515			6
2026.03.13	02:09:14.662	0.58512	0.58516			6
2026.03.13	02:09:19.474	0.58513				2
2026.03.13	02:09:19.774	0.58512				2
2026.03.13	02:09:21.276	0.58513				2
2026.03.13	02:09:21.744	0.58512				2
2026.03.13	02:09:22.346	0.58513				2
2026.03.13	02:09:22.744	0.58512				2
2026.03.13	02:09:31.755	0.58515	0.58519			6
2026.03.13	02:09:32.056	0.58514	0.58518			6
2026.03.13	02:09:36.861	0.58515				2
2026.03.13	02:09:37.161	0.58514				2
2026.03.13	02:09:41.162	0.58513	0.58517			6
2026.03.13	02:09:50.473	0.58516	0.58520			6
2026.03.13	02:10:00.085	0.58516				2
2026.03.13	02:10:09.696		0.58519			4
2026.03.13	02:10:09.995	0.58514	0.58518			6
2026.03.13	02:10:12.098	0.58513	0.58517			6
2026.03.13	02:10:31.211	0.58514				2
2026.03.13	02:10:32.112	0.58513				2
2026.03.13	02:10:32.650	0.58514				2
2026.03.13	02:10:32.950	0.58513				2
2026.03.13	02:10:33.251	0.58514				2
2026.03.13	02:10:33.551	0.58513				2
2026.03.13	02:10:36.512	0.58514				2
2026.03.13	02:10:36.813	0.58513				2
2026.03.13	02:10:39.397	0.58514				2
2026.03.13	02:10:44.811		0.58518			4
2026.03.13	02:10:45.111	0.58513	0.58517			6
2026.03.13	02:10:53.834		0.58516			4
2026.03.13	02:10:54.136	0.58514	0.58517			6
2026.03.13	02:10:54.436	0.58515	0.58516			6
2026.03.13	02:10:54.737		0.58518			4
2026.03.13	02:10:55.038	0.58513	0.58516			6
2026.03.13	02:10:55.338	0.58514	0.58517			6
2026.03.13	02:10:55.637	0.58513	0.58516			6
2026.03.13	02:10:55.937	0.58514	0.58517			6
2026.03.13	02:10:56.239	0.58513	0.58516			6
2026.03.13	02:10:56.539	0.58514	0.58517			6
2026.03.13	02:10:56.840	0.58513	0.58515			6
2026.03.13	02:10:57.140		0.58517			4
2026.03.13	02:11:00.142	0.58513	0.58516			6
2026.03.13	02:11:06.755	0.58512	0.58515			6
2026.03.13	02:11:10.061	0.58513	0.58516			6
2026.03.13	02:11:15.766	0.58512	0.58515			6
2026.03.13	02:11:16.066	0.58511	0.58514			6
2026.03.13	02:11:22.373	0.58507	0.58510			6
2026.03.13	02:11:23.274		0.58511			4
2026.03.13	02:11:24.176	0.58506	0.58510			6
2026.03.13	02:11:31.698	0.58507	0.58511			6
2026.03.13	02:11:36.202		0.58510			4
2026.03.13	02:11:46.734	0.58505	0.58508			6
2026.03.13	02:11:47.033	0.58506	0.58509			6
2026.03.13	02:11:47.333		0.58510			4
2026.03.13	02:11:51.840	0.58505	0.58509			6
2026.03.13	02:11:52.140	0.58506				2
2026.03.13	02:11:57.852	0.58505	0.58508			6
2026.03.13	02:12:00.255	0.58505				2
2026.03.13	02:12:02.058	0.58508	0.58511			6
2026.03.13	02:12:03.259	0.58507				2
2026.03.13	02:12:10.170	0.58508				2
2026.03.13	02:12:33.914	0.58510	0.58513			6
2026.03.13	02:12:34.216	0.58512	0.58515			6
2026.03.13	02:12:35.118		0.58516			4
2026.03.13	02:12:39.248	0.58514	0.58518			6
2026.03.13	02:12:42.551	0.58512	0.58516			6
2026.03.13	02:12:43.150	0.58513	0.58517			6
2026.03.13	02:12:50.359	0.58515				2
2026.03.13	02:12:50.660	0.58516	0.58520			6
2026.03.13	02:13:00.283	0.58516				2
2026.03.13	02:13:03.289	0.58517	0.58521			6
2026.03.13	02:13:38.147		0.58520			4
2026.03.13	02:14:00.084	0.58517				2
2026.03.13	02:14:04.294	0.58518	0.58521			6
2026.03.13	02:14:10.301		0.58520			4
2026.03.13	02:14:14.808	0.58517	0.58519			6
2026.03.13	02:14:25.636	0.58516	0.58518			6
2026.03.13	02:14:26.237	0.58514	0.58516			6
2026.03.13	02:14:27.140		0.58517			4
2026.03.13	02:14:30.142		0.58516			4
2026.03.13	02:14:45.469	0.58513	0.58515			6
2026.03.13	02:14:48.471	0.58514	0.58516			6
2026.03.13	02:14:54.488	0.58513	0.58515			6
2026.03.13	02:14:57.196	0.58514	0.58516			6
2026.03.13	02:15:00.207	0.58514				2
2026.03.13	02:15:00.506	0.58512	0.58514			6
2026.03.13	02:15:26.365		0.58513			4
2026.03.13	02:15:27.869		0.58514			4
2026.03.13	02:15:32.372	0.58514	0.58515			6
2026.03.13	02:15:32.671	0.58516	0.58518			6
2026.03.13	02:15:35.673	0.58517	0.58519			6
2026.03.13	02:15:36.875	0.58516	0.58518			6
2026.03.13	02:15:50.394	0.58515	0.58517			6
2026.03.13	02:15:50.995	0.58514	0.58516			6
2026.03.13	02:15:52.496	0.58513	0.58515			6
2026.03.13	02:16:00.004	0.58513				2
2026.03.13	02:16:07.521	0.58508	0.58510			6
2026.03.13	02:16:10.231	0.58511	0.58513			6
2026.03.13	02:16:10.531	0.58510	0.58512			6
2026.03.13	02:16:21.349	0.58509	0.58511			6
2026.03.13	02:16:27.662	0.58508	0.58510			6
2026.03.13	02:16:30.969	0.58509	0.58511			6
2026.03.13	02:16:33.070	0.58508	0.58510			6
2026.03.13	02:16:35.176	0.58509	0.58511			6
2026.03.13	02:16:35.475	0.58508	0.58510			6
2026.03.13	02:16:35.778	0.58509	0.58511			6
2026.03.13	02:16:48.713	0.58508	0.58510			6
2026.03.13	02:16:49.614	0.58509	0.58511			6
2026.03.13	02:16:57.424	0.58508	0.58510			6
2026.03.13	02:17:00.129	0.58508				2
2026.03.13	02:17:03.737	0.58510	0.58512			6
2026.03.13	02:17:13.048	0.58509	0.58511			6
2026.03.13	02:17:13.948	0.58511	0.58513			6
2026.03.13	02:17:15.149	0.58510	0.58512			6
2026.03.13	02:17:32.271	0.58511				2
2026.03.13	02:17:34.074	0.58510				2
2026.03.13	02:17:36.477	0.58509	0.58511			6
2026.03.13	02:17:36.778	0.58510				2
2026.03.13	02:17:49.092	0.58509				2
2026.03.13	02:17:54.199	0.58508	0.58510			6
2026.03.13	02:17:59.011	0.58506	0.58508			6
2026.03.13	02:18:00.212	0.58506				2
2026.03.13	02:18:00.513	0.58507				2
2026.03.13	02:18:02.614	0.58506				2
2026.03.13	02:18:19.452	0.58505	0.58506			6
2026.03.13	02:18:20.955	0.58503	0.58505			6
2026.03.13	02:18:21.254	0.58504				2
2026.03.13	02:18:26.360	0.58501	0.58503			6
2026.03.13	02:18:30.869	0.58500	0.58502			6
2026.03.13	02:18:31.168	0.58499	0.58501			6
2026.03.13	02:18:35.679	0.58498	0.58500			6
2026.03.13	02:18:35.980	0.58499				2
2026.03.13	02:18:37.183	0.58498	0.58499			6
2026.03.13	02:18:38.684		0.58500			4
2026.03.13	02:18:41.092	0.58497	0.58499			6
2026.03.13	02:18:41.393	0.58498	0.58500			6
2026.03.13	02:18:41.694	0.58495	0.58497			6
2026.03.13	02:18:42.293	0.58494	0.58496			6
2026.03.13	02:18:44.697	0.58495	0.58497			6
2026.03.13	02:19:00.036	0.58495				2
2026.03.13	02:19:00.637	0.58494	0.58496			6
2026.03.13	02:19:15.360	0.58495	0.58497			6
2026.03.13	02:19:27.974	0.58494	0.58496			6
2026.03.13	02:19:34.884	0.58495				2
2026.03.13	02:19:35.484		0.58497			4
2026.03.13	02:19:41.791	0.58498	0.58500			6
2026.03.13	02:19:42.091	0.58497	0.58499			6
2026.03.13	02:19:44.194		0.58498			4
2026.03.13	02:19:44.794	0.58498	0.58500			6
2026.03.13	02:19:46.296	0.58499	0.58501			6
2026.03.13	02:19:52.014	0.58500				2
2026.03.13	02:19:55.019		0.58502			4
2026.03.13	02:19:55.318	0.58501				2
2026.03.13	02:19:55.920	0.58503	0.58505			6
2026.03.13	02:19:56.221	0.58504	0.58506			6
2026.03.13	02:20:00.133	0.58504				2
2026.03.13	02:20:10.354	0.58505				2
2026.03.13	02:20:12.156	0.58504				2
2026.03.13	02:20:34.100	0.58505	0.58507			6
2026.03.13	02:20:34.400		0.58506			4
2026.03.13	02:20:35.604	0.58504				2
2026.03.13	02:20:50.628	0.58505				2
2026.03.13	02:20:53.034	0.58504				2
2026.03.13	02:21:00.253	0.58504				2
2026.03.13	02:21:02.055	0.58505				2
2026.03.13	02:21:07.761	0.58504				2
2026.03.13	02:21:08.361	0.58505	0.58507			6
2026.03.13	02:21:09.562		0.58506			4
2026.03.13	02:21:14.970	0.58507	0.58508			6
2026.03.13	02:21:15.271	0.58508	0.58510			6
2026.03.13	02:21:15.573	0.58509				2
2026.03.13	02:21:16.473	0.58508				2
2026.03.13	02:21:20.986	0.58509				2
2026.03.13	02:21:21.286	0.58508				2
2026.03.13	02:21:21.587	0.58505	0.58507			6
2026.03.13	02:21:22.493	0.58504	0.58506			6
2026.03.13	02:21:26.398	0.58505				2
2026.03.13	02:21:30.602	0.58504				2
2026.03.13	02:21:41.120	0.58505				2
2026.03.13	02:21:41.420	0.58504				2
2026.03.13	02:21:44.721	0.58505				2
2026.03.13	02:21:45.320	0.58504				2
2026.03.13	02:21:46.221	0.58505				2
2026.03.13	02:21:49.830	0.58504				2
2026.03.13	02:21:51.632	0.58505				2
2026.03.13	02:21:53.135	0.58504				2
2026.03.13	02:21:58.840	0.58505				2
2026.03.13	02:22:00.041	0.58505				2
2026.03.13	02:22:01.546	0.58504				2
2026.03.13	02:22:21.368	0.58503	0.58505			6
2026.03.13	02:22:22.269	0.58504				2
2026.03.13	02:22:31.282	0.58502	0.58503			6
2026.03.13	02:22:36.390	0.58503	0.58504			6
2026.03.13	02:22:40.594		0.58505			4
2026.03.13	02:22:40.894	0.58504				2
2026.03.13	02:22:54.716	0.58503				2
2026.03.13	02:22:55.017	0.58504				2
2026.03.13	02:22:57.124	0.58503				2
2026.03.13	02:23:00.130	0.58503				2
2026.03.13	02:23:00.732	0.58504				2
2026.03.13	02:23:01.332	0.58505	0.58507			6
2026.03.13	02:23:02.232		0.58506			4
2026.03.13	02:23:03.735	0.58504				2
2026.03.13	02:23:08.242	0.58503	0.58505			6
2026.03.13	02:23:10.347	0.58504				2
2026.03.13	02:23:11.250	0.58503				2
2026.03.13	02:23:14.257	0.58504				2
2026.03.13	02:23:21.469	0.58503	0.58504			6
2026.03.13	02:23:21.768		0.58505			4
2026.03.13	02:23:31.380		0.58504			4
2026.03.13	02:23:31.679	0.58499	0.58501			6
2026.03.13	02:23:35.587	0.58498	0.58500			6
2026.03.13	02:23:36.189	0.58499				2
2026.03.13	02:23:38.293	0.58498				2
2026.03.13	02:23:48.806	0.58497	0.58499			6
2026.03.13	02:23:49.406	0.58498				2
2026.03.13	02:23:49.707	0.58497				2
2026.03.13	02:23:50.307	0.58498				2
2026.03.13	02:23:51.507	0.58496	0.58498			6
2026.03.13	02:23:53.010	0.58495	0.58496			6
2026.03.13	02:23:53.311	0.58494				2
2026.03.13	02:23:56.313	0.58495				2
2026.03.13	02:23:56.915	0.58494				2
2026.03.13	02:23:59.315	0.58495				2
2026.03.13	02:24:00.216	0.58495				2
2026.03.13	02:24:04.426		0.58497			4
2026.03.13	02:24:05.028	0.58496				2
2026.03.13	02:24:07.137	0.58497	0.58498			6
2026.03.13	02:24:08.638	0.58496				2
2026.03.13	02:24:08.938	0.58497				2
2026.03.13	02:24:11.941	0.58496				2
2026.03.13	02:24:12.546	0.58497				2
2026.03.13	02:24:20.054	0.58498	0.58500			6
2026.03.13	02:24:23.655	0.58499				2
2026.03.13	02:24:23.955	0.58498				2
2026.03.13	02:24:30.863		0.58499			4
2026.03.13	02:24:34.169		0.58500			4
2026.03.13	02:24:35.069		0.58499			4
2026.03.13	02:24:42.881	0.58496	0.58498			6
2026.03.13	02:24:43.180	0.58497				2
2026.03.13	02:24:48.894		0.58499			4
2026.03.13	02:24:51.596		0.58498			4
2026.03.13	02:24:51.895	0.58496				2
2026.03.13	02:25:00.014	0.58494	0.58496			6
2026.03.13	02:25:00.616	0.58493	0.58495			6
2026.03.13	02:25:01.516	0.58492	0.58494			6
2026.03.13	02:25:48.415	0.58488	0.58489			6
2026.03.13	02:25:48.715	0.58487				2
2026.03.13	02:25:49.015	0.58489	0.58490			6
2026.03.13	02:25:49.315	0.58488				2
2026.03.13	02:25:58.339	0.58489				2
2026.03.13	02:26:00.144	0.58489				2
2026.03.13	02:26:00.746	0.58490	0.58492			6
2026.03.13	02:26:01.046	0.58491				2
2026.03.13	02:26:01.345		0.58493			4
2026.03.13	02:26:03.750		0.58492			4
2026.03.13	02:26:04.051	0.58490				2
2026.03.13	02:26:04.351	0.58491				2
2026.03.13	02:26:04.652	0.58490				2
2026.03.13	02:26:10.661	0.58489	0.58491			6
2026.03.13	02:26:20.873	0.58493	0.58495			6
2026.03.13	02:26:29.588	0.58491	0.58493			6
2026.03.13	02:26:34.095	0.58489	0.58491			6
2026.03.13	02:26:41.303	0.58488	0.58490			6
2026.03.13	02:26:41.605	0.58487	0.58489			6
2026.03.13	02:26:42.206		0.58490			4
2026.03.13	02:26:49.119		0.58489			4
2026.03.13	02:26:50.623	0.58488	0.58490			6
2026.03.13	02:26:51.225	0.58492	0.58495			6
2026.03.13	02:26:52.128		0.58496			4
2026.03.13	02:26:59.344		0.58495			4
2026.03.13	02:27:00.245	0.58492				2
2026.03.13	02:27:00.545	0.58493	0.58496			6
2026.03.13	02:27:01.145	0.58491	0.58493			6
2026.03.13	02:27:02.347		0.58494			4
2026.03.13	02:27:04.153	0.58490	0.58493			6
2026.03.13	02:27:13.800	0.58492	0.58495			6
2026.03.13	02:27:14.101		0.58496			4
2026.03.13	02:27:17.411	0.58491	0.58494			6
2026.03.13	02:27:19.519	0.58490	0.58493			6
2026.03.13	02:27:20.722	0.58489				2
2026.03.13	02:27:29.351		0.58492			4
2026.03.13	02:27:36.259	0.58487	0.58491			6
2026.03.13	02:27:43.174		0.58490			4
2026.03.13	02:27:51.897	0.58491	0.58492			6
2026.03.13	02:27:52.193		0.58495			4
2026.03.13	02:27:52.495		0.58494			4
2026.03.13	02:27:54.299	0.58490	0.58493			6
2026.03.13	02:27:56.097	0.58488	0.58492			6
2026.03.13	02:27:58.800	0.58490				2
2026.03.13	02:27:59.403	0.58488				2
2026.03.13	02:28:00.002	0.58488				2
2026.03.13	02:28:06.622	0.58489				2
2026.03.13	02:28:06.921	0.58493	0.58497			6
2026.03.13	02:28:39.067		0.58496			4
2026.03.13	02:28:42.673	0.58492				2
2026.03.13	02:29:00.101	0.58492				2
2026.03.13	02:29:09.166		0.58495			4
2026.03.13	02:29:14.872	0.58493	0.58496			6
2026.03.13	02:29:20.280	0.58492	0.58495			6
2026.03.13	02:29:31.701	0.58497	0.58499			6
2026.03.13	02:29:32.001		0.58500			4
2026.03.13	02:29:32.301	0.58493	0.58496			6
2026.03.13	02:29:32.601	0.58494	0.58497			6
2026.03.13	02:29:39.206		0.58496			4
2026.03.13	02:29:47.926	0.58492	0.58494			6
2026.03.13	02:29:52.137	0.58491	0.58493			6
2026.03.13	02:29:53.339	0.58490				2
2026.03.13	02:29:54.240	0.58491				2
2026.03.13	02:30:00.250	0.58491				2
2026.03.13	02:30:01.750	0.58493	0.58495			6
2026.03.13	02:30:03.855	0.58492	0.58494			6
2026.03.13	02:30:04.155	0.58493	0.58495			6
2026.03.13	02:30:11.364	0.58492	0.58494			6
2026.03.13	02:30:11.663	0.58491	0.58493			6
2026.03.13	02:30:11.965	0.58490	0.58491			6
2026.03.13	02:30:12.567	0.58488	0.58490			6
2026.03.13	02:30:13.168		0.58491			4
2026.03.13	02:30:13.771		0.58490			4
2026.03.13	02:30:19.174	0.58491	0.58494			6
2026.03.13	02:30:20.374		0.58495			4
2026.03.13	02:30:20.674	0.58492	0.58496			6
2026.03.13	02:30:22.476	0.58491	0.58494			6
2026.03.13	02:30:27.588	0.58490				2
2026.03.13	02:30:27.888	0.58488	0.58492			6
2026.03.13	02:30:33.005	0.58489	0.58493			6
2026.03.13	02:30:38.715	0.58488	0.58492			6
2026.03.13	02:30:40.822	0.58489	0.58493			6
2026.03.13	02:30:52.239		0.58492			4
2026.03.13	02:31:00.055	0.58489				2
2026.03.13	02:31:15.371	0.58490				2
2026.03.13	02:31:16.572	0.58489	0.58491			6
2026.03.13	02:31:20.180	0.58491	0.58492			6
2026.03.13	02:31:20.479	0.58493	0.58495			6
2026.03.13	02:31:21.382	0.58492				2
2026.03.13	02:31:24.386	0.58491	0.58494			6
2026.03.13	02:31:25.287	0.58492				2
2026.03.13	02:31:25.887	0.58493	0.58495			6
2026.03.13	02:31:26.188	0.58491	0.58493			6
2026.03.13	02:31:43.624	0.58489	0.58491			6
2026.03.13	02:31:45.725	0.58488	0.58490			6
2026.03.13	02:31:46.931	0.58487	0.58488			6
2026.03.13	02:31:47.229	0.58484	0.58486			6
2026.03.13	02:31:48.430	0.58483	0.58487			6
2026.03.13	02:31:53.843	0.58484	0.58488			6
2026.03.13	02:31:54.143	0.58486	0.58490			6
2026.03.13	02:31:54.744	0.58488	0.58492			6
2026.03.13	02:32:00.158	0.58488				2
2026.03.13	02:32:02.861	0.58489				2
2026.03.13	02:32:03.162	0.58491	0.58494			6
2026.03.13	02:32:04.963	0.58490				2
2026.03.13	02:32:09.468		0.58493			4
2026.03.13	02:32:09.768		0.58494			4
2026.03.13	02:32:10.369	0.58492	0.58496			6
2026.03.13	02:32:11.272	0.58494	0.58498			6
2026.03.13	02:32:11.570	0.58493	0.58497			6
2026.03.13	02:32:19.795	0.58495	0.58498			6
2026.03.13	02:32:25.201	0.58498	0.58502			6
2026.03.13	02:32:26.466	0.58500	0.58504			6
2026.03.13	02:32:26.765	0.58499	0.58503			6
2026.03.13	02:32:28.266	0.58500	0.58504			6
2026.03.13	02:32:29.167	0.58498	0.58502			6
2026.03.13	02:32:30.969	0.58499	0.58503			6
2026.03.13	02:32:31.572	0.58498	0.58502			6
2026.03.13	02:32:32.172	0.58499	0.58503			6
2026.03.13	02:32:32.773	0.58498	0.58502			6
2026.03.13	02:32:46.002	0.58502	0.58506			6
2026.03.13	02:32:55.928	0.58501	0.58505			6
2026.03.13	02:33:00.141	0.58501				2
2026.03.13	02:33:00.742	0.58502	0.58506			6
2026.03.13	02:33:13.059	0.58499	0.58503			6
2026.03.13	02:33:13.358		0.58502			4
2026.03.13	02:33:18.166	0.58500	0.58503			6
2026.03.13	02:33:18.465		0.58504			4
2026.03.13	02:33:19.669		0.58503			4
2026.03.13	02:33:20.269		0.58504			4
2026.03.13	02:33:20.869	0.58501				2
2026.03.13	02:33:21.169	0.58502	0.58506			6
2026.03.13	02:33:22.971	0.58503	0.58507			6
2026.03.13	02:33:26.574	0.58502	0.58506			6
2026.03.13	02:33:27.475	0.58503	0.58507			6
2026.03.13	02:33:30.177	0.58505	0.58509			6
2026.03.13	02:33:31.681	0.58504	0.58508			6
2026.03.13	02:33:50.624	0.58503	0.58507			6
2026.03.13	02:34:00.245	0.58503				2
2026.03.13	02:34:04.749	0.58506	0.58509			6
2026.03.13	02:34:05.050	0.58507	0.58511			6
2026.03.13	02:34:06.976	0.58508				2
2026.03.13	02:34:07.270		0.58512			4
2026.03.13	02:34:07.568	0.58509	0.58513			6
2026.03.13	02:34:09.373	0.58508	0.58512			6
2026.03.13	02:34:10.572	0.58507	0.58511			6
2026.03.13	02:34:20.492	0.58505	0.58509			6
2026.03.13	02:34:43.930	0.58503	0.58507			6
2026.03.13	02:35:00.163	0.58503				2
2026.03.13	02:35:19.385		0.58506			4
2026.03.13	02:35:26.000	0.58508	0.58511			6
2026.03.13	02:35:26.303	0.58507				2
2026.03.13	02:35:27.503	0.58503	0.58507			6
2026.03.13	02:35:30.810	0.58506	0.58510			6
2026.03.13	02:35:33.511	0.58507	0.58511			6
2026.03.13	02:35:34.719	0.58509				2
2026.03.13	02:35:35.322	0.58507				2
2026.03.13	02:35:37.123	0.58508	0.58512			6
2026.03.13	02:35:44.645	0.58507	0.58511			6
2026.03.13	02:35:57.868	0.58503	0.58507			6
2026.03.13	02:35:59.069	0.58504	0.58508			6
2026.03.13	02:36:00.273	0.58504				2
2026.03.13	02:36:06.878	0.58503	0.58507			6
2026.03.13	02:36:35.157	0.58504	0.58508			6
2026.03.13	02:36:35.455	0.58505				2
2026.03.13	02:36:36.055		0.58509			4
2026.03.13	02:36:57.391		0.58508			4
2026.03.13	02:36:57.690	0.58503	0.58506			6
2026.03.13	02:36:59.195		0.58507			4
2026.03.13	02:37:00.097	0.58503				2
2026.03.13	02:37:01.598	0.58504	0.58508			6
2026.03.13	02:37:08.203		0.58507			4
2026.03.13	02:37:28.351		0.58506			4
2026.03.13	02:37:51.478	0.58503	0.58505			6
2026.03.13	02:37:52.680	0.58509	0.58511			6
2026.03.13	02:37:54.179	0.58508	0.58512			6
2026.03.13	02:37:56.282	0.58507	0.58511			6
2026.03.13	02:37:59.893	0.58505	0.58509			6
2026.03.13	02:38:00.196	0.58505				2
2026.03.13	02:38:04.701	0.58506	0.58510			6
2026.03.13	02:38:04.999	0.58507	0.58511			6
2026.03.13	02:38:07.111	0.58506	0.58510			6
2026.03.13	02:38:07.406	0.58504	0.58508			6
2026.03.13	02:38:24.865	0.58503	0.58507			6
2026.03.13	02:38:30.272	0.58504				2
2026.03.13	02:38:49.200	0.58505				2
2026.03.13	02:39:00.022	0.58505				2
2026.03.13	02:39:04.826	0.58507	0.58509			6
2026.03.13	02:39:15.647	0.58508	0.58510			6
2026.03.13	02:39:36.079	0.58509				2
2026.03.13	02:39:44.201	0.58508				2
2026.03.13	02:39:51.717	0.58513	0.58515			6
2026.03.13	02:40:00.141	0.58513				2
2026.03.13	02:40:07.651	0.58514	0.58516			6
2026.03.13	02:40:07.949	0.58515				2
2026.03.13	02:40:09.148	0.58514	0.58515			6
2026.03.13	02:40:13.057	0.58510	0.58511			6
2026.03.13	02:40:13.958	0.58509				2
2026.03.13	02:40:14.259		0.58512			4
2026.03.13	02:40:21.164		0.58511			4
2026.03.13	02:40:47.941	0.58508	0.58510			6
