<DATE>	<TIME>	<BID>	<ASK>	<LAST>	<VOLUME>	<FLAGS>
2026.02.26	00:03:31.357	0.59961	0.59991			6
2026.02.26	00:03:40.434	0.59959	0.59992			6
2026.02.26	00:04:00.137	0.59959				2
2026.02.26	00:04:29.322	0.59955	0.59991			6
2026.02.26	00:05:00.237	0.59955				2
2026.02.26	00:05:00.541	0.59957	0.59993			6
2026.02.26	00:06:00.319	0.59957				2
2026.02.26	00:06:00.622		0.59993			4
2026.02.26	00:07:00.092	0.59957				2
2026.02.26	00:07:00.694		0.59993			4
2026.02.26	00:07:01.002	0.59945	0.59981			6
2026.02.26	00:08:00.041	0.59945				2
2026.02.26	00:08:00.649	0.59941	0.59979			6
2026.02.26	00:08:01.642	0.59942	0.59980			6
2026.02.26	00:08:03.554	0.59941	0.59979			6
2026.02.26	00:08:41.140	0.59938	0.59978			6
2026.02.26	00:08:54.641	0.59940	0.59980			6
2026.02.26	00:09:00.206	0.59940				2
2026.02.26	00:09:03.419	0.59941	0.59981			6
2026.02.26	00:09:15.265	0.59935	0.59979			6
2026.02.26	00:10:00.130	0.59935				2
2026.02.26	00:10:02.092	0.59936	0.59980			6
2026.02.26	00:10:10.007	0.59935	0.59979			6
2026.02.26	00:10:25.252	0.59936	0.59980			6
2026.02.26	00:10:48.035	0.59935	0.59979			6
2026.02.26	00:10:58.075	0.59934	0.59982			6
2026.02.26	00:11:00.130	0.59934				2
2026.02.26	00:11:05.993	0.59935	0.59983			6
2026.02.26	00:12:00.228	0.59935				2
2026.02.26	00:12:06.103		0.59983			4
2026.02.26	00:12:31.429	0.59938	0.59986			6
2026.02.26	00:12:31.732	0.59939	0.59987			6
2026.02.26	00:12:32.430	0.59942	0.59984			6
2026.02.26	00:12:34.991	0.59955	0.59986			6
2026.02.26	00:12:37.818	0.59956				2
2026.02.26	00:12:47.831	0.59953	0.59983			6
2026.02.26	00:12:48.454	0.59956	0.59986			6
2026.02.26	00:13:00.024	0.59956				2
2026.02.26	00:13:03.785	0.59964	0.59991			6
2026.02.26	00:13:04.088	0.59967	0.59994			6
2026.02.26	00:13:04.408	0.59965	0.59992			6
2026.02.26	00:13:53.579	0.59967	0.59994			6
2026.02.26	00:14:00.181	0.59967				2
2026.02.26	00:14:53.707		0.59994			4
2026.02.26	00:15:00.129	0.59967				2
2026.02.26	00:15:08.462	0.59956	0.59987			6
2026.02.26	00:15:10.420	0.59958	0.59986			6
2026.02.26	00:15:39.010	0.59956	0.59984			6
2026.02.26	00:15:56.373	0.59965				2
2026.02.26	00:15:56.981	0.59956				2
2026.02.26	00:15:57.624	0.59965				2
2026.02.26	00:15:57.927	0.59956				2
2026.02.26	00:15:58.551	0.59952	0.59982			6
2026.02.26	00:15:59.176	0.59964				2
2026.02.26	00:15:59.480	0.59952				2
2026.02.26	00:15:59.785	0.59964				2
2026.02.26	00:16:00.115	0.59952				2
2026.02.26	00:16:07.818	0.59951	0.59981			6
2026.02.26	00:16:08.489	0.59952	0.59982			6
2026.02.26	00:16:35.265	0.59947	0.59980			6
2026.02.26	00:17:00.303	0.59947				2
2026.02.26	00:17:35.288		0.59980			4
2026.02.26	00:18:00.171	0.59947				2
2026.02.26	00:18:35.349		0.59980			4
2026.02.26	00:19:00.186	0.59947				2
2026.02.26	00:19:05.749	0.59951				2
2026.02.26	00:19:06.055	0.59957	0.59984			6
2026.02.26	00:19:36.804	0.59968	0.59995			6
2026.02.26	00:19:50.000	0.59972	0.59999			6
2026.02.26	00:19:50.343	0.59973	0.60000			6
2026.02.26	00:20:00.133	0.59973				2
2026.02.26	00:20:00.481	0.59964	0.60006			6
2026.02.26	00:20:03.387	0.59966				2
2026.02.26	00:20:05.600	0.59965				2
2026.02.26	00:20:22.201	0.59966				2
2026.02.26	00:20:25.257	0.59978				2
2026.02.26	00:21:00.238	0.59978				2
2026.02.26	00:21:00.588		0.60006			4
2026.02.26	00:21:23.694	0.59983				2
2026.02.26	00:22:00.106	0.59983				2
2026.02.26	00:22:00.760		0.60006			4
2026.02.26	00:22:12.296	0.59987				2
2026.02.26	00:23:00.003	0.59987				2
2026.02.26	00:23:00.956		0.60006			4
2026.02.26	00:23:20.864	0.59988				2
2026.02.26	00:23:40.646	0.59989				2
2026.02.26	00:23:52.540	0.59990				2
2026.02.26	00:23:56.705	0.59989				2
2026.02.26	00:23:58.658	0.59990				2
2026.02.26	00:24:00.265	0.59990				2
2026.02.26	00:24:01.220		0.60006			4
2026.02.26	00:24:12.288	0.59988				2
2026.02.26	00:24:22.296	0.59983	0.60001			6
2026.02.26	00:24:25.504	0.59990	0.60005			6
2026.02.26	00:24:25.814		0.60006			4
2026.02.26	00:24:27.762	0.59989				2
2026.02.26	00:24:53.245	0.59990				2
2026.02.26	00:24:55.805	0.59989				2
2026.02.26	00:25:00.273	0.59989				2
2026.02.26	00:25:11.261	0.59990				2
2026.02.26	00:25:25.866		0.60006			4
2026.02.26	00:25:26.168	0.59978	0.60004			6
2026.02.26	00:25:28.472	0.59971	0.59994			6
2026.02.26	00:25:28.776	0.59963				2
2026.02.26	00:25:29.729		0.59995			4
2026.02.26	00:25:35.899		0.59994			4
2026.02.26	00:25:36.202		0.59995			4
2026.02.26	00:25:43.973	0.59962				2
2026.02.26	00:25:49.442		0.59996			4
2026.02.26	00:26:00.085	0.59962				2
2026.02.26	00:26:12.028		0.59997			4
2026.02.26	00:26:29.889		0.59999			4
2026.02.26	00:26:31.490	0.59960	0.59996			6
2026.02.26	00:26:32.143		0.59995			4
2026.02.26	00:26:41.439	0.59959	0.59993			6
2026.02.26	00:26:54.639	0.59958				2
2026.02.26	00:27:00.114	0.59958				2
2026.02.26	00:27:15.271		0.59994			4
2026.02.26	00:27:44.929	0.59959				2
2026.02.26	00:28:00.279	0.59959				2
2026.02.26	00:28:05.097		0.59995			4
2026.02.26	00:28:09.914	0.59968	0.59996			6
2026.02.26	00:28:36.392	0.59978				2
2026.02.26	00:28:55.726	0.59983				2
2026.02.26	00:29:00.198	0.59983				2
2026.02.26	00:29:10.175		0.59996			4
2026.02.26	00:29:50.118	0.59978				2
2026.02.26	00:29:51.087	0.59958	0.59990			6
2026.02.26	00:29:54.430		0.59992			4
2026.02.26	00:30:00.252	0.59958				2
2026.02.26	00:30:04.554	0.59959	0.59991			6
2026.02.26	00:30:09.331	0.59960	0.59992			6
2026.02.26	00:30:15.845		0.59993			4
2026.02.26	00:30:18.380	0.59959	0.59994			6
2026.02.26	00:30:35.117		0.59993			4
2026.02.26	00:30:35.421		0.59994			4
2026.02.26	00:30:39.308		0.59993			4
2026.02.26	00:30:47.058	0.59958	0.59991			6
2026.02.26	00:30:47.363	0.59960				2
2026.02.26	00:30:47.712	0.59961				2
2026.02.26	00:30:48.366	0.59960				2
2026.02.26	00:30:59.999	0.59959				2
2026.02.26	00:31:00.346	0.59959				2
2026.02.26	00:31:01.949	0.59962				2
2026.02.26	00:31:02.952	0.59963				2
2026.02.26	00:31:03.257	0.59964				2
2026.02.26	00:31:13.989	0.59962				2
2026.02.26	00:31:14.295	0.59961				2
2026.02.26	00:31:27.246	0.59962				2
2026.02.26	00:31:31.851	0.59958	0.59990			6
2026.02.26	00:31:40.533	0.59960	0.59991			6
2026.02.26	00:31:43.745	0.59962				2
2026.02.26	00:31:46.957	0.59960				2
2026.02.26	00:31:50.524	0.59962				2
2026.02.26	00:31:50.866	0.59961				2
2026.02.26	00:32:00.153	0.59961				2
2026.02.26	00:32:10.241		0.59990			4
2026.02.26	00:32:10.543	0.59960				2
2026.02.26	00:32:11.850	0.59961				2
2026.02.26	00:32:17.017		0.59991			4
2026.02.26	00:32:18.017		0.59990			4
2026.02.26	00:32:18.324	0.59960				2
2026.02.26	00:32:24.451		0.59988			4
2026.02.26	00:32:24.754	0.59974	0.59990			6
2026.02.26	00:32:25.104	0.59960	0.59988			6
2026.02.26	00:32:25.406	0.59974	0.59990			6
2026.02.26	00:32:25.710	0.59960	0.59988			6
2026.02.26	00:32:26.059	0.59974	0.59990			6
2026.02.26	00:32:26.364	0.59960	0.59988			6
2026.02.26	00:32:26.710	0.59974	0.59990			6
2026.02.26	00:32:27.014	0.59960	0.59988			6
2026.02.26	00:32:27.318	0.59974	0.59990			6
2026.02.26	00:32:27.667	0.59960	0.59988			6
2026.02.26	00:32:27.968	0.59974	0.59990			6
2026.02.26	00:32:28.318	0.59960				2
2026.02.26	00:32:36.401		0.59991			4
2026.02.26	00:32:39.264		0.59990			4
2026.02.26	00:32:41.217		0.59989			4
2026.02.26	00:32:41.520		0.59988			4
2026.02.26	00:32:45.035		0.59989			4
2026.02.26	00:32:48.901	0.59959				2
2026.02.26	00:32:50.202	0.59960				2
2026.02.26	00:32:53.419	0.59961				2
2026.02.26	00:32:58.539		0.59988			4
2026.02.26	00:33:00.194	0.59961				2
2026.02.26	00:33:05.414	0.59960				2
2026.02.26	00:33:06.369	0.59961	0.59990			6
2026.02.26	00:33:10.534		0.59989			4
2026.02.26	00:33:10.879	0.59960				2
2026.02.26	00:33:14.709		0.59988			4
2026.02.26	00:33:20.872		0.59989			4
2026.02.26	00:33:40.687		0.59988			4
2026.02.26	00:33:56.452	0.59959	0.59987			6
2026.02.26	00:33:56.795		0.59988			4
2026.02.26	00:34:00.061	0.59959	0.59987			6
2026.02.26	00:34:00.413	0.59961				2
2026.02.26	00:34:02.326		0.59988			4
2026.02.26	00:34:05.581	0.59959				2
2026.02.26	00:34:26.350		0.59987			4
2026.02.26	00:34:40.295		0.59988			4
2026.02.26	00:34:40.946	0.59960				2
2026.02.26	00:34:44.464	0.59961				2
2026.02.26	00:34:45.420		0.59989			4
2026.02.26	00:34:50.942		0.59988			4
2026.02.26	00:35:00.324	0.59961				2
2026.02.26	00:35:23.760	0.59960				2
2026.02.26	00:35:26.324	0.59961				2
2026.02.26	00:35:32.442		0.59990			4
2026.02.26	00:35:36.305		0.59989			4
2026.02.26	00:35:45.029		0.59988			4
2026.02.26	00:35:45.332	0.59962	0.59989			6
2026.02.26	00:35:45.681	0.59961				2
2026.02.26	00:35:48.242		0.59988			4
2026.02.26	00:35:48.851	0.59960				2
2026.02.26	00:36:00.147	0.59960	0.59989			6
2026.02.26	00:36:00.494		0.59988			4
2026.02.26	00:36:03.450		0.59987			4
2026.02.26	00:36:06.355		0.59988			4
2026.02.26	00:36:06.660		0.59989			4
2026.02.26	00:36:06.980	0.59959				2
2026.02.26	00:36:10.563	0.59960				2
2026.02.26	00:36:11.564	0.59962				2
2026.02.26	00:36:12.825		0.59990			4
2026.02.26	00:36:26.058	0.59961				2
2026.02.26	00:36:29.622	0.59963				2
2026.02.26	00:36:32.251	0.59962				2
2026.02.26	00:37:00.125	0.59962				2
2026.02.26	00:37:13.123		0.59990			4
2026.02.26	00:37:19.596		0.59991			4
2026.02.26	00:37:19.944		0.59990			4
2026.02.26	00:37:20.247		0.59989			4
2026.02.26	00:37:20.559	0.59961	0.59991			6
2026.02.26	00:37:26.367	0.59962				2
2026.02.26	00:37:31.937		0.59990			4
2026.02.26	00:37:32.241	0.59963	0.59991			6
2026.02.26	00:37:38.014	0.59961				2
2026.02.26	00:37:40.921	0.59962				2
2026.02.26	00:37:44.482	0.59963				2
2026.02.26	00:37:50.402	0.59962				2
2026.02.26	00:37:52.315	0.59963				2
2026.02.26	00:38:00.093	0.59963				2
2026.02.26	00:38:11.226	0.59964	0.59989			6
2026.02.26	00:38:11.528		0.59988			4
2026.02.26	00:38:12.177	0.59965				2
2026.02.26	00:38:16.746	0.59961	0.59989			6
2026.02.26	00:38:17.399	0.59959				2
2026.02.26	00:38:20.005		0.59988			4
2026.02.26	00:38:20.309		0.59987			4
2026.02.26	00:38:22.565		0.59988			4
2026.02.26	00:38:30.637	0.59958				2
2026.02.26	00:38:30.941	0.59959				2
2026.02.26	00:38:31.288	0.59960				2
2026.02.26	00:38:41.888	0.59959				2
2026.02.26	00:38:52.827	0.59960				2
2026.02.26	00:38:53.130	0.59961				2
2026.02.26	00:38:54.084		0.59989			4
2026.02.26	00:38:55.039	0.59960				2
2026.02.26	00:39:00.252	0.59960				2
2026.02.26	00:39:04.865	0.59959				2
2026.02.26	00:39:12.247	0.59960				2
2026.02.26	00:39:15.459	0.59959				2
2026.02.26	00:39:16.415	0.59961				2
2026.02.26	00:39:17.370	0.59962				2
2026.02.26	00:39:26.103		0.59991			4
2026.02.26	00:39:26.410	0.59961				2
2026.02.26	00:39:41.962		0.59990			4
2026.02.26	00:40:00.283	0.59961				2
2026.02.26	00:40:21.867	0.59960				2
2026.02.26	00:40:22.212	0.59959				2
2026.02.26	00:40:27.435	0.59960				2
2026.02.26	00:40:30.492	0.59959				2
2026.02.26	00:40:33.195	0.59960	0.59989			6
2026.02.26	00:40:37.412		0.59991			4
2026.02.26	00:40:37.715	0.59959				2
2026.02.26	00:40:38.024	0.59960				2
2026.02.26	00:40:41.974	0.59961				2
2026.02.26	00:40:47.447		0.59990			4
2026.02.26	00:40:47.761		0.59991			4
2026.02.26	00:40:48.400	0.59962				2
2026.02.26	00:41:00.142	0.59962				2
2026.02.26	00:41:10.274	0.59961				2
2026.02.26	00:41:11.884		0.59990			4
2026.02.26	00:41:14.536		0.59991			4
2026.02.26	00:41:18.056	0.59960				2
2026.02.26	00:41:18.402	0.59961				2
2026.02.26	00:41:20.661		0.59990			4
2026.02.26	00:41:30.895	0.59962				2
2026.02.26	00:41:37.116	0.59961				2
2026.02.26	00:41:46.947	0.59960				2
2026.02.26	00:41:59.344		0.59989			4
2026.02.26	00:42:00.349	0.59960				2
2026.02.26	00:42:14.493	0.59959				2
2026.02.26	00:42:18.406	0.59960				2
2026.02.26	00:42:21.975		0.59990			4
2026.02.26	00:42:22.623	0.59961				2
2026.02.26	00:42:26.892	0.59962				2
2026.02.26	00:42:41.226		0.59991			4
2026.02.26	00:42:41.529		0.59992			4
2026.02.26	00:42:42.180	0.59963				2
2026.02.26	00:42:43.139	0.59964				2
2026.02.26	00:42:48.746	0.59963				2
2026.02.26	00:43:00.186	0.59963	0.59991			6
2026.02.26	00:43:05.452	0.59962				2
2026.02.26	00:43:08.360		0.59990			4
2026.02.26	00:43:17.698		0.59991			4
2026.02.26	00:43:21.302		0.59990			4
2026.02.26	00:43:22.911	0.59961				2
2026.02.26	00:43:23.248		0.59989			4
2026.02.26	00:43:23.560	0.59960	0.59988			6
2026.02.26	00:43:23.862		0.59989			4
2026.02.26	00:43:24.213	0.59962				2
2026.02.26	00:43:26.771	0.59961				2
2026.02.26	00:43:29.983		0.59988			4
2026.02.26	00:43:30.289		0.59990			4
2026.02.26	00:43:30.637		0.59989			4
2026.02.26	00:43:32.595		0.59990			4
2026.02.26	00:43:39.565		0.59989			4
2026.02.26	00:43:59.246	0.59962	0.59991			6
2026.02.26	00:44:00.204	0.59962				2
2026.02.26	00:44:09.534	0.59961	0.59989			6
2026.02.26	00:44:12.143	0.59962	0.59990			6
2026.02.26	00:44:17.362	0.59966				2
2026.02.26	00:44:18.316	0.59962	0.59991			6
2026.02.26	00:44:18.961	0.59961	0.59990			6
2026.02.26	00:44:19.270	0.59966	0.59991			6
2026.02.26	00:44:19.920	0.59962				2
2026.02.26	00:44:20.223	0.59961	0.59990			6
2026.02.26	00:44:20.572	0.59962				2
2026.02.26	00:44:20.874		0.59991			4
2026.02.26	00:44:22.822		0.59990			4
2026.02.26	00:44:23.434	0.59963				2
2026.02.26	00:44:23.748	0.59962	0.59989			6
2026.02.26	00:44:24.062	0.59963	0.59990			6
2026.02.26	00:44:28.509		0.59989			4
2026.02.26	00:44:31.765		0.59990			4
2026.02.26	00:44:36.032		0.59989			4
2026.02.26	00:44:41.154		0.59990			4
2026.02.26	00:44:55.449		0.59989			4
2026.02.26	00:45:00.268	0.59963				2
2026.02.26	00:45:03.177	0.59962	0.59992			6
2026.02.26	00:45:06.694	0.59963	0.59989			6
2026.02.26	00:45:09.958	0.59962	0.59988			6
2026.02.26	00:45:14.351	0.59961				2
2026.02.26	00:45:24.539		0.59987			4
2026.02.26	00:45:25.222	0.59960				2
2026.02.26	00:45:33.804		0.59986			4
2026.02.26	00:45:37.510		0.59987			4
2026.02.26	00:45:38.065	0.59961				2
2026.02.26	00:45:39.611	0.59962				2
2026.02.26	00:45:40.222	0.59961				2
2026.02.26	00:45:40.682	0.59960				2
2026.02.26	00:45:41.438		0.59986			4
2026.02.26	00:45:41.835	0.59958				2
2026.02.26	00:45:42.139	0.59960	0.59987			6
2026.02.26	00:45:42.458	0.59961				2
2026.02.26	00:45:42.758		0.59988			4
2026.02.26	00:45:43.811	0.59960	0.59987			6
2026.02.26	00:45:49.627		0.59986			4
2026.02.26	00:45:49.946	0.59961	0.59987			6
2026.02.26	00:45:51.729	0.59957	0.59985			6
2026.02.26	00:45:52.040	0.59960	0.59986			6
2026.02.26	00:45:53.772	0.59961				2
2026.02.26	00:45:54.102	0.59959	0.59987			6
2026.02.26	00:45:54.763	0.59958	0.59985			6
2026.02.26	00:45:55.088	0.59959				2
2026.02.26	00:45:57.309		0.59986			4
2026.02.26	00:46:02.339	0.59961	0.59988			6
2026.02.26	00:46:07.562	0.59962				2
2026.02.26	00:46:12.460	0.59957				2
2026.02.26	00:46:13.089	0.59962				2
2026.02.26	00:46:15.335	0.59961				2
2026.02.26	00:46:24.999		0.59987			4
2026.02.26	00:46:25.464	0.59960				2
2026.02.26	00:46:25.781	0.59961	0.59989			6
2026.02.26	00:46:29.041	0.59962				2
2026.02.26	00:46:36.068	0.59957	0.59990			6
2026.02.26	00:46:36.713	0.59962				2
2026.02.26	00:46:41.409		0.59989			4
2026.02.26	00:46:58.207		0.59990			4
2026.02.26	00:47:01.199	0.59962	0.59989			6
2026.02.26	00:47:01.791		0.59988			4
2026.02.26	00:47:03.196	0.59957	0.59995			6
2026.02.26	00:47:03.502		0.59994			4
2026.02.26	00:47:06.718	0.59960	0.59986			6
2026.02.26	00:47:15.542		0.59987			4
2026.02.26	00:47:15.872		0.59986			4
2026.02.26	00:47:16.197	0.59961	0.59987			6
2026.02.26	00:47:16.499		0.59986			4
2026.02.26	00:47:17.553		0.59988			4
2026.02.26	00:47:17.865		0.59987			4
2026.02.26	00:47:21.916	0.59960	0.59986			6
2026.02.26	00:47:23.148	0.59959	0.59985			6
2026.02.26	00:47:23.505		0.59986			4
2026.02.26	00:47:30.603	0.59960	0.59987			6
2026.02.26	00:47:32.627	0.59957	0.59988			6
2026.02.26	00:47:32.928	0.59961				2
2026.02.26	00:47:37.107	0.59962				2
2026.02.26	00:47:40.079	0.59960	0.59986			6
2026.02.26	00:47:41.450		0.59985			4
2026.02.26	00:47:55.319	0.59961	0.59987			6
2026.02.26	00:47:55.654	0.59962	0.59988			6
2026.02.26	00:48:05.753	0.59962				2
2026.02.26	00:48:10.392		0.59987			4
2026.02.26	00:48:20.565	0.59961				2
2026.02.26	00:48:38.838	0.59974				2
2026.02.26	00:48:39.185	0.59961				2
2026.02.26	00:48:39.515	0.59974				2
2026.02.26	00:48:39.864	0.59961				2
2026.02.26	00:48:40.207	0.59974				2
2026.02.26	00:48:40.555	0.59961				2
2026.02.26	00:48:40.896	0.59974	0.59986			6
2026.02.26	00:48:41.238	0.59961				2
2026.02.26	00:48:41.557	0.59974				2
2026.02.26	00:48:41.949	0.59961				2
2026.02.26	00:48:42.286	0.59974				2
2026.02.26	00:48:42.598	0.59961				2
2026.02.26	00:48:45.522	0.59960				2
2026.02.26	00:48:48.607		0.59985			4
2026.02.26	00:48:51.240		0.59987			4
2026.02.26	00:48:57.246	0.59961	0.59988			6
2026.02.26	00:48:57.658	0.59960	0.59987			6
2026.02.26	00:49:00.596	0.59961	0.59986			6
2026.02.26	00:49:00.918		0.59985			4
2026.02.26	00:49:01.238	0.59960	0.59987			6
2026.02.26	00:49:06.539	0.59961	0.59986			6
2026.02.26	00:49:27.313	0.59960				2
2026.02.26	00:49:27.637	0.59959	0.59985			6
2026.02.26	00:49:34.861	0.59960	0.59986			6
2026.02.26	00:49:37.440	0.59961				2
2026.02.26	00:49:40.536	0.59965				2
2026.02.26	00:49:41.037	0.59961				2
2026.02.26	00:49:42.536	0.59958				2
2026.02.26	00:49:43.036	0.59961				2
2026.02.26	00:49:43.536	0.59958				2
2026.02.26	00:49:44.037	0.59961				2
2026.02.26	00:50:00.528	0.59961				2
2026.02.26	00:50:06.239		0.59987			4
2026.02.26	00:50:08.233	0.59962	0.59988			6
2026.02.26	00:50:08.559	0.59961				2
2026.02.26	00:50:16.534		0.59987			4
2026.02.26	00:50:21.538	0.59960	0.59986			6
2026.02.26	00:50:22.681	0.59968				2
2026.02.26	00:50:25.453	0.59961				2
2026.02.26	00:50:53.990	0.59960	0.59985			6
2026.02.26	00:51:03.382	0.59959				2
2026.02.26	00:51:31.638	0.59958				2
2026.02.26	00:51:37.479		0.59984			4
2026.02.26	00:51:41.955	0.59959				2
2026.02.26	00:51:42.306		0.59985			4
2026.02.26	00:51:54.798	0.59958	0.59984			6
2026.02.26	00:51:55.265	0.59959				2
2026.02.26	00:52:06.240	0.59958				2
2026.02.26	00:52:08.421		0.59985			4
2026.02.26	00:52:19.985	0.59959				2
2026.02.26	00:53:00.953	0.59959				2
2026.02.26	00:53:08.991		0.59985			4
2026.02.26	00:53:20.584		0.59984			4
2026.02.26	00:53:38.857		0.59985			4
2026.02.26	00:53:48.161		0.59984			4
2026.02.26	00:54:00.667	0.59959				2
2026.02.26	00:54:50.668		0.59984			4
2026.02.26	00:55:02.740	0.59957	0.59983			6
2026.02.26	00:55:09.160		0.59982			4
2026.02.26	00:55:09.478		0.59983			4
2026.02.26	00:55:09.802		0.59982			4
2026.02.26	00:55:12.398		0.59983			4
2026.02.26	00:55:12.710		0.59982			4
2026.02.26	00:55:13.030		0.59983			4
2026.02.26	00:55:17.744	0.59958				2
2026.02.26	00:55:24.507	0.59957				2
2026.02.26	00:55:25.149		0.59982			4
2026.02.26	00:55:33.010		0.59983			4
2026.02.26	00:55:33.311		0.59982			4
2026.02.26	00:55:37.526	0.59958	0.59983			6
2026.02.26	00:55:38.078	0.59957				2
2026.02.26	00:56:00.261	0.59957				2
2026.02.26	00:56:37.696		0.59983			4
2026.02.26	00:57:00.127	0.59957				2
2026.02.26	00:57:37.763		0.59983			4
2026.02.26	00:57:38.368		0.59984			4
2026.02.26	00:57:38.717		0.59983			4
2026.02.26	00:57:39.021		0.59984			4
2026.02.26	00:57:40.322		0.59983			4
2026.02.26	00:58:00.341	0.59957				2
2026.02.26	00:58:03.610		0.59984			4
2026.02.26	00:58:05.267		0.59983			4
2026.02.26	00:58:25.435		0.59982			4
2026.02.26	00:59:00.205	0.59957				2
2026.02.26	00:59:04.165	0.59958				2
2026.02.26	00:59:05.070	0.59957	0.59981			6
2026.02.26	00:59:05.718	0.59958	0.59982			6
2026.02.26	00:59:07.219	0.59957				2
2026.02.26	00:59:07.522	0.59958				2
2026.02.26	00:59:08.218	0.59957				2
2026.02.26	00:59:13.393	0.59958				2
2026.02.26	00:59:14.090	0.59957				2
2026.02.26	00:59:20.824		0.59983			4
2026.02.26	00:59:32.514	0.59958				2
2026.02.26	00:59:33.090	0.59957				2
2026.02.26	00:59:33.419	0.59958				2
2026.02.26	00:59:34.091	0.59957				2
2026.02.26	00:59:35.375	0.59958				2
2026.02.26	00:59:36.000	0.59957				2
2026.02.26	00:59:36.329	0.59958				2
2026.02.26	00:59:37.091	0.59957				2
2026.02.26	00:59:37.428	0.59958				2
2026.02.26	00:59:38.095	0.59957				2
2026.02.26	00:59:38.432	0.59958				2
2026.02.26	00:59:39.093	0.59957				2
2026.02.26	00:59:40.387	0.59958				2
2026.02.26	00:59:41.091	0.59957				2
2026.02.26	00:59:41.391	0.59958				2
2026.02.26	00:59:42.093	0.59957				2
2026.02.26	00:59:44.403	0.59958				2
2026.02.26	00:59:45.093	0.59957				2
2026.02.26	00:59:49.624	0.59958				2
2026.02.26	00:59:50.091	0.59957				2
2026.02.26	00:59:51.377	0.59958				2
2026.02.26	00:59:52.091	0.59957				2
2026.02.26	00:59:52.427	0.59958				2
2026.02.26	00:59:53.092	0.59957				2
2026.02.26	00:59:58.556	0.59958				2
2026.02.26	00:59:59.092	0.59957				2
2026.02.26	00:59:59.407	0.59958				2
2026.02.26	01:00:00.091	0.59957	0.59981			6
2026.02.26	01:00:00.400	0.59979	0.59990			6
2026.02.26	01:00:00.724		0.59992			4
2026.02.26	01:00:01.204		0.59994			4
2026.02.26	01:00:02.137		0.59997			4
2026.02.26	01:00:03.427	0.59985	0.59999			6
2026.02.26	01:00:03.739	0.59986	0.59994			6
2026.02.26	01:00:04.343	0.59972	0.60001			6
2026.02.26	01:00:04.977	0.59970				2
2026.02.26	01:00:05.981	0.59972				2
2026.02.26	01:00:07.636	0.59982				2
2026.02.26	01:00:07.956		0.60002			4
2026.02.26	01:00:18.371		0.60003			4
2026.02.26	01:00:20.929		0.60002			4
2026.02.26	01:00:25.795		0.60001			4
2026.02.26	01:00:26.443	0.59984	0.59991			6
2026.02.26	01:00:26.748	0.59982	0.60007			6
2026.02.26	01:00:27.371		0.60006			4
2026.02.26	01:00:31.509		0.60007			4
2026.02.26	01:00:37.809		0.60004			4
2026.02.26	01:00:52.156	0.60002	0.60005			6
2026.02.26	01:00:52.459	0.59993	0.60016			6
2026.02.26	01:00:52.778	0.59992				2
2026.02.26	01:00:56.822		0.60018			4
2026.02.26	01:01:00.179	0.59998				2
2026.02.26	01:01:01.069	0.59999				2
2026.02.26	01:01:01.986	0.60000				2
2026.02.26	01:01:08.594		0.60019			4
2026.02.26	01:01:10.036	0.59999	0.60018			6
2026.02.26	01:01:11.422	0.59998				2
2026.02.26	01:01:15.615		0.60017			4
2026.02.26	01:01:16.639	0.60003	0.60006			6
2026.02.26	01:01:18.224	0.60004	0.60007			6
2026.02.26	01:01:22.959	0.60005	0.60008			6
2026.02.26	01:01:26.101	0.60006	0.60009			6
2026.02.26	01:01:30.838	0.60005	0.60008			6
2026.02.26	01:01:37.441	0.60004	0.60007			6
2026.02.26	01:01:38.395	0.60005	0.60008			6
2026.02.26	01:01:38.716	0.60004	0.60007			6
2026.02.26	01:01:52.008	0.60005	0.60008			6
2026.02.26	01:02:00.276	0.60005				2
2026.02.26	01:02:00.883	0.60006	0.60009			6
2026.02.26	01:02:04.392	0.60002	0.60005			6
2026.02.26	01:02:04.697	0.60001	0.60004			6
2026.02.26	01:02:05.026	0.60000	0.60003			6
2026.02.26	01:02:05.976	0.59998	0.60001			6
2026.02.26	01:02:06.277	0.59999	0.60002			6
2026.02.26	01:02:13.251	0.59998	0.60001			6
2026.02.26	01:02:13.553	0.59997	0.60000			6
2026.02.26	01:02:13.874	0.59998	0.60001			6
2026.02.26	01:02:15.160	0.59997	0.60000			6
2026.02.26	01:02:15.464	0.59996	0.59999			6
2026.02.26	01:02:17.667	0.59997	0.60000			6
2026.02.26	01:02:22.705	0.59998	0.60001			6
2026.02.26	01:02:27.467	0.59997	0.60000			6
2026.02.26	01:02:28.097	0.59998	0.60001			6
2026.02.26	01:02:28.727	0.59997	0.60000			6
2026.02.26	01:02:30.607	0.59998	0.60001			6
2026.02.26	01:02:31.866	0.59997	0.60000			6
2026.02.26	01:02:33.746	0.59996	0.59999			6
2026.02.26	01:02:39.091	0.59997	0.60000			6
2026.02.26	01:02:47.668	0.59996	0.59999			6
2026.02.26	01:02:52.053	0.59997	0.60000			6
2026.02.26	01:02:53.308	0.59998	0.60001			6
2026.02.26	01:02:53.611		0.60000			4
2026.02.26	01:02:53.943	0.59997				2
2026.02.26	01:02:55.220	0.59999	0.60002			6
2026.02.26	01:03:00.011	0.59999				2
2026.02.26	01:03:00.330	0.60000	0.60003			6
2026.02.26	01:03:01.265	0.60002	0.60005			6
2026.02.26	01:03:01.870	0.60001	0.60004			6
2026.02.26	01:03:11.716	0.60002	0.60005			6
2026.02.26	01:03:15.814	0.60001	0.60004			6
2026.02.26	01:03:20.179	0.60002	0.60005			6
2026.02.26	01:03:21.454	0.60001	0.60004			6
2026.02.26	01:03:27.466	0.59999	0.60002			6
2026.02.26	01:03:27.795	0.59997	0.60000			6
2026.02.26	01:03:29.974	0.59999	0.60002			6
2026.02.26	01:03:30.303	0.59998	0.60001			6
2026.02.26	01:03:30.606	0.59996	0.59999			6
2026.02.26	01:03:31.228	0.59995	0.59998			6
2026.02.26	01:03:36.895	0.59996	0.59999			6
2026.02.26	01:03:38.481	0.59995	0.59998			6
2026.02.26	01:03:40.691	0.59996	0.59999			6
2026.02.26	01:03:50.837	0.59995	0.59998			6
2026.02.26	01:03:54.629	0.59996	0.59999			6
2026.02.26	01:03:55.251	0.59995	0.59998			6
2026.02.26	01:04:00.295	0.59995				2
2026.02.26	01:04:01.219	0.59994	0.59997			6
2026.02.26	01:04:04.119	0.59993	0.59996			6
2026.02.26	01:04:06.960	0.59991	0.59992			6
2026.02.26	01:04:07.263	0.59987	0.59990			6
2026.02.26	01:04:07.566	0.59988	0.59991			6
2026.02.26	01:04:07.884	0.59987	0.59990			6
2026.02.26	01:04:08.188	0.59988	0.59991			6
2026.02.26	01:04:16.411	0.59987	0.59990			6
2026.02.26	01:04:17.996	0.59986	0.59989			6
2026.02.26	01:04:20.524	0.59985	0.59987			6
2026.02.26	01:04:21.456	0.59984				2
2026.02.26	01:04:27.096	0.59985	0.59988			6
2026.02.26	01:04:27.427	0.59988	0.59990			6
2026.02.26	01:04:28.364	0.59986	0.59989			6
2026.02.26	01:04:28.676	0.59988	0.59991			6
2026.02.26	01:04:28.981	0.59987	0.59990			6
2026.02.26	01:04:44.148	0.59989	0.59992			6
2026.02.26	01:04:44.450	0.59990	0.59993			6
2026.02.26	01:04:45.084	0.59989	0.59992			6
2026.02.26	01:04:49.841	0.59990	0.59993			6
2026.02.26	01:04:54.837	0.59991	0.59994			6
2026.02.26	01:05:00.158	0.59991				2
2026.02.26	01:05:03.300	0.59992	0.59995			6
2026.02.26	01:05:07.377	0.59993	0.59996			6
2026.02.26	01:05:08.009	0.59994	0.59997			6
2026.02.26	01:05:11.528	0.59995	0.59998			6
2026.02.26	01:05:28.337	0.59996	0.59999			6
2026.02.26	01:05:30.948	0.59995	0.59998			6
2026.02.26	01:05:42.532	0.59996	0.59999			6
2026.02.26	01:05:43.232	0.59995	0.59998			6
2026.02.26	01:05:49.800	0.59996	0.59999			6
2026.02.26	01:05:56.582	0.59997	0.60000			6
2026.02.26	01:05:58.539	0.59998	0.60001			6
2026.02.26	01:06:00.101	0.59998				2
2026.02.26	01:06:03.708	0.59997	0.59998			6
2026.02.26	01:06:04.011	0.59998	0.60001			6
2026.02.26	01:06:04.360	0.59997	0.59998			6
2026.02.26	01:06:04.666	0.59998	0.60001			6
2026.02.26	01:06:05.014	0.59997	0.59998			6
2026.02.26	01:06:05.364	0.59998	0.60001			6
2026.02.26	01:06:05.713	0.59997	0.59998			6
2026.02.26	01:06:06.016	0.59999	0.60002			6
2026.02.26	01:06:06.367	0.59997	0.59998			6
2026.02.26	01:06:06.672	0.59999	0.60002			6
2026.02.26	01:06:41.929	0.60001	0.60004			6
2026.02.26	01:06:50.109	0.60002	0.60005			6
2026.02.26	01:06:54.280	0.60003	0.60006			6
2026.02.26	01:06:59.596	0.60004	0.60007			6
2026.02.26	01:07:00.245	0.60004				2
2026.02.26	01:07:01.900	0.60003	0.60006			6
2026.02.26	01:07:17.763	0.60002	0.60005			6
2026.02.26	01:07:30.895	0.60000	0.60003			6
2026.02.26	01:07:34.460	0.59999	0.60002			6
2026.02.26	01:07:36.420	0.60003	0.60006			6
2026.02.26	01:08:00.057	0.60003				2
2026.02.26	01:08:07.935	0.60004	0.60007			6
2026.02.26	01:08:22.678	0.60005	0.60008			6
2026.02.26	01:08:28.342	0.60006	0.60009			6
2026.02.26	01:08:30.304	0.60008	0.60011			6
2026.02.26	01:08:31.300	0.60007	0.60010			6
2026.02.26	01:08:40.531	0.60008	0.60011			6
2026.02.26	01:08:40.878	0.60007	0.60010			6
2026.02.26	01:08:47.449	0.60008	0.60011			6
2026.02.26	01:08:54.068	0.60007	0.60010			6
2026.02.26	01:09:00.290	0.60007				2
2026.02.26	01:09:02.251	0.60009	0.60012			6
2026.02.26	01:09:02.596	0.60010	0.60013			6
2026.02.26	01:09:12.431	0.60011	0.60014			6
2026.02.26	01:09:12.732	0.60010	0.60013			6
2026.02.26	01:09:19.001	0.60011	0.60014			6
2026.02.26	01:09:22.914	0.60009	0.60012			6
2026.02.26	01:09:49.081	0.60008	0.60011			6
2026.02.26	01:10:00.285	0.60008				2
2026.02.26	01:10:41.529	0.60009	0.60012			6
2026.02.26	01:10:42.182	0.60008	0.60011			6
2026.02.26	01:10:46.499	0.60009	0.60012			6
2026.02.26	01:10:47.151	0.60010	0.60013			6
2026.02.26	01:11:00.239	0.60010				2
2026.02.26	01:11:16.188		0.60012			4
2026.02.26	01:11:25.016	0.60011	0.60013			6
2026.02.26	01:11:25.317	0.60010				2
2026.02.26	01:11:26.323	0.60011				2
2026.02.26	01:11:31.989	0.60010	0.60012			6
2026.02.26	01:11:32.291	0.60009				2
2026.02.26	01:11:32.641	0.60008	0.60011			6
2026.02.26	01:11:32.944	0.60006	0.60009			6
2026.02.26	01:11:33.898	0.60005	0.60008			6
2026.02.26	01:11:34.245	0.60004	0.60007			6
2026.02.26	01:11:34.550	0.60005	0.60008			6
2026.02.26	01:11:40.715	0.60004	0.60007			6
2026.02.26	01:11:43.324	0.60003	0.60006			6
2026.02.26	01:12:00.034	0.60003				2
2026.02.26	01:12:08.568	0.60004	0.60007			6
2026.02.26	01:12:11.879	0.60003	0.60006			6
2026.02.26	01:12:21.060	0.60004	0.60007			6
2026.02.26	01:12:35.209	0.60005				2
2026.02.26	01:12:35.831	0.60007	0.60009			6
2026.02.26	01:12:36.135	0.60006				2
2026.02.26	01:12:48.605	0.60008	0.60011			6
2026.02.26	01:12:50.866	0.60009	0.60012			6
2026.02.26	01:12:52.869	0.60008	0.60011			6
2026.02.26	01:13:00.045	0.60008				2
2026.02.26	01:13:00.349	0.60009	0.60012			6
2026.02.26	01:13:10.085	0.60008	0.60011			6
2026.02.26	01:13:15.046	0.60009	0.60012			6
2026.02.26	01:13:16.353		0.60011			4
2026.02.26	01:13:34.825	0.60004	0.60005			6
2026.02.26	01:13:35.128	0.60000	0.60003			6
2026.02.26	01:13:35.779	0.60001	0.60004			6
2026.02.26	01:13:36.129	0.60000	0.60003			6
2026.02.26	01:13:41.654	0.60001	0.60004			6
2026.02.26	01:13:45.521	0.60000	0.60003			6
2026.02.26	01:13:51.739	0.59999	0.60002			6
2026.02.26	01:13:52.391	0.59998	0.60001			6
2026.02.26	01:14:00.166	0.59998				2
2026.02.26	01:14:13.918	0.60003	0.60006			6
2026.02.26	01:14:14.221	0.60005	0.60008			6
2026.02.26	01:15:00.017	0.60005				2
2026.02.26	01:15:14.413		0.60008			4
2026.02.26	01:15:18.725	0.60004	0.60007			6
2026.02.26	01:15:48.035	0.60003	0.60006			6
2026.02.26	01:15:59.133	0.60004	0.60007			6
2026.02.26	01:16:00.087	0.60004				2
2026.02.26	01:16:01.689	0.60003	0.60006			6
2026.02.26	01:16:12.382	0.60004	0.60007			6
2026.02.26	01:16:31.087		0.60006			4
2026.02.26	01:16:31.389	0.59998	0.60001			6
2026.02.26	01:16:31.741	0.59995	0.59998			6
2026.02.26	01:16:39.817	0.59996	0.59999			6
2026.02.26	01:16:40.165	0.59995	0.59998			6
2026.02.26	01:16:41.420	0.59991	0.59994			6
2026.02.26	01:16:52.053	0.59993	0.59996			6
2026.02.26	01:16:52.357	0.59995	0.59998			6
2026.02.26	01:17:00.132	0.59995				2
2026.02.26	01:17:09.363	0.59996	0.59999			6
2026.02.26	01:17:17.333	0.59995	0.59998			6
2026.02.26	01:17:23.647	0.59997	0.60000			6
2026.02.26	01:17:30.870	0.59998	0.60001			6
2026.02.26	01:17:40.702	0.59999	0.60002			6
2026.02.26	01:17:52.377	0.60000	0.60003			6
2026.02.26	01:17:55.988	0.59999	0.60002			6
2026.02.26	01:18:00.301	0.59999				2
2026.02.26	01:18:15.412	0.60001	0.60004			6
2026.02.26	01:18:16.016	0.60002	0.60005			6
2026.02.26	01:18:18.977	0.60001	0.60004			6
2026.02.26	01:18:19.323	0.60002	0.60005			6
2026.02.26	01:18:23.244	0.60000	0.60003			6
2026.02.26	01:18:24.595	0.59999	0.60002			6
2026.02.26	01:18:35.176	0.60000	0.60003			6
2026.02.26	01:18:40.397	0.60001	0.60004			6
2026.02.26	01:18:44.968	0.60000	0.60003			6
2026.02.26	01:18:45.966	0.59999	0.60002			6
2026.02.26	01:18:47.972	0.60000	0.60003			6
2026.02.26	01:18:51.629	0.59999	0.60002			6
2026.02.26	01:18:53.234	0.60000	0.60003			6
2026.02.26	01:18:59.406	0.59999	0.60002			6
2026.02.26	01:19:00.059	0.59999				2
2026.02.26	01:19:02.063	0.59998	0.60001			6
2026.02.26	01:19:24.984	0.60000	0.60003			6
2026.02.26	01:19:29.246	0.60002	0.60005			6
2026.02.26	01:19:29.897	0.60003	0.60006			6
2026.02.26	01:19:33.160	0.60004	0.60007			6
2026.02.26	01:19:33.812	0.60003	0.60006			6
2026.02.26	01:19:34.767	0.60002	0.60005			6
2026.02.26	01:19:39.379	0.60003	0.60006			6
2026.02.26	01:19:40.730	0.60002	0.60005			6
2026.02.26	01:19:49.258	0.60001	0.60004			6
2026.02.26	01:19:59.741	0.60000	0.60003			6
2026.02.26	01:20:00.090	0.60000				2
2026.02.26	01:20:01.095	0.60004	0.60007			6
2026.02.26	01:20:01.445	0.60003	0.60006			6
2026.02.26	01:20:08.465	0.60004	0.60007			6
2026.02.26	01:20:25.570	0.60000	0.60003			6
2026.02.26	01:20:25.915	0.60001	0.60004			6
2026.02.26	01:20:26.265	0.60000	0.60003			6
2026.02.26	01:20:31.444	0.60001	0.60004			6
2026.02.26	01:20:32.794	0.60004	0.60007			6
2026.02.26	01:20:33.495	0.60005	0.60008			6
2026.02.26	01:20:34.498	0.60004	0.60007			6
2026.02.26	01:20:35.804	0.60003	0.60006			6
2026.02.26	01:20:44.331	0.60002	0.60005			6
2026.02.26	01:20:47.594	0.60003	0.60006			6
2026.02.26	01:21:00.085	0.60003				2
2026.02.26	01:21:04.656	0.60006	0.60007			6
2026.02.26	01:21:04.965	0.60007	0.60010			6
2026.02.26	01:21:05.308		0.60008			4
2026.02.26	01:21:05.657		0.60010			4
2026.02.26	01:21:05.961		0.60008			4
2026.02.26	01:21:06.264	0.60006	0.60009			6
2026.02.26	01:21:06.614		0.60007			4
2026.02.26	01:21:06.919		0.60009			4
2026.02.26	01:21:07.266		0.60007			4
2026.02.26	01:21:07.571		0.60009			4
2026.02.26	01:21:07.874		0.60007			4
2026.02.26	01:21:08.219		0.60009			4
2026.02.26	01:21:08.874	0.60007	0.60010			6
2026.02.26	01:21:52.923	0.60011	0.60014			6
2026.02.26	01:21:53.228	0.60012	0.60015			6
2026.02.26	01:21:56.586	0.60013	0.60016			6
2026.02.26	01:22:00.147	0.60013				2
2026.02.26	01:22:36.669	0.60012	0.60015			6
2026.02.26	01:22:37.017	0.60013	0.60016			6
2026.02.26	01:22:37.719	0.60012	0.60015			6
2026.02.26	01:22:39.679	0.60011	0.60014			6
2026.02.26	01:22:49.207	0.60010	0.60013			6
2026.02.26	01:22:53.678	0.60009	0.60012			6
2026.02.26	01:23:00.291	0.60009				2
2026.02.26	01:23:00.643	0.60008	0.60011			6
2026.02.26	01:23:01.292	0.60009	0.60012			6
2026.02.26	01:23:14.391	0.60011	0.60014			6
2026.02.26	01:23:15.040	0.60010	0.60013			6
2026.02.26	01:23:15.344	0.60011	0.60014			6
2026.02.26	01:23:16.952	0.60010	0.60013			6
2026.02.26	01:23:19.213	0.60011	0.60014			6
2026.02.26	01:23:25.734	0.60012	0.60015			6
2026.02.26	01:23:26.787	0.60011	0.60014			6
2026.02.26	01:23:43.987	0.60012	0.60015			6
2026.02.26	01:23:45.642	0.60014	0.60017			6
2026.02.26	01:23:46.644	0.60013	0.60016			6
2026.02.26	01:23:47.649	0.60012	0.60015			6
2026.02.26	01:23:49.003	0.60011	0.60014			6
2026.02.26	01:23:55.321	0.60010	0.60013			6
2026.02.26	01:24:00.244	0.60010				2
2026.02.26	01:24:03.550	0.60011	0.60014			6
2026.02.26	01:24:09.822	0.60009	0.60012			6
2026.02.26	01:24:18.145	0.60010	0.60013			6
2026.02.26	01:24:20.147	0.60011	0.60014			6
2026.02.26	01:24:20.450	0.60012	0.60015			6
2026.02.26	01:24:24.317	0.60011	0.60014			6
2026.02.26	01:24:38.613	0.60012	0.60015			6
2026.02.26	01:24:42.835	0.60011	0.60014			6
2026.02.26	01:24:43.490	0.60012	0.60015			6
2026.02.26	01:24:57.879	0.60011	0.60014			6
2026.02.26	01:24:58.182	0.60013	0.60015			6
2026.02.26	01:25:00.057	0.60014	0.60016			6
2026.02.26	01:25:05.158	0.60013	0.60015			6
2026.02.26	01:25:08.291	0.60014	0.60016			6
2026.02.26	01:25:10.197	0.60013	0.60015			6
2026.02.26	01:25:10.831	0.60014	0.60016			6
2026.02.26	01:25:34.381	0.60016	0.60018			6
2026.02.26	01:25:34.711	0.60015	0.60017			6
2026.02.26	01:25:46.700	0.60014	0.60016			6
2026.02.26	01:25:55.837	0.60013	0.60015			6
2026.02.26	01:26:00.245	0.60013				2
2026.02.26	01:26:05.920	0.60012	0.60014			6
2026.02.26	01:26:41.299	0.60009	0.60011			6
2026.02.26	01:26:41.651	0.60008	0.60010			6
2026.02.26	01:26:44.557	0.60009	0.60011			6
2026.02.26	01:26:45.561	0.60011	0.60013			6
2026.02.26	01:26:57.004	0.60012	0.60014			6
2026.02.26	01:26:59.268	0.60013	0.60015			6
2026.02.26	01:27:00.267	0.60013				2
2026.02.26	01:27:10.003	0.60012	0.60014			6
2026.02.26	01:27:15.322	0.60014	0.60016			6
2026.02.26	01:27:36.399	0.60013	0.60015			6
2026.02.26	01:27:37.048	0.60012	0.60014			6
2026.02.26	01:27:53.706	0.60013	0.60015			6
2026.02.26	01:27:55.363	0.60012	0.60014			6
2026.02.26	01:28:00.282	0.60012				2
2026.02.26	01:28:30.442	0.60013	0.60015			6
2026.02.26	01:28:31.444	0.60014	0.60016			6
2026.02.26	01:28:38.925	0.60013	0.60015			6
2026.02.26	01:28:43.436	0.60012	0.60014			6
2026.02.26	01:28:46.002	0.60013	0.60015			6
2026.02.26	01:28:55.080	0.60012	0.60014			6
2026.02.26	01:29:00.043	0.60012				2
2026.02.26	01:29:15.049	0.60013	0.60015			6
2026.02.26	01:29:17.002	0.60012	0.60014			6
2026.02.26	01:29:17.312	0.60011	0.60013			6
2026.02.26	01:29:19.259	0.60010	0.60012			6
2026.02.26	01:29:21.861	0.60009	0.60011			6
2026.02.26	01:29:30.296	0.60010	0.60012			6
2026.02.26	01:29:31.899	0.60009	0.60011			6
2026.02.26	01:30:00.305	0.60009				2
2026.02.26	01:30:23.938	0.60010	0.60012			6
2026.02.26	01:30:24.264	0.60012	0.60014			6
2026.02.26	01:30:34.822	0.60013	0.60015			6
2026.02.26	01:30:36.472	0.60012	0.60014			6
2026.02.26	01:30:43.705	0.60010	0.60012			6
2026.02.26	01:30:44.392	0.60009	0.60011			6
2026.02.26	01:31:00.102	0.60009				2
2026.02.26	01:31:04.713	0.60008	0.60010			6
2026.02.26	01:31:05.017	0.60009	0.60011			6
2026.02.26	01:31:35.188	0.60008	0.60010			6
2026.02.26	01:31:36.145	0.60007	0.60009			6
2026.02.26	01:31:40.156	0.60006	0.60008			6
2026.02.26	01:31:40.459	0.60007	0.60009			6
2026.02.26	01:32:00.065	0.60007				2
2026.02.26	01:32:19.330	0.60003	0.60005			6
2026.02.26	01:32:24.550	0.60002	0.60004			6
2026.02.26	01:32:34.636	0.60000	0.60002			6
2026.02.26	01:32:35.592	0.59999	0.60001			6
2026.02.26	01:32:35.939	0.60000	0.60002			6
2026.02.26	01:32:36.593	0.60002	0.60004			6
2026.02.26	01:32:38.249	0.60003	0.60005			6
2026.02.26	01:32:39.552	0.60004	0.60006			6
2026.02.26	01:32:40.250	0.60003				2
2026.02.26	01:32:42.210	0.60004				2
2026.02.26	01:32:49.037	0.60003	0.60005			6
2026.02.26	01:32:49.643	0.60004	0.60006			6
2026.02.26	01:32:49.993	0.60003	0.60005			6
2026.02.26	01:32:52.554	0.60004	0.60006			6
2026.02.26	01:33:00.078	0.60004				2
2026.02.26	01:33:14.573	0.60006	0.60008			6
2026.02.26	01:33:16.527	0.60005	0.60007			6
2026.02.26	01:33:16.831	0.60007	0.60009			6
2026.02.26	01:33:19.144	0.60008	0.60010			6
2026.02.26	01:33:19.491	0.60007	0.60009			6
2026.02.26	01:33:41.179	0.60004	0.60006			6
2026.02.26	01:33:42.178	0.60003				2
2026.02.26	01:33:42.820	0.60002	0.60005			6
2026.02.26	01:34:00.042	0.60002				2
2026.02.26	01:34:00.387		0.60004			4
2026.02.26	01:34:05.148		0.60005			4
2026.02.26	01:34:06.405		0.60004			4
2026.02.26	01:34:13.224	0.60001	0.60003			6
2026.02.26	01:34:21.287	0.59998	0.60000			6
2026.02.26	01:34:22.263	0.59997				2
2026.02.26	01:34:23.269	0.59995	0.59998			6
2026.02.26	01:34:29.286	0.59994	0.59997			6
2026.02.26	01:34:34.649	0.59993	0.59996			6
2026.02.26	01:34:40.217	0.59992	0.59995			6
2026.02.26	01:34:41.520	0.59991	0.59994			6
2026.02.26	01:34:48.344	0.59989	0.59992			6
2026.02.26	01:34:58.866	0.59991	0.59994			6
2026.02.26	01:35:00.174	0.59991				2
2026.02.26	01:35:13.614	0.59988	0.59991			6
2026.02.26	01:35:14.620	0.59989	0.59992			6
2026.02.26	01:35:19.540	0.59986	0.59989			6
2026.02.26	01:35:19.845	0.59984	0.59987			6
2026.02.26	01:35:23.804	0.59985	0.59988			6
2026.02.26	01:35:25.558	0.59987	0.59990			6
2026.02.26	01:35:32.830	0.59989	0.59992			6
2026.02.26	01:35:50.945	0.59988	0.59991			6
2026.02.26	01:36:00.125	0.59989	0.59992			6
2026.02.26	01:36:04.740	0.59988	0.59991			6
2026.02.26	01:36:07.391	0.59989	0.59992			6
2026.02.26	01:36:08.091	0.59988	0.59991			6
2026.02.26	01:36:17.178	0.59989	0.59992			6
2026.02.26	01:36:20.391	0.59991	0.59994			6
2026.02.26	01:36:51.254	0.59990	0.59993			6
2026.02.26	01:36:52.239	0.59991	0.59994			6
2026.02.26	01:36:55.522	0.59992	0.59995			6
2026.02.26	01:36:56.218	0.59991	0.59994			6
2026.02.26	01:36:56.522	0.59992	0.59995			6
2026.02.26	01:37:00.036	0.59992				2
2026.02.26	01:37:04.352	0.59995	0.59997			6
2026.02.26	01:37:04.653	0.59996	0.59999			6
2026.02.26	01:37:06.612	0.59997	0.60000			6
2026.02.26	01:37:07.866	0.59996	0.59999			6
2026.02.26	01:37:08.519	0.59997	0.60000			6
2026.02.26	01:37:10.877	0.59996	0.59999			6
2026.02.26	01:37:22.872	0.59998				2
2026.02.26	01:37:23.176	0.59996				2
2026.02.26	01:37:23.528	0.59997				2
2026.02.26	01:37:23.830	0.59996				2
2026.02.26	01:37:24.179	0.59997				2
2026.02.26	01:37:24.483	0.59996				2
2026.02.26	01:37:24.832	0.59997				2
2026.02.26	01:37:25.135	0.59994	0.59996			6
2026.02.26	01:37:25.439		0.59997			4
2026.02.26	01:37:25.789		0.59996			4
2026.02.26	01:37:26.093	0.59993	0.59995			6
2026.02.26	01:37:26.439	0.59992				2
2026.02.26	01:37:26.789	0.59993				2
2026.02.26	01:37:27.091	0.59992				2
2026.02.26	01:37:37.482	0.59991	0.59994			6
2026.02.26	01:37:41.046	0.59988	0.59991			6
2026.02.26	01:37:41.348	0.59987	0.59990			6
2026.02.26	01:37:43.402	0.59986	0.59989			6
2026.02.26	01:38:00.123	0.59986				2
2026.02.26	01:38:00.440	0.59987	0.59990			6
2026.02.26	01:38:13.466	0.59988	0.59991			6
2026.02.26	01:38:18.589	0.59987	0.59990			6
2026.02.26	01:38:19.590	0.59988	0.59991			6
2026.02.26	01:38:28.823	0.59987	0.59990			6
2026.02.26	01:38:29.171	0.59986	0.59989			6
2026.02.26	01:38:37.696	0.59990	0.59992			6
2026.02.26	01:38:38.045		0.59993			4
2026.02.26	01:38:42.514	0.59991	0.59994			6
2026.02.26	01:38:44.772	0.59992	0.59995			6
2026.02.26	01:38:51.339	0.59991	0.59994			6
2026.02.26	01:39:00.174	0.59991				2
2026.02.26	01:39:01.783	0.59992	0.59995			6
2026.02.26	01:39:03.136	0.59993	0.59996			6
2026.02.26	01:39:05.395		0.59995			4
2026.02.26	01:39:09.963	0.59992				2
2026.02.26	01:39:12.221	0.59993				2
2026.02.26	01:39:20.242		0.59996			4
2026.02.26	01:39:22.543	0.59994	0.59997			6
2026.02.26	01:39:23.496	0.59993	0.59996			6
2026.02.26	01:39:46.117	0.59995	0.59998			6
2026.02.26	01:39:47.084	0.59994	0.59997			6
2026.02.26	01:39:52.387	0.59995	0.59998			6
2026.02.26	01:39:55.443	0.59997	0.60000			6
2026.02.26	01:39:59.148	0.59994	0.59997			6
2026.02.26	01:39:59.452	0.59993	0.59996			6
2026.02.26	01:40:00.102	0.59992	0.59995			6
2026.02.26	01:40:04.469	0.59991	0.59994			6
2026.02.26	01:40:06.123	0.59992	0.59995			6
2026.02.26	01:40:14.701	0.59993	0.59996			6
2026.02.26	01:40:34.909	0.59992	0.59995			6
2026.02.26	01:40:53.467	0.59993	0.59996			6
2026.02.26	01:40:53.799	0.59994	0.59997			6
2026.02.26	01:41:00.088	0.59994				2
2026.02.26	01:41:10.268	0.59993	0.59996			6
2026.02.26	01:41:21.131	0.59994	0.59997			6
2026.02.26	01:41:21.453	0.59993	0.59996			6
2026.02.26	01:41:33.336	0.59992	0.59995			6
2026.02.26	01:41:34.988	0.59993	0.59996			6
2026.02.26	01:41:37.999		0.59995			4
2026.02.26	01:41:47.885	0.59992				2
2026.02.26	01:41:55.113	0.59993	0.59996			6
2026.02.26	01:41:55.458	0.59994				2
2026.02.26	01:41:55.762	0.59997	0.60000			6
2026.02.26	01:42:00.327	0.59997				2
2026.02.26	01:42:00.948	0.59994	0.59997			6
2026.02.26	01:42:01.279	0.59993	0.59996			6
2026.02.26	01:42:01.585	0.59994	0.59997			6
2026.02.26	01:42:02.239	0.59996	0.60000			6
2026.02.26	01:42:02.890	0.59995	0.59999			6
2026.02.26	01:42:03.847	0.59994	0.59998			6
2026.02.26	01:42:09.414	0.59993	0.59997			6
2026.02.26	01:42:14.080		0.59996			4
2026.02.26	01:42:15.407	0.59992				2
2026.02.26	01:42:16.689	0.59993	0.59997			6
2026.02.26	01:42:20.296		0.59996			4
2026.02.26	01:42:20.600	0.59992				2
2026.02.26	01:42:24.162	0.59993				2
2026.02.26	01:42:25.769	0.59992				2
2026.02.26	01:42:28.419	0.59993				2
2026.02.26	01:42:32.002	0.59992				2
2026.02.26	01:42:35.650	0.59993				2
2026.02.26	01:42:37.560	0.59992				2
2026.02.26	01:42:50.602	0.59990	0.59994			6
2026.02.26	01:42:51.651	0.59992	0.59996			6
2026.02.26	01:42:55.263	0.59993	0.59997			6
2026.02.26	01:42:55.614	0.59992	0.59996			6
2026.02.26	01:43:00.081	0.59992				2
2026.02.26	01:43:02.085	0.59994	0.59998			6
2026.02.26	01:43:16.642	0.59995	0.59999			6
2026.02.26	01:43:16.950	0.59996	0.60000			6
2026.02.26	01:43:23.203	0.59997				2
2026.02.26	01:43:23.518	0.59998	0.60001			6
2026.02.26	01:43:33.818	0.59997				2
2026.02.26	01:43:45.382	0.59998				2
2026.02.26	01:43:46.035	0.59999	0.60002			6
2026.02.26	01:43:48.644	0.59998				2
2026.02.26	01:43:55.628	0.59997	0.60001			6
2026.02.26	01:44:01.975	0.59997				2
2026.02.26	01:44:06.569	0.60000	0.60003			6
2026.02.26	01:44:08.508		0.60004			4
2026.02.26	01:44:09.115	0.60001	0.60005			6
2026.02.26	01:44:11.294	0.59999	0.60002			6
2026.02.26	01:44:11.625	0.59998				2
2026.02.26	01:44:16.539		0.60001			4
2026.02.26	01:44:25.975	0.59997				2
2026.02.26	01:44:38.875	0.59998				2
2026.02.26	01:44:39.877	0.59997				2
2026.02.26	01:44:42.133	0.59998	0.60002			6
2026.02.26	01:44:47.998	0.59999	0.60003			6
2026.02.26	01:44:48.347	0.59998	0.60002			6
2026.02.26	01:44:50.306	0.59996	0.60000			6
2026.02.26	01:44:53.483	0.59997				2
2026.02.26	01:44:53.820	0.59996				2
2026.02.26	01:45:02.020	0.59996				2
2026.02.26	01:45:02.673		0.59999			4
2026.02.26	01:45:03.008		0.60000			4
2026.02.26	01:45:05.564	0.59997				2
2026.02.26	01:45:05.866		0.60001			4
2026.02.26	01:45:11.323	0.60000	0.60004			6
2026.02.26	01:45:14.784		0.60003			4
2026.02.26	01:45:16.042	0.59999				2
2026.02.26	01:45:19.904	0.60000				2
2026.02.26	01:45:21.818	0.59999				2
2026.02.26	01:45:30.741	0.60000	0.60004			6
2026.02.26	01:45:31.047	0.60001				2
2026.02.26	01:45:33.654		0.60005			4
2026.02.26	01:45:39.407	0.60002				2
2026.02.26	01:45:40.026		0.60006			4
2026.02.26	01:45:41.378		0.60005			4
2026.02.26	01:45:48.315	0.60003	0.60006			6
2026.02.26	01:45:54.571	0.60002	0.60005			6
2026.02.26	01:45:55.540	0.60003	0.60006			6
2026.02.26	01:45:55.845		0.60005			4
2026.02.26	01:45:56.814	0.60002				2
2026.02.26	01:45:58.382	0.60003	0.60006			6
2026.02.26	01:46:00.293	0.60003				2
2026.02.26	01:46:00.912	0.60002	0.60005			6
2026.02.26	01:46:04.402	0.60003	0.60006			6
2026.02.26	01:46:06.286	0.60002	0.60005			6
2026.02.26	01:46:07.219	0.60003	0.60006			6
2026.02.26	01:46:16.057	0.60004	0.60007			6
2026.02.26	01:46:16.684	0.60003	0.60006			6
2026.02.26	01:46:21.076	0.60004	0.60007			6
2026.02.26	01:46:26.665	0.60003	0.60006			6
2026.02.26	01:46:29.606	0.60004	0.60007			6
2026.02.26	01:46:32.167	0.60005				2
2026.02.26	01:46:32.472	0.60007	0.60010			6
2026.02.26	01:46:33.170	0.60009	0.60012			6
2026.02.26	01:46:33.475	0.60012	0.60015			6
2026.02.26	01:46:34.429		0.60016			4
2026.02.26	01:46:43.709		0.60015			4
2026.02.26	01:46:44.014	0.60009	0.60013			6
2026.02.26	01:46:48.178	0.60008	0.60011			6
2026.02.26	01:46:48.483		0.60012			4
2026.02.26	01:46:50.434	0.60007	0.60011			6
2026.02.26	01:46:50.737	0.60008	0.60012			6
2026.02.26	01:46:56.200	0.60007	0.60011			6
2026.02.26	01:47:00.215	0.60007				2
2026.02.26	01:47:02.448	0.60005	0.60009			6
2026.02.26	01:47:07.084	0.60007	0.60011			6
2026.02.26	01:47:16.813	0.60006	0.60010			6
2026.02.26	01:47:26.398	0.60008	0.60011			6
2026.02.26	01:47:36.136		0.60012			4
2026.02.26	01:47:38.436		0.60011			4
2026.02.26	01:47:40.094		0.60012			4
2026.02.26	01:47:45.553		0.60011			4
2026.02.26	01:47:50.440		0.60012			4
2026.02.26	01:47:51.536		0.60011			4
2026.02.26	01:47:52.480	0.60006	0.60010			6
2026.02.26	01:47:58.697	0.60007	0.60011			6
2026.02.26	01:48:00.350	0.60007				2
2026.02.26	01:48:03.303		0.60010			4
2026.02.26	01:48:05.482	0.60006	0.60009			6
2026.02.26	01:48:12.706	0.60005	0.60008			6
2026.02.26	01:48:14.248	0.60006	0.60009			6
2026.02.26	01:48:14.869	0.60004	0.60007			6
2026.02.26	01:48:38.483	0.60006	0.60009			6
2026.02.26	01:48:38.787	0.60005	0.60008			6
2026.02.26	01:48:42.355	0.60004	0.60007			6
2026.02.26	01:49:00.021	0.60003	0.60006			6
2026.02.26	01:49:02.375	0.60004	0.60007			6
2026.02.26	01:49:07.592	0.60003	0.60006			6
2026.02.26	01:49:23.207	0.60005	0.60008			6
2026.02.26	01:49:23.862	0.60003	0.60006			6
2026.02.26	01:49:35.954	0.60002	0.60005			6
2026.02.26	01:49:36.654	0.60003	0.60006			6
2026.02.26	01:50:00.290	0.60003				2
2026.02.26	01:50:08.117	0.60004				2
2026.02.26	01:50:08.418	0.60007	0.60010			6
2026.02.26	01:50:13.095	0.60006	0.60009			6
2026.02.26	01:50:35.716	0.60008	0.60011			6
2026.02.26	01:50:36.718	0.60007	0.60010			6
2026.02.26	01:50:45.603		0.60009			4
2026.02.26	01:50:45.906	0.60003	0.60006			6
2026.02.26	01:50:46.559	0.60002	0.60005			6
2026.02.26	01:51:00.387	0.60002				2
2026.02.26	01:51:06.577	0.60001	0.60004			6
2026.02.26	01:51:35.933	0.59999	0.60002			6
2026.02.26	01:51:38.288	0.59998	0.60001			6
2026.02.26	01:51:40.246	0.59999	0.60002			6
2026.02.26	01:51:42.251	0.59998	0.60001			6
2026.02.26	01:51:50.435	0.60000				2
2026.02.26	01:51:50.741	0.60001	0.60004			6
2026.02.26	01:51:51.163	0.60002				2
2026.02.26	01:51:52.145		0.60005			4
2026.02.26	01:52:00.278	0.60002				2
2026.02.26	01:52:32.649	0.60001	0.60004			6
2026.02.26	01:52:36.564	0.60007	0.60010			6
2026.02.26	01:52:37.264	0.60006				2
2026.02.26	01:52:44.056	0.60008	0.60011			6
2026.02.26	01:52:46.047		0.60012			4
2026.02.26	01:52:54.276		0.60011			4
2026.02.26	01:52:54.624		0.60010			4
2026.02.26	01:52:54.926	0.60007				2
2026.02.26	01:52:55.274		0.60008			4
2026.02.26	01:52:56.285		0.60011			4
2026.02.26	01:52:57.246		0.60010			4
2026.02.26	01:52:57.584		0.60008			4
2026.02.26	01:52:58.157	0.60005				2
2026.02.26	01:52:59.090		0.60009			4
2026.02.26	01:53:00.092	0.60005				2
2026.02.26	01:53:00.397	0.60004	0.60008			6
2026.02.26	01:53:02.557	0.60007	0.60011			6
2026.02.26	01:53:05.890		0.60010			4
2026.02.26	01:53:10.936		0.60011			4
2026.02.26	01:53:12.417		0.60010			4
2026.02.26	01:53:14.694		0.60011			4
2026.02.26	01:53:19.422	0.60008				2
2026.02.26	01:53:21.078	0.60007	0.60010			6
2026.02.26	01:53:35.280	0.60006	0.60009			6
2026.02.26	01:53:37.982	0.60003	0.60006			6
2026.02.26	01:53:39.298	0.60002				2
2026.02.26	01:53:46.517	0.60003				2
2026.02.26	01:53:48.449		0.60007			4
2026.02.26	01:53:48.769		0.60006			4
2026.02.26	01:53:49.421	0.60002				2
2026.02.26	01:53:50.424	0.60003				2
2026.02.26	01:53:58.347	0.60002	0.60005			6
2026.02.26	01:53:59.303	0.60003	0.60006			6
2026.02.26	01:53:59.952	0.60002	0.60005			6
2026.02.26	01:54:00.302	0.60002				2
2026.02.26	01:54:02.172	0.60003	0.60006			6
2026.02.26	01:54:05.141	0.60002	0.60005			6
2026.02.26	01:54:18.565	0.60003	0.60006			6
2026.02.26	01:54:26.652	0.60002	0.60005			6
2026.02.26	01:54:45.863	0.60001	0.60004			6
2026.02.26	01:54:46.213	0.60000	0.60003			6
2026.02.26	01:54:49.268	0.59999	0.60002			6
2026.02.26	01:54:53.081	0.60000	0.60003			6
2026.02.26	01:54:53.989	0.59999	0.60002			6
2026.02.26	01:55:00.162	0.59999				2
2026.02.26	01:55:00.465	0.60000	0.60003			6
2026.02.26	01:55:01.765	0.59999	0.60002			6
2026.02.26	01:55:03.069	0.60001	0.60004			6
2026.02.26	01:55:03.392	0.60002	0.60005			6
2026.02.26	01:55:11.944	0.59999	0.60002			6
2026.02.26	01:55:26.853	0.59998	0.60001			6
2026.02.26	01:55:27.504	0.59997	0.60000			6
2026.02.26	01:55:28.153	0.59996	0.59998			6
2026.02.26	01:55:28.459	0.59993	0.59996			6
2026.02.26	01:55:29.105		0.59997			4
2026.02.26	01:55:39.242	0.59995	0.59996			6
2026.02.26	01:55:39.545	0.60000	0.60003			6
2026.02.26	01:55:39.895	0.59999	0.60002			6
2026.02.26	01:55:40.197	0.59998				2
2026.02.26	01:55:51.683	0.60000	0.60004			6
2026.02.26	01:55:54.703	0.60002	0.60006			6
2026.02.26	01:55:56.651	0.60001	0.60005			6
2026.02.26	01:56:00.059	0.60001				2
2026.02.26	01:56:07.082	0.60002				2
2026.02.26	01:56:10.696		0.60006			4
2026.02.26	01:56:13.405	0.60003	0.60007			6
2026.02.26	01:56:32.144	0.60002	0.60006			6
2026.02.26	01:56:40.403		0.60005			4
2026.02.26	01:56:48.250	0.59999	0.60002			6
2026.02.26	01:56:49.203	0.59998				2
2026.02.26	01:56:51.074	0.59999	0.60003			6
2026.02.26	01:56:51.993	0.59998	0.60002			6
2026.02.26	01:57:01.657	0.59998				2
2026.02.26	01:57:03.624	0.59999				2
2026.02.26	01:57:06.544		0.60003			4
2026.02.26	01:57:10.406		0.60002			4
2026.02.26	01:57:11.028	0.60000	0.60003			6
2026.02.26	01:57:11.330	0.60001	0.60004			6
2026.02.26	01:57:12.280	0.60000				2
2026.02.26	01:57:13.403		0.60003			4
2026.02.26	01:57:13.716	0.59998	0.60002			6
2026.02.26	01:57:16.669		0.60001			4
2026.02.26	01:57:21.391		0.60002			4
2026.02.26	01:57:28.010	0.59997	0.60001			6
2026.02.26	01:57:29.362	0.59998	0.60002			6
2026.02.26	01:57:32.421		0.60001			4
2026.02.26	01:58:00.062	0.59998				2
2026.02.26	01:58:00.414	0.59997	0.60000			6
2026.02.26	01:58:07.535	0.59998	0.60001			6
2026.02.26	01:58:07.886	0.59997	0.60000			6
2026.02.26	01:58:09.236	0.59998	0.60001			6
2026.02.26	01:58:16.109	0.59997	0.60000			6
2026.02.26	01:58:19.422	0.59998	0.60001			6
2026.02.26	01:58:22.632	0.60000	0.60003			6
2026.02.26	01:58:23.936	0.59998	0.60001			6
2026.02.26	01:58:28.855	0.59999	0.60002			6
2026.02.26	01:58:43.244	0.60000	0.60003			6
2026.02.26	01:58:44.643	0.60001	0.60004			6
2026.02.26	01:59:00.053	0.60001				2
2026.02.26	01:59:00.403	0.60002				2
2026.02.26	01:59:06.737	0.60001	0.60003			6
2026.02.26	01:59:07.041	0.59999	0.60001			6
2026.02.26	01:59:07.373	0.59998				2
2026.02.26	01:59:08.378	0.59999	0.60002			6
2026.02.26	01:59:09.379	0.60000				2
2026.02.26	01:59:09.682	0.59999				2
2026.02.26	01:59:13.851	0.59998	0.60001			6
2026.02.26	01:59:14.198	0.60000	0.60002			6
2026.02.26	01:59:14.504	0.60002	0.60004			6
2026.02.26	01:59:15.125		0.60005			4
2026.02.26	01:59:34.240	0.59999	0.60002			6
2026.02.26	01:59:37.152	0.60000	0.60003			6
2026.02.26	01:59:37.454	0.60001	0.60004			6
2026.02.26	01:59:38.157	0.60000	0.60003			6
2026.02.26	01:59:38.460	0.59998	0.60001			6
2026.02.26	01:59:39.153		0.60002			4
2026.02.26	01:59:46.241		0.60001			4
2026.02.26	02:00:00.041	0.59998				2
2026.02.26	02:00:00.739	0.59997	0.60000			6
2026.02.26	02:00:03.651	0.59998				2
2026.02.26	02:00:03.963	0.59999	0.60002			6
2026.02.26	02:00:07.582	0.59997	0.60000			6
2026.02.26	02:00:07.885	0.59994	0.59997			6
2026.02.26	02:00:08.514	0.59993				2
2026.02.26	02:00:08.820		0.59996			4
2026.02.26	02:00:09.167		0.59997			4
2026.02.26	02:00:11.123	0.59994	0.59998			6
2026.02.26	02:00:11.771	0.59995	0.59999			6
2026.02.26	02:00:12.422	0.59997	0.60001			6
2026.02.26	02:00:14.503		0.60000			4
2026.02.26	02:00:15.478		0.60001			4
2026.02.26	02:00:23.703		0.59999			4
2026.02.26	02:00:24.006	0.59992	0.59996			6
2026.02.26	02:00:27.827	0.59993	0.59997			6
2026.02.26	02:00:28.162	0.59992	0.59996			6
2026.02.26	02:00:30.472	0.59993	0.59997			6
2026.02.26	02:00:37.516	0.59994				2
2026.02.26	02:00:37.866	0.59995				2
2026.02.26	02:00:39.811	0.59993	0.59996			6
2026.02.26	02:00:41.765	0.59998	0.59999			6
2026.02.26	02:00:42.071		0.60001			4
2026.02.26	02:00:44.029	0.60003	0.60005			6
2026.02.26	02:00:44.733		0.60006			4
2026.02.26	02:00:47.606		0.60007			4
2026.02.26	02:00:47.944		0.60006			4
2026.02.26	02:00:52.912		0.60005			4
2026.02.26	02:00:53.522	0.60001				2
2026.02.26	02:00:56.125		0.60004			4
2026.02.26	02:00:56.430	0.59998	0.60001			6
2026.02.26	02:00:59.587	0.59999				2
2026.02.26	02:00:59.890	0.59998	0.60002			6
2026.02.26	02:01:01.016	0.59998				2
2026.02.26	02:01:02.377	0.60002	0.60005			6
2026.02.26	02:01:04.605		0.60006			4
2026.02.26	02:01:06.903		0.60005			4
2026.02.26	02:01:08.463	0.60001				2
2026.02.26	02:01:08.764	0.59999	0.60002			6
2026.02.26	02:01:09.446		0.60003			4
2026.02.26	02:01:11.724		0.60002			4
2026.02.26	02:01:12.700		0.60003			4
2026.02.26	02:01:14.190	0.60001	0.60005			6
2026.02.26	02:01:14.495		0.60004			4
2026.02.26	02:01:15.458		0.60005			4
2026.02.26	02:01:16.377	0.60003	0.60006			6
2026.02.26	02:01:18.310		0.60007			4
2026.02.26	02:01:18.657		0.60006			4
2026.02.26	02:01:22.359	0.60002				2
2026.02.26	02:01:24.322		0.60005			4
2026.02.26	02:01:27.845		0.60006			4
2026.02.26	02:01:30.103	0.60003				2
2026.02.26	02:01:35.824	0.60002				2
2026.02.26	02:01:39.135	0.60004	0.60007			6
2026.02.26	02:01:39.485	0.60003				2
2026.02.26	02:01:45.572	0.60005	0.60008			6
2026.02.26	02:01:52.153	0.60004				2
2026.02.26	02:01:52.458		0.60007			4
2026.02.26	02:01:53.940		0.60008			4
2026.02.26	02:01:55.678		0.60007			4
2026.02.26	02:01:57.542	0.60002	0.60006			6
2026.02.26	02:02:00.124	0.60002				2
2026.02.26	02:02:04.553	0.59998	0.60002			6
2026.02.26	02:02:05.776		0.60001			4
2026.02.26	02:02:06.446	0.59997				2
2026.02.26	02:02:07.394	0.59998				2
2026.02.26	02:02:10.402		0.60002			4
2026.02.26	02:02:13.650	0.59999				2
2026.02.26	02:02:13.964	0.59998	0.60001			6
2026.02.26	02:02:14.676		0.60002			4
2026.02.26	02:02:15.176		0.60001			4
2026.02.26	02:02:15.627		0.60002			4
2026.02.26	02:02:17.675		0.60001			4
2026.02.26	02:02:17.991		0.60002			4
2026.02.26	02:02:33.527	0.59999				2
2026.02.26	02:02:33.837	0.60002	0.60005			6
2026.02.26	02:02:34.488		0.60006			4
2026.02.26	02:02:35.446		0.60005			4
2026.02.26	02:02:36.398	0.59998	0.60002			6
2026.02.26	02:02:37.055	0.59997	0.60001			6
2026.02.26	02:02:39.668	0.59996	0.60000			6
2026.02.26	02:02:40.312	0.59997	0.60001			6
2026.02.26	02:02:44.879	0.59998	0.60002			6
2026.02.26	02:02:46.230	0.59997	0.60001			6
2026.02.26	02:02:46.837	0.59996	0.60000			6
2026.02.26	02:02:47.488	0.59997	0.60001			6
2026.02.26	02:02:47.791	0.59996	0.60000			6
2026.02.26	02:02:55.760	0.59995	0.59999			6
2026.02.26	02:02:56.368	0.59997	0.60001			6
2026.02.26	02:02:57.417	0.59996	0.60000			6
2026.02.26	02:03:00.072	0.59996				2
2026.02.26	02:03:03.334	0.59997	0.60001			6
2026.02.26	02:03:07.498	0.59996	0.60000			6
2026.02.26	02:03:09.802	0.59997	0.60001			6
2026.02.26	02:03:12.108	0.59996	0.60000			6
2026.02.26	02:03:12.411	0.59997	0.60001			6
2026.02.26	02:03:15.374	0.59998	0.60002			6
2026.02.26	02:03:16.328		0.60001			4
2026.02.26	02:03:16.630		0.60002			4
2026.02.26	02:03:18.284	0.59997	0.60001			6
2026.02.26	02:03:21.341	0.59999				2
2026.02.26	02:03:21.645	0.60001	0.60005			6
2026.02.26	02:03:22.342	0.60002	0.60006			6
2026.02.26	02:03:24.297	0.60001	0.60005			6
2026.02.26	02:03:25.605	0.60002	0.60006			6
2026.02.26	02:03:29.921	0.60001	0.60005			6
2026.02.26	02:03:34.282	0.60000	0.60004			6
2026.02.26	02:03:36.230	0.60002	0.60006			6
2026.02.26	02:03:41.849		0.60005			4
2026.02.26	02:03:42.501		0.60006			4
2026.02.26	02:03:43.154	0.60001	0.60005			6
2026.02.26	02:03:48.580	0.60002	0.60006			6
2026.02.26	02:03:54.501		0.60005			4
2026.02.26	02:03:56.108		0.60003			4
2026.02.26	02:03:56.734		0.60005			4
2026.02.26	02:03:57.715	0.59998	0.60002			6
2026.02.26	02:03:58.017	0.59997	0.60001			6
2026.02.26	02:04:00.276	0.59997				2
2026.02.26	02:04:01.231	0.59998	0.60002			6
2026.02.26	02:04:08.002	0.59997	0.60001			6
2026.02.26	02:04:10.006	0.59996	0.60000			6
2026.02.26	02:04:10.962	0.59997	0.60001			6
2026.02.26	02:04:22.356		0.60000			4
2026.02.26	02:04:22.657	0.59996				2
2026.02.26	02:04:23.008	0.59993	0.59997			6
2026.02.26	02:04:33.737	0.59992	0.59996			6
2026.02.26	02:04:34.344	0.59993	0.59997			6
2026.02.26	02:04:38.961	0.59992	0.59996			6
2026.02.26	02:04:39.263	0.59988	0.59992			6
2026.02.26	02:04:41.014	0.59989				2
2026.02.26	02:04:41.622	0.59988				2
2026.02.26	02:04:43.470	0.59989				2
2026.02.26	02:04:43.817	0.59988				2
2026.02.26	02:04:50.744	0.59989				2
2026.02.26	02:04:52.001	0.59988				2
2026.02.26	02:04:55.662	0.59989				2
2026.02.26	02:04:56.618	0.59988				2
2026.02.26	02:04:56.921	0.59989				2
2026.02.26	02:04:57.232	0.59988				2
2026.02.26	02:04:58.273	0.59989				2
2026.02.26	02:04:59.675	0.59988				2
2026.02.26	02:04:59.979	0.59991	0.59995			6
2026.02.26	02:05:00.286	0.59991				2
2026.02.26	02:05:05.944	0.59993	0.59997			6
2026.02.26	02:05:07.389	0.59994	0.59998			6
2026.02.26	02:05:13.842	0.59996	0.59999			6
2026.02.26	02:05:15.452		0.59998			4
2026.02.26	02:05:15.773		0.59999			4
2026.02.26	02:05:16.865		0.59998			4
2026.02.26	02:05:17.817		0.59999			4
2026.02.26	02:05:19.500		0.59998			4
2026.02.26	02:05:21.090	0.59993	0.59996			6
2026.02.26	02:05:23.858	0.59994	0.59997			6
2026.02.26	02:05:28.813		0.59996			4
2026.02.26	02:05:39.991	0.59993				2
2026.02.26	02:05:47.152	0.59991	0.59995			6
2026.02.26	02:06:00.571	0.59991				2
2026.02.26	02:06:01.881	0.59995	0.59996			6
2026.02.26	02:06:02.185		0.59999			4
2026.02.26	02:06:07.420	0.59993	0.59997			6
2026.02.26	02:06:23.679	0.59994	0.59998			6
2026.02.26	02:06:24.655	0.59995	0.59999			6
2026.02.26	02:06:32.187		0.59996			4
2026.02.26	02:06:32.489	0.59991	0.59995			6
2026.02.26	02:06:34.445	0.59992				2
2026.02.26	02:06:34.779	0.59994	0.59996			6
2026.02.26	02:06:35.099	0.59992	0.59995			6
2026.02.26	02:06:35.439	0.59994	0.59996			6
2026.02.26	02:06:35.748	0.59992	0.59995			6
2026.02.26	02:06:36.105	0.59994	0.59996			6
2026.02.26	02:06:36.447	0.59992	0.59995			6
2026.02.26	02:06:36.778	0.59994	0.59996			6
2026.02.26	02:06:37.103	0.59992	0.59995			6
2026.02.26	02:06:37.425	0.59994	0.59996			6
2026.02.26	02:06:37.753	0.59992	0.59995			6
2026.02.26	02:06:38.101	0.59994	0.59996			6
2026.02.26	02:06:38.441	0.59992				2
2026.02.26	02:06:48.184	0.59995				2
2026.02.26	02:06:48.488	0.59994	0.59998			6
2026.02.26	02:06:49.188	0.59993	0.59997			6
2026.02.26	02:06:53.403	0.59994				2
2026.02.26	02:06:53.708	0.59995	0.59999			6
2026.02.26	02:06:54.359	0.59994	0.59998			6
2026.02.26	02:06:58.930	0.59995	0.59999			6
2026.02.26	02:07:00.233	0.59995				2
2026.02.26	02:07:01.892		0.59998			4
2026.02.26	02:07:03.908		0.59999			4
2026.02.26	02:07:04.235		0.59998			4
2026.02.26	02:07:04.899		0.59999			4
2026.02.26	02:07:06.860		0.59998			4
2026.02.26	02:07:07.865		0.59999			4
2026.02.26	02:07:08.863		0.59998			4
2026.02.26	02:07:09.213		0.59999			4
2026.02.26	02:07:09.563		0.59998			4
2026.02.26	02:07:09.909		0.59999			4
2026.02.26	02:07:13.427	0.59996	0.60000			6
2026.02.26	02:07:13.830	0.59997				2
2026.02.26	02:07:14.530	0.59996				2
2026.02.26	02:07:14.936	0.59995	0.59999			6
2026.02.26	02:07:15.280	0.59996	0.60000			6
2026.02.26	02:07:18.092		0.59999			4
2026.02.26	02:07:21.651	0.60001	0.60005			6
2026.02.26	02:07:22.396	0.60002				2
2026.02.26	02:07:26.502		0.60006			4
2026.02.26	02:07:26.877		0.60005			4
2026.02.26	02:07:27.222	0.60001				2
2026.02.26	02:07:31.187	0.59999	0.60003			6
2026.02.26	02:07:32.490	0.60000				2
2026.02.26	02:07:32.805	0.60001	0.60004			6
2026.02.26	02:07:36.521	0.59997	0.60000			6
2026.02.26	02:07:37.157	0.59996				2
2026.02.26	02:07:37.805	0.59994	0.59998			6
2026.02.26	02:07:38.452	0.59993	0.59997			6
2026.02.26	02:07:38.762	0.59992	0.59996			6
2026.02.26	02:07:40.114	0.59993				2
2026.02.26	02:07:41.248	0.59997	0.60000			6
2026.02.26	02:07:41.629		0.60001			4
2026.02.26	02:07:42.287	0.59998				2
2026.02.26	02:07:47.387	0.59997				2
2026.02.26	02:07:56.675		0.60000			4
2026.02.26	02:07:58.188	0.59995	0.59999			6
2026.02.26	02:07:58.533	0.59994	0.59998			6
2026.02.26	02:08:00.039	0.59994				2
2026.02.26	02:08:00.392		0.59997			4
2026.02.26	02:08:01.187		0.59998			4
2026.02.26	02:08:07.757	0.59996	0.60000			6
2026.02.26	02:08:08.066		0.59999			4
2026.02.26	02:08:11.263	0.59997	0.60000			6
2026.02.26	02:08:13.989		0.60001			4
2026.02.26	02:08:20.751	0.59994	0.59997			6
2026.02.26	02:08:21.060	0.59993				2
2026.02.26	02:08:21.679	0.59992	0.59996			6
2026.02.26	02:08:32.006	0.59989	0.59992			6
2026.02.26	02:08:32.310	0.59987	0.59991			6
2026.02.26	02:08:38.274	0.59986	0.59990			6
2026.02.26	02:08:38.644		0.59989			4
2026.02.26	02:08:38.952	0.59982	0.59986			6
2026.02.26	02:08:39.277	0.59985	0.59988			6
2026.02.26	02:08:39.580		0.59989			4
2026.02.26	02:08:44.450	0.59986				2
2026.02.26	02:08:46.060	0.59985				2
2026.02.26	02:08:49.636	0.59986				2
2026.02.26	02:08:51.219	0.59985				2
2026.02.26	02:08:52.286	0.59986	0.59990			6
2026.02.26	02:08:53.925	0.59985	0.59989			6
2026.02.26	02:08:54.973	0.59986	0.59990			6
2026.02.26	02:08:55.925	0.59985	0.59989			6
2026.02.26	02:08:56.231	0.59984	0.59988			6
2026.02.26	02:08:58.228	0.59983	0.59987			6
2026.02.26	02:09:00.137	0.59983				2
2026.02.26	02:09:12.881	0.59987	0.59991			6
2026.02.26	02:09:13.231	0.59988	0.59992			6
2026.02.26	02:09:14.186	0.59987	0.59991			6
2026.02.26	02:09:15.142	0.59988	0.59992			6
2026.02.26	02:09:19.059	0.59987	0.59991			6
2026.02.26	02:09:33.625	0.59988	0.59992			6
2026.02.26	02:09:34.303	0.59989				2
2026.02.26	02:09:34.606	0.59990	0.59994			6
2026.02.26	02:09:36.927	0.59991				2
2026.02.26	02:09:37.561	0.59992	0.59996			6
2026.02.26	02:09:43.335	0.59991	0.59995			6
2026.02.26	02:09:46.946	0.59992	0.59996			6
2026.02.26	02:09:47.295	0.59991	0.59995			6
2026.02.26	02:09:57.469	0.59992				2
2026.02.26	02:09:59.376		0.59996			4
2026.02.26	02:09:59.721	0.59993				2
2026.02.26	02:10:00.377	0.59992				2
2026.02.26	02:10:04.246	0.59991	0.59995			6
2026.02.26	02:10:06.857	0.59992				2
2026.02.26	02:10:07.556	0.59991				2
2026.02.26	02:10:15.234	0.59992				2
2026.02.26	02:10:15.539	0.59993	0.59996			6
2026.02.26	02:10:15.949	0.59992				2
2026.02.26	02:10:19.558	0.59993				2
2026.02.26	02:10:25.714		0.59997			4
2026.02.26	02:10:26.625		0.59996			4
2026.02.26	02:10:30.541	0.59995	0.59999			6
2026.02.26	02:10:34.090	0.59997	0.60000			6
2026.02.26	02:10:49.436	0.59996				2
2026.02.26	02:10:50.166	0.59992	0.59995			6
2026.02.26	02:10:50.491		0.59996			4
2026.02.26	02:11:00.271	0.59992	0.59995			6
2026.02.26	02:11:00.574	0.59991				2
2026.02.26	02:11:03.179	0.59992				2
2026.02.26	02:11:08.739	0.59993	0.59996			6
2026.02.26	02:11:12.309	0.59992				2
2026.02.26	02:11:22.145	0.59994	0.59998			6
2026.02.26	02:11:25.436	0.59993	0.59997			6
2026.02.26	02:11:38.000	0.59992	0.59996			6
2026.02.26	02:11:47.980	0.59993	0.59997			6
2026.02.26	02:11:49.940	0.59992	0.59996			6
2026.02.26	02:11:58.813	0.59991	0.59995			6
2026.02.26	02:11:59.466	0.59989	0.59993			6
2026.02.26	02:11:59.770	0.59988	0.59992			6
2026.02.26	02:12:00.117	0.59987	0.59991			6
2026.02.26	02:12:02.028	0.59988	0.59992			6
2026.02.26	02:12:02.376	0.59987	0.59991			6
2026.02.26	02:12:08.256	0.59988	0.59992			6
2026.02.26	02:12:10.559	0.59990	0.59994			6
2026.02.26	02:12:10.863	0.59991	0.59995			6
2026.02.26	02:12:44.144		0.59994			4
2026.02.26	02:12:53.873	0.59989	0.59991			6
2026.02.26	02:12:54.186	0.59986	0.59989			6
2026.02.26	02:12:55.126		0.59990			4
2026.02.26	02:12:55.780	0.59985	0.59989			6
2026.02.26	02:12:56.425	0.59986	0.59990			6
2026.02.26	02:13:00.190	0.59986				2
2026.02.26	02:13:05.200	0.59990	0.59991			6
2026.02.26	02:13:05.512	0.59992	0.59996			6
2026.02.26	02:13:07.499	0.59993				2
2026.02.26	02:13:11.324	0.59991	0.59995			6
2026.02.26	02:13:11.672		0.59994			4
2026.02.26	02:13:11.974		0.59995			4
2026.02.26	02:13:14.386	0.59992	0.59996			6
2026.02.26	02:13:14.733		0.59995			4
2026.02.26	02:13:15.035		0.59996			4
2026.02.26	02:13:15.337	0.59991	0.59995			6
2026.02.26	02:13:18.647	0.59988	0.59991			6
2026.02.26	02:13:21.017	0.59987				2
2026.02.26	02:13:28.369	0.59988				2
2026.02.26	02:13:31.501		0.59992			4
2026.02.26	02:13:31.841		0.59991			4
2026.02.26	02:13:37.073		0.59992			4
2026.02.26	02:13:42.989		0.59991			4
2026.02.26	02:13:48.277		0.59992			4
2026.02.26	02:13:49.591		0.59991			4
2026.02.26	02:13:52.593	0.59987				2
2026.02.26	02:13:54.251	0.59988	0.59992			6
2026.02.26	02:14:00.076	0.59988				2
2026.02.26	02:14:00.777	0.59987	0.59991			6
2026.02.26	02:14:07.302	0.59990				2
2026.02.26	02:14:07.607		0.59994			4
2026.02.26	02:14:10.565	0.59991	0.59995			6
2026.02.26	02:14:11.567	0.59990	0.59994			6
2026.02.26	02:14:13.653	0.59991	0.59995			6
2026.02.26	02:14:13.976	0.59992	0.59996			6
2026.02.26	02:14:14.626	0.59993				2
2026.02.26	02:14:19.526		0.59995			4
2026.02.26	02:14:21.502		0.59996			4
2026.02.26	02:14:31.382	0.59992				2
2026.02.26	02:14:32.288	0.59993				2
2026.02.26	02:14:40.983	0.59992	0.59995			6
2026.02.26	02:14:41.614	0.59993	0.59996			6
2026.02.26	02:14:41.916	0.59992	0.59995			6
2026.02.26	02:14:44.730	0.59993	0.59996			6
2026.02.26	02:14:49.143	0.59992	0.59995			6
2026.02.26	02:14:58.248	0.59993				2
2026.02.26	02:15:00.105	0.59993				2
2026.02.26	02:15:02.613		0.59996			4
2026.02.26	02:15:03.821	0.59992	0.59995			6
2026.02.26	02:15:04.471	0.59993	0.59996			6
2026.02.26	02:15:04.803	0.59992	0.59995			6
2026.02.26	02:15:05.422	0.59993	0.59996			6
2026.02.26	02:15:08.523	0.59996	0.59999			6
2026.02.26	02:15:09.776	0.59997				2
2026.02.26	02:15:10.702		0.60000			4
2026.02.26	02:15:16.298	0.59995	0.59997			6
2026.02.26	02:15:17.251	0.59992	0.59995			6
2026.02.26	02:15:30.945	0.59993				2
2026.02.26	02:15:36.516	0.59992				2
2026.02.26	02:15:40.124	0.59993	0.59996			6
2026.02.26	02:15:40.744		0.59995			4
2026.02.26	02:15:49.898	0.59992				2
2026.02.26	02:15:53.497	0.59993				2
2026.02.26	02:15:56.517	0.59992				2
2026.02.26	02:15:57.868	0.59993				2
2026.02.26	02:15:58.189		0.59996			4
2026.02.26	02:15:59.193	0.59994				2
2026.02.26	02:16:00.770	0.59994				2
2026.02.26	02:16:02.421	0.59993				2
2026.02.26	02:16:13.411	0.59996	0.59999			6
2026.02.26	02:16:13.731	0.59999	0.60000			6
2026.02.26	02:16:14.039	0.60000	0.60003			6
2026.02.26	02:16:14.699		0.60002			4
2026.02.26	02:16:15.003	0.59999				2
2026.02.26	02:16:16.626	0.59998	0.60001			6
2026.02.26	02:16:17.095	0.59997				2
2026.02.26	02:16:17.456		0.60000			4
2026.02.26	02:16:20.777	0.59998				2
2026.02.26	02:16:24.386		0.60001			4
2026.02.26	02:16:27.032	0.59999				2
2026.02.26	02:16:36.749	0.59998				2
2026.02.26	02:16:40.612	0.59996	0.60000			6
2026.02.26	02:16:40.930		0.59999			4
2026.02.26	02:16:41.249	0.59995				2
2026.02.26	02:16:41.830	0.59996				2
2026.02.26	02:17:00.012	0.59996				2
2026.02.26	02:17:02.506	0.59998	0.60001			6
2026.02.26	02:17:03.528	0.59999				2
2026.02.26	02:17:08.913		0.60000			4
2026.02.26	02:17:09.225		0.60001			4
2026.02.26	02:17:09.530		0.60000			4
2026.02.26	02:17:17.304	0.59997				2
2026.02.26	02:17:18.258	0.59999				2
2026.02.26	02:17:19.212		0.60001			4
2026.02.26	02:17:20.389	0.59998				2
2026.02.26	02:17:21.330		0.60000			4
2026.02.26	02:17:23.985	0.59999	0.60001			6
2026.02.26	02:17:26.736	0.59998				2
2026.02.26	02:17:29.450		0.60000			4
2026.02.26	02:17:43.943		0.60001			4
2026.02.26	02:17:47.252		0.60000			4
2026.02.26	02:17:53.781		0.60001			4
2026.02.26	02:17:56.690	0.60001	0.60004			6
2026.02.26	02:18:00.287	0.60001				2
2026.02.26	02:18:01.306		0.60003			4
2026.02.26	02:18:01.607	0.60000				2
2026.02.26	02:18:19.373		0.60002			4
2026.02.26	02:18:23.146	0.60001	0.60003			6
2026.02.26	02:18:23.457	0.60000	0.60002			6
2026.02.26	02:18:24.711	0.60001	0.60003			6
2026.02.26	02:18:25.015	0.60002	0.60004			6
2026.02.26	02:18:26.272	0.60003	0.60005			6
2026.02.26	02:18:26.600	0.60002	0.60004			6
2026.02.26	02:18:34.170	0.60003				2
2026.02.26	02:18:38.555		0.60005			4
2026.02.26	02:18:39.490	0.60002	0.60004			6
2026.02.26	02:18:39.807	0.60003				2
2026.02.26	02:18:41.998	0.60002				2
2026.02.26	02:18:42.950	0.60003				2
2026.02.26	02:18:43.901		0.60005			4
2026.02.26	02:18:52.458	0.60002	0.60004			6
2026.02.26	02:19:00.273	0.60002				2
2026.02.26	02:19:10.878	0.60001	0.60003			6
2026.02.26	02:19:36.514	0.60003	0.60005			6
2026.02.26	02:19:37.119	0.60001	0.60003			6
2026.02.26	02:19:39.974	0.60002	0.60004			6
2026.02.26	02:19:44.393		0.60003			4
2026.02.26	02:19:46.600		0.60004			4
2026.02.26	02:19:47.649		0.60003			4
2026.02.26	02:19:48.604		0.60004			4
2026.02.26	02:19:49.953	0.60003	0.60005			6
2026.02.26	02:20:00.105	0.60003	0.60004			6
2026.02.26	02:20:00.407		0.60005			4
2026.02.26	02:20:00.741	0.60007	0.60008			6
2026.02.26	02:20:01.059	0.60008	0.60010			6
2026.02.26	02:20:01.394		0.60011			4
2026.02.26	02:20:04.403	0.60012	0.60015			6
2026.02.26	02:20:07.944	0.60013				2
2026.02.26	02:20:13.493	0.60014	0.60016			6
2026.02.26	02:20:14.868	0.60013				2
2026.02.26	02:20:15.199		0.60015			4
2026.02.26	02:20:15.850		0.60016			4
2026.02.26	02:20:16.201	0.60014				2
2026.02.26	02:20:16.975	0.60012	0.60015			6
2026.02.26	02:20:17.956	0.60014				2
2026.02.26	02:20:18.264	0.60011	0.60014			6
2026.02.26	02:20:20.220	0.60007	0.60010			6
2026.02.26	02:20:21.218	0.60006				2
2026.02.26	02:20:22.523		0.60009			4
2026.02.26	02:20:22.826	0.60007	0.60010			6
2026.02.26	02:20:23.476	0.60006				2
2026.02.26	02:20:23.847		0.60009			4
2026.02.26	02:20:33.309	0.60007				2
2026.02.26	02:20:35.362		0.60010			4
2026.02.26	02:20:35.971	0.60009	0.60011			6
2026.02.26	02:20:36.973	0.60010				2
2026.02.26	02:20:37.702		0.60013			4
2026.02.26	02:20:38.016		0.60012			4
2026.02.26	02:20:39.022		0.60011			4
2026.02.26	02:20:39.325	0.60009	0.60012			6
2026.02.26	02:20:39.680	0.60010				2
2026.02.26	02:20:40.204	0.60006	0.60009			6
2026.02.26	02:20:40.881		0.60010			4
2026.02.26	02:20:43.633	0.60007				2
2026.02.26	02:20:45.673	0.60006				2
2026.02.26	02:20:48.127	0.60007				2
2026.02.26	02:20:49.707		0.60009			4
2026.02.26	02:20:51.725		0.60010			4
2026.02.26	02:20:56.330	0.60008				2
2026.02.26	02:21:00.237	0.60008				2
2026.02.26	02:21:02.850	0.60009	0.60012			6
2026.02.26	02:21:05.410		0.60011			4
2026.02.26	02:21:09.880	0.60008	0.60009			6
2026.02.26	02:21:20.152	0.60007	0.60008			6
2026.02.26	02:21:21.760	0.60006				2
2026.02.26	02:21:22.506	0.60004	0.60005			6
2026.02.26	02:21:22.810	0.60002	0.60004			6
2026.02.26	02:21:23.113		0.60003			4
2026.02.26	02:21:23.415	0.60001				2
2026.02.26	02:21:23.767	0.60000	0.60002			6
2026.02.26	02:21:25.418	0.60001				2
2026.02.26	02:21:27.378	0.59997	0.59999			6
2026.02.26	02:21:27.710	0.59996				2
2026.02.26	02:21:28.031	0.59995	0.59998			6
2026.02.26	02:21:28.336		0.59999			4
2026.02.26	02:21:28.649	0.59994	0.59998			6
2026.02.26	02:21:33.187	0.59995				2
2026.02.26	02:21:34.142		0.59999			4
2026.02.26	02:21:38.753		0.59998			4
2026.02.26	02:21:39.056	0.59992	0.59996			6
2026.02.26	02:22:00.081	0.59992				2
2026.02.26	02:22:00.975	0.59994				2
2026.02.26	02:22:01.699	0.59992				2
2026.02.26	02:22:13.119	0.59995	0.59999			6
2026.02.26	02:22:34.396		0.59998			4
2026.02.26	02:22:46.506	0.59997	0.60000			6
2026.02.26	02:22:48.366	0.59998	0.60001			6
2026.02.26	02:22:52.433	0.59997	0.60000			6
2026.02.26	02:22:52.752	0.59999	0.60001			6
2026.02.26	02:22:53.055	0.59997	0.60000			6
2026.02.26	02:23:00.059	0.59997				2
2026.02.26	02:23:10.150	0.59998	0.60001			6
2026.02.26	02:23:10.803		0.59999			4
2026.02.26	02:23:11.105		0.60001			4
2026.02.26	02:23:11.457	0.59997	0.59999			6
2026.02.26	02:23:11.866		0.60000			4
2026.02.26	02:23:12.198		0.59998			4
2026.02.26	02:23:12.556		0.60000			4
2026.02.26	02:23:12.861		0.59998			4
2026.02.26	02:23:13.241		0.60000			4
2026.02.26	02:23:13.560		0.59998			4
2026.02.26	02:23:13.904		0.60000			4
2026.02.26	02:23:14.212		0.59999			4
2026.02.26	02:23:14.606		0.60000			4
2026.02.26	02:23:15.273	0.59995	0.59998			6
2026.02.26	02:23:25.009		0.59997			4
2026.02.26	02:23:26.312	0.59994				2
2026.02.26	02:23:29.274	0.59995				2
2026.02.26	02:23:31.212	0.59994				2
2026.02.26	02:23:31.525		0.59996			4
2026.02.26	02:23:34.388	0.59993	0.59995			6
2026.02.26	02:23:40.366	0.59991	0.59993			6
2026.02.26	02:23:40.669	0.59990	0.59992			6
2026.02.26	02:23:40.999	0.59991	0.59993			6
2026.02.26	02:23:52.743		0.59992			4
2026.02.26	02:23:54.595		0.59993			4
2026.02.26	02:24:00.205	0.59991				2
2026.02.26	02:24:02.412	0.59995	0.59997			6
2026.02.26	02:24:02.714	0.59994	0.59996			6
2026.02.26	02:24:03.020	0.59993	0.59995			6
2026.02.26	02:24:03.337		0.59996			4
2026.02.26	02:24:04.321		0.59995			4
2026.02.26	02:24:05.273	0.59992				2
2026.02.26	02:24:06.277	0.59991	0.59994			6
2026.02.26	02:24:07.632	0.59992	0.59995			6
2026.02.26	02:24:07.981	0.59991	0.59994			6
2026.02.26	02:24:17.159		0.59993			4
2026.02.26	02:24:30.982	0.59988	0.59990			6
2026.02.26	02:24:32.234	0.59987				2
2026.02.26	02:24:32.867	0.59986	0.59989			6
2026.02.26	02:24:35.428	0.59984	0.59987			6
2026.02.26	02:24:50.827	0.59986				2
2026.02.26	02:25:00.129	0.59986				2
2026.02.26	02:25:15.168	0.59985	0.59986			6
2026.02.26	02:25:27.986	0.59984				2
2026.02.26	02:25:28.288	0.59981	0.59983			6
2026.02.26	02:25:28.594		0.59982			4
2026.02.26	02:25:28.923	0.59980				2
2026.02.26	02:25:29.239	0.59979				2
2026.02.26	02:25:29.573	0.59980	0.59983			6
2026.02.26	02:25:31.931	0.59984	0.59985			6
2026.02.26	02:25:32.234		0.59986			4
2026.02.26	02:25:32.887	0.59983				2
2026.02.26	02:25:34.136	0.59984				2
2026.02.26	02:25:35.141		0.59987			4
2026.02.26	02:25:36.229	0.59985				2
2026.02.26	02:25:42.484	0.59980	0.59983			6
2026.02.26	02:25:53.445	0.59979				2
2026.02.26	02:25:57.125	0.59980				2
2026.02.26	02:26:00.028	0.59980				2
2026.02.26	02:26:01.136		0.59982			4
2026.02.26	02:26:02.437		0.59983			4
2026.02.26	02:26:09.352	0.59979	0.59982			6
2026.02.26	02:26:29.186	0.59980				2
2026.02.26	02:27:00.016	0.59980				2
2026.02.26	02:27:09.429		0.59982			4
2026.02.26	02:27:11.001	0.59981				2
2026.02.26	02:27:23.176		0.59983			4
2026.02.26	02:27:25.280		0.59982			4
2026.02.26	02:27:28.695		0.59983			4
2026.02.26	02:27:30.851		0.59982			4
2026.02.26	02:27:33.330	0.59980				2
2026.02.26	02:27:34.265	0.59982	0.59984			6
2026.02.26	02:27:40.806	0.59983				2
2026.02.26	02:27:41.121	0.59985	0.59987			6
2026.02.26	02:27:47.412	0.59988	0.59990			6
2026.02.26	02:27:49.632	0.59989	0.59991			6
2026.02.26	02:27:49.936	0.59995	0.59996			6
2026.02.26	02:27:50.239	0.59997	0.59999			6
2026.02.26	02:27:51.451	0.59998				2
2026.02.26	02:27:52.425	0.59997	0.59998			6
2026.02.26	02:27:53.699		0.59999			4
2026.02.26	02:27:54.669	0.59996	0.59997			6
2026.02.26	02:27:58.981		0.59999			4
2026.02.26	02:27:59.728		0.59997			4
2026.02.26	02:28:01.134	0.59996				2
2026.02.26	02:28:06.075		0.59999			4
2026.02.26	02:28:06.894	0.59983	0.59985			6
2026.02.26	02:28:07.266	0.59984	0.59987			6
2026.02.26	02:28:07.569	0.59983	0.59986			6
2026.02.26	02:28:12.308	0.59982				2
2026.02.26	02:28:21.306	0.59983				2
2026.02.26	02:28:22.537	0.59982				2
2026.02.26	02:28:23.540	0.59983	0.59985			6
2026.02.26	02:28:24.813		0.59986			4
2026.02.26	02:28:38.360	0.59982				2
2026.02.26	02:28:40.407		0.59985			4
2026.02.26	02:28:41.363		0.59986			4
2026.02.26	02:28:42.875		0.59985			4
2026.02.26	02:28:47.435		0.59986			4
2026.02.26	02:28:48.373		0.59985			4
2026.02.26	02:28:53.207		0.59986			4
2026.02.26	02:29:00.078	0.59982				2
2026.02.26	02:29:01.681	0.59981	0.59985			6
2026.02.26	02:29:02.333	0.59982				2
2026.02.26	02:29:03.286		0.59986			4
2026.02.26	02:29:08.830	0.59978	0.59981			6
2026.02.26	02:29:15.379	0.59980	0.59983			6
2026.02.26	02:29:21.447		0.59984			4
2026.02.26	02:29:23.203		0.59983			4
2026.02.26	02:29:32.452		0.59984			4
2026.02.26	02:29:40.703	0.59977	0.59980			6
2026.02.26	02:29:41.647	0.59978	0.59981			6
2026.02.26	02:29:47.836	0.59977				2
2026.02.26	02:29:59.324	0.59978				2
2026.02.26	02:29:59.966	0.59977				2
2026.02.26	02:30:00.277	0.59976	0.59979			6
2026.02.26	02:30:00.620		0.59980			4
2026.02.26	02:30:01.340	0.59972	0.59976			6
2026.02.26	02:30:10.461		0.59975			4
2026.02.26	02:30:11.600	0.59971	0.59974			6
2026.02.26	02:30:13.910	0.59970	0.59973			6
2026.02.26	02:30:16.285	0.59971	0.59974			6
2026.02.26	02:30:18.189	0.59970				2
2026.02.26	02:30:21.955		0.59973			4
2026.02.26	02:30:26.703		0.59972			4
2026.02.26	02:30:29.263	0.59962	0.59966			6
2026.02.26	02:30:29.611	0.59961	0.59964			6
2026.02.26	02:30:35.088	0.59962	0.59965			6
2026.02.26	02:30:35.427	0.59961				2
2026.02.26	02:30:37.036		0.59964			4
2026.02.26	02:30:38.640	0.59959	0.59960			6
2026.02.26	02:30:38.954	0.59956				2
2026.02.26	02:30:39.288	0.59957				2
2026.02.26	02:30:40.246	0.59955	0.59958			6
2026.02.26	02:30:45.247	0.59957	0.59960			6
2026.02.26	02:30:48.827	0.59958	0.59961			6
2026.02.26	02:30:49.129		0.59960			4
2026.02.26	02:30:49.748	0.59957				2
2026.02.26	02:30:50.135		0.59958			4
2026.02.26	02:30:54.643	0.59958	0.59959			6
2026.02.26	02:30:57.206	0.59957	0.59958			6
2026.02.26	02:31:00.112	0.59957				2
2026.02.26	02:31:00.529	0.59958	0.59959			6
2026.02.26	02:31:00.863		0.59961			4
2026.02.26	02:31:04.778	0.59957	0.59960			6
2026.02.26	02:31:05.082		0.59961			4
2026.02.26	02:31:05.386	0.59962	0.59966			6
2026.02.26	02:31:07.492	0.59963				2
2026.02.26	02:31:08.513	0.59970	0.59974			6
2026.02.26	02:31:09.126	0.59973	0.59977			6
2026.02.26	02:31:11.150	0.59974				2
2026.02.26	02:31:11.482	0.59973				2
2026.02.26	02:31:14.406	0.59977	0.59980			6
2026.02.26	02:31:14.708		0.59981			4
2026.02.26	02:31:15.152	0.59978	0.59982			6
2026.02.26	02:31:19.679	0.59979				2
2026.02.26	02:31:21.466	0.59977	0.59980			6
2026.02.26	02:31:25.161	0.59976				2
2026.02.26	02:31:28.468	0.59978	0.59981			6
2026.02.26	02:31:31.419		0.59982			4
2026.02.26	02:31:36.941	0.59977	0.59979			6
2026.02.26	02:31:38.351		0.59980			4
2026.02.26	02:31:38.999	0.59980	0.59982			6
2026.02.26	02:31:39.303		0.59983			4
2026.02.26	02:31:45.375	0.59984	0.59988			6
2026.02.26	02:31:45.722	0.59985				2
2026.02.26	02:31:46.027	0.59987	0.59991			6
2026.02.26	02:31:46.335	0.59988	0.59992			6
2026.02.26	02:31:46.978		0.59991			4
2026.02.26	02:31:47.281		0.59990			4
2026.02.26	02:31:47.630		0.59991			4
2026.02.26	02:31:48.286		0.59990			4
2026.02.26	02:31:52.509		0.59991			4
2026.02.26	02:31:59.386		0.59990			4
2026.02.26	02:32:00.314	0.59988				2
2026.02.26	02:32:00.717		0.59991			4
2026.02.26	02:32:03.309	0.59980	0.59983			6
2026.02.26	02:32:03.631	0.59978	0.59982			6
2026.02.26	02:32:05.557	0.59979	0.59983			6
2026.02.26	02:32:05.872		0.59982			4
2026.02.26	02:32:06.188	0.59978				2
2026.02.26	02:32:08.445	0.59980	0.59983			6
2026.02.26	02:32:08.760	0.59987	0.59991			6
2026.02.26	02:32:09.126	0.59988	0.59992			6
2026.02.26	02:32:11.106	0.59987	0.59991			6
2026.02.26	02:32:14.063	0.59988	0.59992			6
2026.02.26	02:32:27.782	0.59987	0.59991			6
2026.02.26	02:32:28.763	0.59988	0.59992			6
2026.02.26	02:32:32.023	0.59989	0.59993			6
2026.02.26	02:32:32.371	0.59988	0.59992			6
2026.02.26	02:32:35.633	0.59984	0.59988			6
2026.02.26	02:32:39.242	0.59983	0.59987			6
2026.02.26	02:32:39.942	0.59984	0.59988			6
2026.02.26	02:32:46.329	0.59983	0.59987			6
2026.02.26	02:32:49.924	0.59984	0.59988			6
2026.02.26	02:32:52.849		0.59987			4
2026.02.26	02:32:53.847	0.59988	0.59992			6
2026.02.26	02:32:54.152	0.59989				2
2026.02.26	02:32:54.454		0.59993			4
2026.02.26	02:32:54.803	0.59990	0.59991			6
2026.02.26	02:32:55.109	0.59989	0.59993			6
2026.02.26	02:32:56.374	0.59990				2
2026.02.26	02:32:57.474	0.59989				2
2026.02.26	02:32:58.727	0.59990				2
2026.02.26	02:32:59.070	0.59989	0.59992			6
2026.02.26	02:33:00.312	0.59989				2
2026.02.26	02:33:01.563	0.59990	0.59994			6
2026.02.26	02:33:02.405	0.59991	0.59995			6
2026.02.26	02:33:03.530	0.59992				2
2026.02.26	02:33:03.833		0.59996			4
2026.02.26	02:33:04.135		0.59995			4
2026.02.26	02:33:04.450	0.59991	0.59993			6
2026.02.26	02:33:05.422		0.59995			4
2026.02.26	02:33:05.724	0.59990	0.59994			6
2026.02.26	02:33:07.647		0.59993			4
2026.02.26	02:33:07.959	0.59989	0.59992			6
2026.02.26	02:33:08.296		0.59993			4
2026.02.26	02:33:08.625	0.59991	0.59994			6
2026.02.26	02:33:14.615	0.59990				2
2026.02.26	02:33:17.876	0.59992	0.59996			6
2026.02.26	02:33:20.828		0.59995			4
2026.02.26	02:33:21.223		0.59996			4
2026.02.26	02:33:22.184	0.59991	0.59995			6
2026.02.26	02:33:22.498		0.59994			4
2026.02.26	02:33:26.346	0.59992	0.59995			6
2026.02.26	02:33:27.157		0.59996			4
2026.02.26	02:33:30.052	0.59993	0.59997			6
2026.02.26	02:33:34.326	0.59994	0.59998			6
2026.02.26	02:33:34.975		0.59997			4
2026.02.26	02:33:37.334	0.59992	0.59995			6
2026.02.26	02:33:39.346	0.59993				2
2026.02.26	02:33:40.346	0.59992				2
2026.02.26	02:33:45.357	0.59993	0.59996			6
2026.02.26	02:33:45.660		0.59995			4
2026.02.26	02:33:47.641		0.59997			4
2026.02.26	02:33:47.961	0.59994	0.59998			6
2026.02.26	02:33:50.878		0.59997			4
2026.02.26	02:33:56.047	0.59996	0.59999			6
2026.02.26	02:33:56.350	0.60000	0.60003			6
2026.02.26	02:33:56.679	0.60001	0.60005			6
2026.02.26	02:33:57.004		0.60004			4
2026.02.26	02:33:57.350	0.60000				2
2026.02.26	02:33:57.674		0.60003			4
2026.02.26	02:33:58.310		0.60002			4
2026.02.26	02:33:59.308		0.60003			4
2026.02.26	02:34:00.310	0.60000				2
2026.02.26	02:34:01.311	0.59999	0.60002			6
2026.02.26	02:34:01.615	0.59997	0.60000			6
2026.02.26	02:34:06.282	0.60001	0.60005			6
2026.02.26	02:34:08.011		0.60004			4
2026.02.26	02:34:15.365	0.60000	0.60003			6
2026.02.26	02:34:17.889		0.60004			4
2026.02.26	02:34:22.112	0.59999	0.60003			6
2026.02.26	02:34:26.661	0.59998	0.60002			6
2026.02.26	02:34:27.902	0.59999				2
2026.02.26	02:34:28.602	0.59998				2
2026.02.26	02:34:30.462	0.60000	0.60003			6
2026.02.26	02:34:31.265	0.59999	0.60002			6
2026.02.26	02:34:34.168		0.60003			4
2026.02.26	02:34:34.868	0.59998	0.60002			6
2026.02.26	02:34:35.169	0.59999	0.60003			6
2026.02.26	02:34:44.543		0.60002			4
2026.02.26	02:34:55.357	0.60000	0.60003			6
2026.02.26	02:34:59.698	0.59998	0.60002			6
2026.02.26	02:35:00.048	0.59998				2
2026.02.26	02:35:04.415		0.60001			4
2026.02.26	02:35:05.463		0.60002			4
2026.02.26	02:35:07.421		0.60001			4
2026.02.26	02:35:15.360	0.59999	0.60002			6
2026.02.26	02:35:19.077		0.60001			4
2026.02.26	02:35:19.802	0.59997	0.60000			6
2026.02.26	02:35:25.357		0.60001			4
2026.02.26	02:35:27.857	0.59998				2
2026.02.26	02:35:28.829		0.60002			4
2026.02.26	02:35:29.214		0.60001			4
2026.02.26	02:35:43.154		0.60000			4
2026.02.26	02:35:44.087		0.60001			4
2026.02.26	02:35:53.291	0.59997				2
2026.02.26	02:35:54.120		0.60000			4
2026.02.26	02:35:56.099		0.60001			4
2026.02.26	02:35:57.363		0.60000			4
2026.02.26	02:35:58.409		0.59999			4
2026.02.26	02:35:58.737		0.60000			4
2026.02.26	02:36:00.925	0.59997				2
2026.02.26	02:36:01.909		0.60001			4
2026.02.26	02:36:05.247	0.59998	0.60002			6
2026.02.26	02:36:05.598	0.59997	0.60001			6
2026.02.26	02:36:06.301	0.59998	0.60002			6
2026.02.26	02:36:18.493	0.59999	0.60003			6
2026.02.26	02:36:20.802	0.59998	0.60002			6
2026.02.26	02:36:37.556	0.59997	0.60001			6
2026.02.26	02:36:41.169		0.59998			4
2026.02.26	02:36:41.473	0.59992	0.59995			6
2026.02.26	02:36:42.476	0.59991				2
2026.02.26	02:36:44.735	0.59992	0.59996			6
2026.02.26	02:37:00.087	0.59992				2
2026.02.26	02:37:12.020	0.59991	0.59995			6
2026.02.26	02:37:15.330	0.59992	0.59996			6
2026.02.26	02:37:15.681	0.59993	0.59997			6
2026.02.26	02:37:16.637		0.59996			4
2026.02.26	02:37:16.939		0.59997			4
2026.02.26	02:37:21.234		0.59996			4
2026.02.26	02:37:22.604	0.59992				2
2026.02.26	02:37:27.564	0.59993	0.59997			6
2026.02.26	02:37:38.825	0.59994				2
2026.02.26	02:37:40.485	0.59993				2
2026.02.26	02:37:43.763		0.59996			4
2026.02.26	02:37:46.731		0.59997			4
2026.02.26	02:37:47.166		0.59996			4
2026.02.26	02:37:50.957	0.59994				2
2026.02.26	02:37:51.262	0.59993	0.59995			6
2026.02.26	02:37:51.590	0.59994				2
2026.02.26	02:38:00.074	0.59994				2
2026.02.26	02:38:00.724	0.59992				2
2026.02.26	02:38:18.939	0.59993	0.59996			6
2026.02.26	02:38:19.255	0.59994	0.59997			6
2026.02.26	02:38:23.352		0.59996			4
2026.02.26	02:38:23.670	0.59995				2
2026.02.26	02:38:25.246	0.59992	0.59995			6
2026.02.26	02:38:25.562	0.59991	0.59994			6
2026.02.26	02:38:25.879	0.59990	0.59993			6
2026.02.26	02:38:26.233		0.59992			4
2026.02.26	02:38:26.872	0.59989				2
2026.02.26	02:38:27.807	0.59991				2
2026.02.26	02:38:28.111	0.59989				2
2026.02.26	02:38:30.318	0.59991				2
2026.02.26	02:38:30.622	0.59989				2
2026.02.26	02:38:32.530	0.59990				2
2026.02.26	02:38:32.846	0.59992	0.59993			6
2026.02.26	02:38:36.796	0.59994	0.59996			6
2026.02.26	02:38:37.446	0.59993				2
2026.02.26	02:38:40.311	0.59994				2
2026.02.26	02:38:42.265	0.59993				2
2026.02.26	02:38:47.491	0.59992	0.59995			6
2026.02.26	02:39:00.183	0.59992				2
2026.02.26	02:39:04.702	0.59993	0.59996			6
2026.02.26	02:39:07.258		0.59995			4
2026.02.26	02:39:09.722	0.59994	0.59996			6
2026.02.26	02:39:11.902	0.59993	0.59995			6
2026.02.26	02:39:14.094	0.59994	0.59996			6
2026.02.26	02:39:17.268	0.59993	0.59995			6
2026.02.26	02:39:18.566	0.59994	0.59996			6
2026.02.26	02:39:19.197	0.59993	0.59995			6
2026.02.26	02:39:27.093	0.59994	0.59996			6
2026.02.26	02:39:31.156		0.59995			4
2026.02.26	02:39:33.019	0.59993				2
2026.02.26	02:39:37.835		0.59994			4
2026.02.26	02:39:40.642		0.59995			4
2026.02.26	02:39:49.155	0.59994	0.59996			6
2026.02.26	02:39:51.361	0.59996	0.59998			6
2026.02.26	02:39:51.669	0.59998	0.60000			6
2026.02.26	02:39:59.246	0.60000	0.60001			6
2026.02.26	02:39:59.547		0.60002			4
2026.02.26	02:40:00.170	0.60000				2
2026.02.26	02:40:00.796	0.60002	0.60004			6
2026.02.26	02:40:01.102	0.60001	0.60003			6
2026.02.26	02:40:02.661	0.59999	0.60001			6
2026.02.26	02:40:02.968	0.59998	0.60000			6
2026.02.26	02:40:03.285		0.60001			4
2026.02.26	02:40:03.921	0.59997	0.60000			6
2026.02.26	02:40:04.227	0.59996	0.59999			6
2026.02.26	02:40:04.918	0.59995	0.59998			6
2026.02.26	02:40:05.223	0.59996	0.59999			6
2026.02.26	02:40:07.172		0.59998			4
2026.02.26	02:40:07.488		0.59999			4
2026.02.26	02:40:07.834		0.59998			4
2026.02.26	02:40:08.140		0.59999			4
2026.02.26	02:40:08.483		0.59997			4
2026.02.26	02:40:08.791		0.59999			4
2026.02.26	02:40:09.099	0.59994	0.59996			6
2026.02.26	02:40:09.452	0.59995	0.59998			6
2026.02.26	02:40:10.437		0.59997			4
2026.02.26	02:40:10.745		0.59998			4
2026.02.26	02:40:14.410	0.59996				2
2026.02.26	02:40:15.660	0.59998	0.60000			6
2026.02.26	02:40:22.584	0.59996	0.59998			6
2026.02.26	02:40:25.106	0.59997				2
2026.02.26	02:40:25.437	0.59996				2
2026.02.26	02:40:25.739	0.59997				2
2026.02.26	02:40:30.819	0.59996				2
2026.02.26	02:40:36.489	0.59997	0.59999			6
2026.02.26	02:40:40.631	0.59998				2
2026.02.26	02:40:40.946	0.60000	0.60002			6
2026.02.26	02:40:41.556	0.60001	0.60003			6
2026.02.26	02:40:41.859	0.60003	0.60005			6
2026.02.26	02:40:42.187		0.60006			4
2026.02.26	02:40:43.489	0.60002	0.60005			6
2026.02.26	02:40:44.190	0.59998	0.60001			6
2026.02.26	02:40:44.509		0.60000			4
2026.02.26	02:40:51.465	0.59997				2
2026.02.26	02:40:57.782	0.59998				2
2026.02.26	02:41:00.037	0.59998				2
2026.02.26	02:41:05.655	0.59997				2
2026.02.26	02:41:05.959	0.59996	0.59998			6
2026.02.26	02:41:06.273	0.59997				2
2026.02.26	02:41:11.824		0.59999			4
2026.02.26	02:41:12.478		0.60000			4
2026.02.26	02:41:17.087	0.59998				2
2026.02.26	02:41:17.711	0.59997	0.59999			6
2026.02.26	02:41:41.122	0.59998	0.60000			6
2026.02.26	02:41:47.355	0.59999	0.60001			6
2026.02.26	02:41:49.581	0.59998	0.60000			6
2026.02.26	02:42:00.250	0.59998				2
2026.02.26	02:42:10.377	0.59999				2
2026.02.26	02:42:10.683	0.59998				2
2026.02.26	02:42:11.302		0.59999			4
2026.02.26	02:42:18.451	0.59997				2
2026.02.26	02:42:22.214	0.59998				2
2026.02.26	02:42:47.788		0.60000			4
2026.02.26	02:42:59.835	0.59999	0.60001			6
2026.02.26	02:43:00.150	0.59999				2
2026.02.26	02:43:00.799	0.59998	0.60000			6
2026.02.26	02:43:01.140		0.59999			4
2026.02.26	02:43:07.826	0.60000	0.60001			6
2026.02.26	02:43:08.462	0.60003	0.60004			6
2026.02.26	02:43:08.782	0.59999	0.60001			6
2026.02.26	02:43:09.099	0.59998	0.59999			6
2026.02.26	02:43:09.413		0.60000			4
2026.02.26	02:43:23.855	0.59997	0.59999			6
2026.02.26	02:43:26.371	0.59998	0.60000			6
2026.02.26	02:43:36.949	0.59997	0.59999			6
2026.02.26	02:43:42.519	0.59998	0.60000			6
2026.02.26	02:43:43.176		0.59999			4
2026.02.26	02:43:45.349		0.60000			4
2026.02.26	02:43:46.631	0.59999	0.60001			6
2026.02.26	02:43:47.638		0.60000			4
2026.02.26	02:43:51.124		0.60001			4
2026.02.26	02:43:52.710		0.60000			4
2026.02.26	02:43:55.541	0.59998	0.59999			6
2026.02.26	02:43:55.867		0.60000			4
2026.02.26	02:43:56.873		0.59999			4
2026.02.26	02:44:00.010	0.59998				2
2026.02.26	02:44:01.591		0.60000			4
2026.02.26	02:44:04.258		0.59999			4
2026.02.26	02:44:06.754		0.60000			4
2026.02.26	02:44:09.061		0.59999			4
2026.02.26	02:44:15.050	0.59997				2
2026.02.26	02:44:18.689	0.59998	0.60000			6
2026.02.26	02:44:19.693		0.59999			4
2026.02.26	02:44:23.472	0.59995	0.59996			6
2026.02.26	02:44:23.780	0.59994				2
2026.02.26	02:44:25.110	0.59995				2
2026.02.26	02:44:26.991	0.59994				2
2026.02.26	02:44:30.278	0.59995				2
2026.02.26	02:44:30.596	0.59994	0.59995			6
2026.02.26	02:44:30.899		0.59996			4
2026.02.26	02:44:31.885	0.59996	0.59997			6
2026.02.26	02:44:34.064		0.59998			4
2026.02.26	02:44:48.754	0.59994	0.59996			6
2026.02.26	02:44:51.315	0.59995	0.59997			6
2026.02.26	02:44:52.921		0.59996			4
2026.02.26	02:44:54.795	0.59994				2
2026.02.26	02:44:55.133	0.59995				2
2026.02.26	02:44:59.851	0.59996	0.59998			6
2026.02.26	02:45:00.154	0.59996				2
2026.02.26	02:45:04.118		0.59997			4
2026.02.26	02:45:04.435		0.59998			4
2026.02.26	02:45:07.079		0.59997			4
2026.02.26	02:45:08.333		0.59998			4
2026.02.26	02:45:08.685	0.59997	0.59999			6
2026.02.26	02:45:11.644	0.59996	0.59998			6
2026.02.26	02:45:16.516		0.59997			4
2026.02.26	02:45:16.820	0.59995				2
2026.02.26	02:45:17.168	0.59996				2
2026.02.26	02:45:17.486	0.59997	0.59998			6
2026.02.26	02:45:20.930	0.60002	0.60003			6
2026.02.26	02:45:21.245	0.60001	0.60002			6
2026.02.26	02:45:23.783	0.60000				2
2026.02.26	02:45:32.520		0.60001			4
2026.02.26	02:45:33.750		0.60002			4
2026.02.26	02:45:34.382		0.60001			4
2026.02.26	02:45:35.003		0.60002			4
2026.02.26	02:45:36.291		0.60001			4
2026.02.26	02:45:38.515		0.60002			4
2026.02.26	02:45:41.101	0.60004	0.60005			6
2026.02.26	02:45:41.749	0.60005	0.60007			6
2026.02.26	02:45:42.099	0.60007	0.60008			6
2026.02.26	02:45:44.377	0.60006				2
2026.02.26	02:45:50.527	0.60007				2
2026.02.26	02:45:51.484		0.60009			4
2026.02.26	02:45:52.311	0.60005	0.60007			6
2026.02.26	02:45:55.247	0.60006	0.60008			6
2026.02.26	02:46:00.164	0.60006				2
2026.02.26	02:46:04.984		0.60007			4
2026.02.26	02:46:05.299		0.60008			4
2026.02.26	02:46:10.200	0.60007	0.60009			6
2026.02.26	02:46:10.804		0.60008			4
2026.02.26	02:46:20.208		0.60009			4
2026.02.26	02:46:23.456	0.60010	0.60011			6
2026.02.26	02:46:25.023		0.60012			4
2026.02.26	02:46:27.312	0.60011	0.60013			6
2026.02.26	02:46:27.918	0.60012	0.60014			6
2026.02.26	02:46:28.921	0.60013				2
2026.02.26	02:46:29.224	0.60012				2
2026.02.26	02:46:33.626	0.60013				2
2026.02.26	02:46:40.179	0.60011	0.60012			6
2026.02.26	02:46:41.114	0.60010				2
2026.02.26	02:46:41.439	0.60011				2
2026.02.26	02:46:41.748		0.60013			4
2026.02.26	02:46:44.760	0.60010	0.60012			6
2026.02.26	02:46:45.112	0.60011				2
2026.02.26	02:46:46.067		0.60013			4
2026.02.26	02:46:46.416		0.60012			4
2026.02.26	02:46:47.975	0.60014	0.60015			6
2026.02.26	02:46:48.280	0.60018	0.60020			6
2026.02.26	02:46:48.627	0.60019				2
2026.02.26	02:46:49.280	0.60018				2
2026.02.26	02:46:50.645		0.60021			4
2026.02.26	02:46:53.510	0.60017	0.60020			6
2026.02.26	02:46:53.821		0.60019			4
2026.02.26	02:46:54.745		0.60020			4
2026.02.26	02:47:04.751	0.60017				2
2026.02.26	02:47:07.539		0.60019			4
2026.02.26	02:47:08.494	0.60015	0.60018			6
2026.02.26	02:47:08.799	0.60014	0.60017			6
2026.02.26	02:47:09.745	0.60015	0.60018			6
2026.02.26	02:47:10.700	0.60014	0.60017			6
2026.02.26	02:47:11.887	0.60015	0.60018			6
2026.02.26	02:47:15.168	0.60017				2
2026.02.26	02:47:15.472	0.60018	0.60021			6
2026.02.26	02:47:21.106	0.60019				2
2026.02.26	02:47:23.597		0.60022			4
2026.02.26	02:47:26.349		0.60021			4
2026.02.26	02:47:28.312		0.60022			4
2026.02.26	02:47:29.826		0.60021			4
2026.02.26	02:47:31.071		0.60022			4
2026.02.26	02:47:34.326	0.60021				2
2026.02.26	02:47:34.631		0.60023			4
2026.02.26	02:47:34.935	0.60023	0.60025			6
2026.02.26	02:47:35.253		0.60026			4
2026.02.26	02:47:37.542		0.60025			4
2026.02.26	02:47:46.371	0.60022	0.60024			6
2026.02.26	02:47:48.932	0.60023	0.60025			6
2026.02.26	02:47:56.693		0.60024			4
2026.02.26	02:47:57.004	0.60022				2
2026.02.26	02:47:57.929	0.60020	0.60021			6
2026.02.26	02:47:58.231	0.60018	0.60020			6
2026.02.26	02:47:59.501	0.60016	0.60018			6
2026.02.26	02:48:00.167	0.60016				2
2026.02.26	02:48:01.471	0.60015				2
2026.02.26	02:48:01.775	0.60014	0.60017			6
2026.02.26	02:48:07.643		0.60016			4
2026.02.26	02:48:11.711		0.60015			4
2026.02.26	02:48:12.019	0.60011	0.60013			6
2026.02.26	02:48:17.931		0.60012			4
2026.02.26	02:48:20.747		0.60013			4
2026.02.26	02:48:22.532	0.60010	0.60012			6
2026.02.26	02:48:23.508		0.60013			4
2026.02.26	02:48:23.858	0.60011				2
2026.02.26	02:48:26.419	0.60010				2
2026.02.26	02:48:26.730	0.60009	0.60011			6
2026.02.26	02:48:29.599		0.60012			4
2026.02.26	02:48:29.925	0.60010				2
2026.02.26	02:48:32.330		0.60011			4
2026.02.26	02:48:33.986		0.60012			4
2026.02.26	02:48:34.429		0.60011			4
2026.02.26	02:48:35.690	0.60009	0.60012			6
2026.02.26	02:48:35.993		0.60011			4
2026.02.26	02:48:36.645		0.60012			4
2026.02.26	02:48:37.944		0.60011			4
2026.02.26	02:48:46.193	0.60008	0.60010			6
2026.02.26	02:48:50.557	0.60005	0.60008			6
2026.02.26	02:48:52.254	0.60004	0.60007			6
2026.02.26	02:48:57.788	0.60005				2
2026.02.26	02:48:58.116	0.60004				2
2026.02.26	02:49:00.197	0.60004	0.60006			6
2026.02.26	02:49:00.807	0.60005	0.60007			6
2026.02.26	02:49:01.440		0.60006			4
2026.02.26	02:49:01.744	0.60004				2
2026.02.26	02:49:02.047	0.60005	0.60007			6
2026.02.26	02:49:02.374	0.60004				2
2026.02.26	02:49:03.427		0.60006			4
2026.02.26	02:49:10.372	0.60005	0.60007			6
2026.02.26	02:49:10.983	0.60004	0.60006			6
2026.02.26	02:49:22.386		0.60005			4
2026.02.26	02:49:24.290		0.60006			4
2026.02.26	02:49:24.594		0.60005			4
2026.02.26	02:49:25.562		0.60006			4
2026.02.26	02:49:26.298		0.60005			4
2026.02.26	02:49:26.599		0.60006			4
2026.02.26	02:49:29.564		0.60005			4
2026.02.26	02:49:32.708	0.60002	0.60003			6
2026.02.26	02:49:35.830	0.59997	0.59999			6
2026.02.26	02:49:36.137	0.59998	0.60000			6
2026.02.26	02:49:37.406	0.59997				2
2026.02.26	02:49:42.261	0.59998				2
2026.02.26	02:49:52.975	0.59996	0.59998			6
2026.02.26	02:49:53.280	0.59995	0.59997			6
2026.02.26	02:49:55.807	0.59994	0.59996			6
2026.02.26	02:49:58.315	0.59995	0.59997			6
2026.02.26	02:49:58.938	0.59994	0.59996			6
2026.02.26	02:49:59.891	0.59995	0.59997			6
2026.02.26	02:50:00.201	0.59995				2
2026.02.26	02:50:00.837	0.59997	0.59999			6
2026.02.26	02:50:01.476	0.59995	0.59997			6
2026.02.26	02:50:07.417	0.59994	0.59996			6
2026.02.26	02:50:08.046	0.59995	0.59997			6
2026.02.26	02:50:08.348	0.59994	0.59996			6
2026.02.26	02:50:09.299	0.59995	0.59997			6
2026.02.26	02:50:13.063	0.59994	0.59996			6
2026.02.26	02:50:13.365	0.59995	0.59997			6
2026.02.26	02:50:19.435	0.59996	0.59998			6
2026.02.26	02:50:21.041	0.59995	0.59997			6
2026.02.26	02:50:21.392	0.59996	0.59998			6
2026.02.26	02:50:23.998		0.59997			4
2026.02.26	02:50:24.301		0.59998			4
2026.02.26	02:50:26.578	0.59998	0.60000			6
2026.02.26	02:50:29.125	0.59997	0.59999			6
2026.02.26	02:50:30.179	0.59996	0.59998			6
2026.02.26	02:50:30.499	0.59995	0.59997			6
2026.02.26	02:50:30.830	0.59997	0.59999			6
2026.02.26	02:50:31.179	0.59998	0.60000			6
2026.02.26	02:50:32.434	0.59997	0.59999			6
2026.02.26	02:50:35.700	0.60001	0.60002			6
2026.02.26	02:50:36.022	0.60002	0.60004			6
2026.02.26	02:50:46.089	0.60003	0.60005			6
2026.02.26	02:50:49.746	0.60002				2
2026.02.26	02:50:50.159	0.60003				2
2026.02.26	02:50:52.960	0.60004				2
2026.02.26	02:51:00.141	0.60004				2
2026.02.26	02:51:06.476	0.60002	0.60004			6
2026.02.26	02:51:14.540	0.60001	0.60003			6
2026.02.26	02:51:17.657	0.60000	0.60002			6
2026.02.26	02:51:24.110		0.60001			4
