<DATE>	<TIME>	<BID>	<ASK>	<LAST>	<VOLUME>	<FLAGS>
2026.02.04	00:03:31.137	0.60407	0.60463			6
2026.02.04	00:04:00.110	0.60407				2
2026.02.04	00:04:31.209		0.60463			4
2026.02.04	00:05:00.204	0.60407				2
2026.02.04	00:05:02.858	0.60414	0.60470			6
2026.02.04	00:05:10.638	0.60416	0.60472			6
2026.02.04	00:05:33.311	0.60415	0.60471			6
2026.02.04	00:05:43.149	0.60418	0.60474			6
2026.02.04	00:05:58.288	0.60417	0.60473			6
2026.02.04	00:06:00.196	0.60417				2
2026.02.04	00:06:04.416	0.60418	0.60474			6
2026.02.04	00:06:09.983	0.60421	0.60492			6
2026.02.04	00:06:10.288	0.60419				2
2026.02.04	00:07:00.198	0.60419				2
2026.02.04	00:07:00.854	0.60422				2
2026.02.04	00:07:09.822	0.60423				2
2026.02.04	00:07:10.172		0.60492			4
2026.02.04	00:07:20.007	0.60403	0.60479			6
2026.02.04	00:07:20.312	0.60400	0.60477			6
2026.02.04	00:07:36.011	0.60409	0.60466			6
2026.02.04	00:07:36.319	0.60418	0.60467			6
2026.02.04	00:07:36.633	0.60420				2
2026.02.04	00:07:58.817	0.60421				2
2026.02.04	00:08:00.069	0.60421				2
2026.02.04	00:08:36.488		0.60467			4
2026.02.04	00:09:00.256	0.60421				2
2026.02.04	00:09:18.472	0.60406				2
2026.02.04	00:09:19.124	0.60408	0.60469			6
2026.02.04	00:09:19.474	0.60407	0.60468			6
2026.02.04	00:09:23.342		0.60467			4
2026.02.04	00:09:26.207	0.60409				2
2026.02.04	00:09:26.557	0.60412				2
2026.02.04	00:09:26.860		0.60466			4
2026.02.04	00:09:28.716		0.60468			4
2026.02.04	00:09:29.034	0.60414				2
2026.02.04	00:09:40.095	0.60413				2
2026.02.04	00:09:43.756	0.60414				2
2026.02.04	00:09:46.012	0.60418	0.60462			6
2026.02.04	00:09:46.664		0.60463			4
2026.02.04	00:09:56.148	0.60417				2
2026.02.04	00:10:00.265	0.60412				2
2026.02.04	00:10:11.646	0.60407				2
2026.02.04	00:10:17.568	0.60402	0.60458			6
2026.02.04	00:10:17.918	0.60403	0.60459			6
2026.02.04	00:10:47.612	0.60404	0.60460			6
2026.02.04	00:10:52.629	0.60398	0.60454			6
2026.02.04	00:11:00.151	0.60398				2
2026.02.04	00:11:07.678	0.60403				2
2026.02.04	00:11:14.596	0.60398				2
2026.02.04	00:11:15.251	0.60399	0.60455			6
2026.02.04	00:11:15.598	0.60408				2
2026.02.04	00:11:20.721	0.60399				2
2026.02.04	00:11:21.678	0.60408				2
2026.02.04	00:11:26.793	0.60399				2
2026.02.04	00:11:27.798	0.60408				2
2026.02.04	00:11:33.065	0.60399				2
2026.02.04	00:11:34.066	0.60408				2
2026.02.04	00:11:39.237	0.60398	0.60454			6
2026.02.04	00:11:40.191	0.60406				2
2026.02.04	00:12:00.210	0.60406				2
2026.02.04	00:12:09.442	0.60410	0.60455			6
2026.02.04	00:12:10.093	0.60411				2
2026.02.04	00:12:24.136	0.60391	0.60448			6
2026.02.04	00:12:26.445	0.60386	0.60444			6
2026.02.04	00:12:48.118	0.60384	0.60442			6
2026.02.04	00:13:00.208	0.60384				2
2026.02.04	00:13:48.179		0.60442			4
2026.02.04	00:13:50.231		0.60441			4
2026.02.04	00:13:55.750	0.60383	0.60449			6
2026.02.04	00:13:56.100		0.60448			4
2026.02.04	00:14:00.016	0.60383				2
2026.02.04	00:14:00.324	0.60384				2
2026.02.04	00:14:11.127	0.60385	0.60450			6
2026.02.04	00:14:21.379	0.60391	0.60454			6
2026.02.04	00:14:29.600	0.60396	0.60458			6
2026.02.04	00:14:53.239	0.60401	0.60465			6
2026.02.04	00:14:53.846	0.60402	0.60466			6
2026.02.04	00:14:56.756	0.60401	0.60465			6
2026.02.04	00:14:57.062	0.60402	0.60466			6
2026.02.04	00:15:00.018	0.60402				2
2026.02.04	00:15:00.720	0.60401	0.60465			6
2026.02.04	00:15:01.072	0.60402	0.60466			6
2026.02.04	00:15:02.731	0.60401	0.60465			6
2026.02.04	00:15:04.990	0.60403	0.60467			6
2026.02.04	00:15:05.338		0.60466			4
2026.02.04	00:15:05.642		0.60467			4
2026.02.04	00:15:05.946	0.60404	0.60466			6
2026.02.04	00:15:06.292		0.60468			4
2026.02.04	00:15:06.594		0.60466			4
2026.02.04	00:15:06.945		0.60468			4
2026.02.04	00:15:07.248		0.60466			4
2026.02.04	00:15:07.598		0.60468			4
2026.02.04	00:15:07.942		0.60466			4
2026.02.04	00:15:08.250		0.60468			4
2026.02.04	00:15:10.908	0.60403	0.60467			6
2026.02.04	00:15:11.908	0.60404	0.60468			6
2026.02.04	00:15:13.213	0.60403	0.60467			6
2026.02.04	00:15:13.823	0.60404	0.60468			6
2026.02.04	00:15:18.747	0.60403	0.60467			6
2026.02.04	00:15:21.058	0.60404	0.60468			6
2026.02.04	00:15:22.055	0.60403	0.60467			6
2026.02.04	00:15:23.055	0.60404	0.60468			6
2026.02.04	00:15:23.712	0.60403	0.60467			6
2026.02.04	00:15:30.233	0.60404	0.60468			6
2026.02.04	00:15:31.235	0.60409	0.60467			6
2026.02.04	00:15:31.538		0.60466			4
2026.02.04	00:15:31.855		0.60467			4
2026.02.04	00:15:32.839		0.60466			4
2026.02.04	00:15:33.794		0.60467			4
2026.02.04	00:15:34.140		0.60466			4
2026.02.04	00:15:36.453		0.60467			4
2026.02.04	00:15:36.799		0.60466			4
2026.02.04	00:15:37.804		0.60467			4
2026.02.04	00:15:39.111		0.60466			4
2026.02.04	00:15:41.809		0.60467			4
2026.02.04	00:15:42.808		0.60466			4
2026.02.04	00:15:47.058		0.60465			4
2026.02.04	00:15:47.990	0.60410				2
2026.02.04	00:15:48.979		0.60466			4
2026.02.04	00:15:50.331		0.60465			4
2026.02.04	00:15:51.989		0.60466			4
2026.02.04	00:15:53.945		0.60465			4
2026.02.04	00:15:55.904	0.60409				2
2026.02.04	00:15:58.863		0.60466			4
2026.02.04	00:16:00.165	0.60409				2
2026.02.04	00:16:02.424		0.60465			4
2026.02.04	00:16:03.122		0.60466			4
2026.02.04	00:16:03.730		0.60465			4
2026.02.04	00:16:06.989	0.60399	0.60462			6
2026.02.04	00:16:07.642	0.60400	0.60463			6
2026.02.04	00:16:08.292	0.60402	0.60465			6
2026.02.04	00:16:09.946		0.60464			4
2026.02.04	00:16:12.614		0.60465			4
2026.02.04	00:16:13.606		0.60466			4
2026.02.04	00:16:17.429		0.60465			4
2026.02.04	00:16:30.325		0.60464			4
2026.02.04	00:16:30.809	0.60401	0.60466			6
2026.02.04	00:16:32.074	0.60402	0.60465			6
2026.02.04	00:16:33.329	0.60401				2
2026.02.04	00:16:35.999	0.60402	0.60464			6
2026.02.04	00:16:40.687		0.60465			4
2026.02.04	00:16:54.081	0.60409	0.60482			6
2026.02.04	00:17:00.325	0.60409				2
2026.02.04	00:17:01.683	0.60410	0.60475			6
2026.02.04	00:17:02.978	0.60409				2
2026.02.04	00:17:11.800		0.60473			4
2026.02.04	00:17:15.799		0.60475			4
2026.02.04	00:17:33.191		0.60476			4
2026.02.04	00:17:34.115		0.60473			4
2026.02.04	00:17:37.988		0.60470			4
2026.02.04	00:17:38.620		0.60472			4
2026.02.04	00:17:43.352		0.60474			4
2026.02.04	00:17:48.621		0.60471			4
2026.02.04	00:17:49.270		0.60482			4
2026.02.04	00:17:51.530		0.60472			4
2026.02.04	00:18:01.691	0.60410	0.60475			6
2026.02.04	00:18:44.084	0.60411	0.60476			6
2026.02.04	00:18:59.742	0.60409				2
2026.02.04	00:19:00.325	0.60409				2
2026.02.04	00:19:21.249	0.60410	0.60475			6
2026.02.04	00:19:27.331	0.60409				2
2026.02.04	00:19:27.652	0.60410	0.60479			6
2026.02.04	00:19:28.258		0.60475			4
2026.02.04	00:19:29.802		0.60474			4
2026.02.04	00:19:30.108	0.60411	0.60473			6
2026.02.04	00:19:30.804	0.60414	0.60483			6
2026.02.04	00:19:31.109	0.60416	0.60481			6
2026.02.04	00:19:31.708	0.60415	0.60477			6
2026.02.04	00:19:33.209	0.60414	0.60480			6
2026.02.04	00:19:34.168	0.60416	0.60476			6
2026.02.04	00:19:34.813	0.60415				2
2026.02.04	00:19:37.732	0.60419	0.60477			6
2026.02.04	00:19:39.084	0.60421				2
2026.02.04	00:19:49.815		0.60479			4
2026.02.04	00:20:00.152	0.60421				2
2026.02.04	00:20:00.457	0.60420	0.60482			6
2026.02.04	00:20:01.111		0.60483			4
2026.02.04	00:20:06.230		0.60477			4
2026.02.04	00:20:08.040	0.60418	0.60483			6
2026.02.04	00:20:10.288	0.60419				2
2026.02.04	00:20:34.016		0.60482			4
2026.02.04	00:20:42.527		0.60481			4
2026.02.04	00:20:46.813		0.60482			4
2026.02.04	00:21:00.325	0.60419				2
2026.02.04	00:21:05.016	0.60417				2
2026.02.04	00:21:05.426		0.60481			4
2026.02.04	00:21:08.044	0.60416				2
2026.02.04	00:21:16.208		0.60482			4
2026.02.04	00:21:25.813		0.60481			4
2026.02.04	00:21:27.613		0.60480			4
2026.02.04	00:21:30.912		0.60481			4
2026.02.04	00:21:32.762		0.60480			4
2026.02.04	00:21:37.954		0.60481			4
2026.02.04	00:21:38.277		0.60482			4
2026.02.04	00:21:39.126		0.60480			4
2026.02.04	00:21:43.429		0.60481			4
2026.02.04	00:21:52.330	0.60419	0.60477			6
2026.02.04	00:22:08.111	0.60419				2
2026.02.04	00:22:17.656		0.60478			4
2026.02.04	00:22:22.859	0.60418				2
2026.02.04	00:22:37.586	0.60419				2
2026.02.04	00:22:47.887	0.60423	0.60482			6
2026.02.04	00:22:48.218	0.60424				2
2026.02.04	00:22:49.323	0.60423				2
2026.02.04	00:22:52.059	0.60424				2
2026.02.04	00:23:00.965	0.60424	0.60481			6
2026.02.04	00:23:03.733	0.60423	0.60480			6
2026.02.04	00:23:09.927	0.60424				2
2026.02.04	00:23:10.238	0.60423				2
2026.02.04	00:23:19.076	0.60424	0.60484			6
2026.02.04	00:23:23.374	0.60423	0.60485			6
2026.02.04	00:23:24.371		0.60480			4
2026.02.04	00:23:26.956		0.60485			4
2026.02.04	00:23:28.633		0.60486			4
2026.02.04	00:23:30.465	0.60424				2
2026.02.04	00:23:42.888		0.60485			4
2026.02.04	00:24:06.149	0.60424	0.60486			6
2026.02.04	00:24:34.550		0.60484			4
2026.02.04	00:24:54.616	0.60425	0.60483			6
2026.02.04	00:25:03.041	0.60425				2
2026.02.04	00:25:13.372	0.60426	0.60482			6
2026.02.04	00:25:21.096	0.60427	0.60481			6
2026.02.04	00:25:21.924	0.60426	0.60482			6
2026.02.04	00:25:27.613	0.60427	0.60481			6
2026.02.04	00:25:29.126	0.60426	0.60482			6
2026.02.04	00:25:35.795	0.60427	0.60481			6
2026.02.04	00:25:36.693	0.60426				2
2026.02.04	00:25:45.296	0.60427				2
2026.02.04	00:25:46.094	0.60428				2
2026.02.04	00:25:46.416	0.60427				2
2026.02.04	00:25:51.613	0.60428	0.60480			6
2026.02.04	00:25:58.606	0.60427	0.60481			6
2026.02.04	00:26:05.414	0.60428	0.60480			6
2026.02.04	00:26:20.413	0.60427	0.60481			6
2026.02.04	00:26:31.927	0.60428	0.60480			6
2026.02.04	00:26:32.620	0.60427	0.60481			6
2026.02.04	00:26:57.205	0.60426	0.60482			6
2026.02.04	00:26:59.101	0.60430	0.60484			6
2026.02.04	00:27:00.317	0.60430				2
2026.02.04	00:27:05.112		0.60485			4
2026.02.04	00:27:24.012		0.60484			4
2026.02.04	00:27:32.716		0.60485			4
2026.02.04	00:27:36.797	0.60427	0.60481			6
2026.02.04	00:27:38.426	0.60428	0.60480			6
2026.02.04	00:27:44.741	0.60427	0.60481			6
2026.02.04	00:28:00.326	0.60427				2
2026.02.04	00:28:11.712	0.60426	0.60482			6
2026.02.04	00:28:22.812	0.60427	0.60481			6
2026.02.04	00:28:26.515	0.60426	0.60482			6
2026.02.04	00:28:27.134	0.60427	0.60481			6
2026.02.04	00:29:00.464	0.60427				2
2026.02.04	00:29:01.492	0.60434	0.60488			6
2026.02.04	00:29:02.891		0.60487			4
2026.02.04	00:29:08.355	0.60435				2
2026.02.04	00:29:09.116	0.60434	0.60494			6
2026.02.04	00:29:29.864	0.60435	0.60493			6
2026.02.04	00:29:45.682	0.60438	0.60490			6
2026.02.04	00:29:49.482	0.60434	0.60487			6
2026.02.04	00:29:57.013	0.60435				2
2026.02.04	00:30:00.373	0.60437	0.60491			6
2026.02.04	00:30:02.726	0.60436	0.60486			6
2026.02.04	00:30:03.038		0.60492			4
2026.02.04	00:30:04.539	0.60434	0.60487			6
2026.02.04	00:30:08.713	0.60435				2
2026.02.04	00:30:18.262	0.60434				2
2026.02.04	00:30:20.913	0.60438	0.60490			6
2026.02.04	00:30:29.133	0.60435	0.60486			6
2026.02.04	00:30:29.811		0.60487			4
2026.02.04	00:30:32.113		0.60486			4
2026.02.04	00:30:33.611		0.60487			4
2026.02.04	00:30:33.966	0.60438	0.60490			6
2026.02.04	00:30:45.949	0.60439	0.60491			6
2026.02.04	00:30:46.488		0.60489			4
2026.02.04	00:30:49.218	0.60440				2
2026.02.04	00:30:49.748		0.60493			4
2026.02.04	00:30:51.053		0.60490			4
2026.02.04	00:30:53.726		0.60491			4
2026.02.04	00:30:54.458		0.60492			4
2026.02.04	00:30:54.822	0.60439				2
2026.02.04	00:31:00.409	0.60440	0.60491			6
2026.02.04	00:31:00.731	0.60439				2
2026.02.04	00:31:05.748		0.60493			4
2026.02.04	00:31:06.892		0.60492			4
2026.02.04	00:31:08.413	0.60440				2
2026.02.04	00:31:10.369		0.60491			4
2026.02.04	00:31:14.765	0.60439				2
2026.02.04	00:31:19.124	0.60438	0.60492			6
2026.02.04	00:31:20.568	0.60439				2
2026.02.04	00:31:20.870		0.60491			4
2026.02.04	00:31:21.744		0.60492			4
2026.02.04	00:31:22.058		0.60490			4
2026.02.04	00:31:22.667		0.60491			4
2026.02.04	00:31:22.986		0.60490			4
2026.02.04	00:31:23.307		0.60491			4
2026.02.04	00:31:23.626		0.60490			4
2026.02.04	00:31:23.948		0.60491			4
2026.02.04	00:31:24.268		0.60490			4
2026.02.04	00:31:24.571		0.60491			4
2026.02.04	00:31:24.908	0.60438	0.60490			6
2026.02.04	00:31:25.227		0.60491			4
2026.02.04	00:31:25.548		0.60490			4
2026.02.04	00:31:27.082	0.60439	0.60492			6
2026.02.04	00:31:31.926	0.60441				2
2026.02.04	00:31:33.030		0.60494			4
2026.02.04	00:31:35.269	0.60440	0.60492			6
2026.02.04	00:31:35.665		0.60493			4
2026.02.04	00:31:36.768		0.60492			4
2026.02.04	00:31:37.812	0.60441				2
2026.02.04	00:31:55.651	0.60438	0.60493			6
2026.02.04	00:31:59.069		0.60492			4
2026.02.04	00:31:59.832	0.60440				2
2026.02.04	00:32:03.615	0.60440	0.60491			6
2026.02.04	00:32:09.184	0.60441				2
2026.02.04	00:32:09.499	0.60440	0.60492			6
2026.02.04	00:32:13.246		0.60491			4
2026.02.04	00:33:41.427	0.60440	0.60497			6
2026.02.04	00:33:45.104		0.60496			4
2026.02.04	00:33:45.534		0.60493			4
2026.02.04	00:33:48.274	0.60441				2
2026.02.04	00:33:48.591		0.60494			4
2026.02.04	00:33:48.912		0.60492			4
2026.02.04	00:33:51.451		0.60493			4
2026.02.04	00:33:54.435		0.60492			4
2026.02.04	00:33:54.755		0.60493			4
2026.02.04	00:33:55.172		0.60494			4
2026.02.04	00:33:57.101	0.60442				2
2026.02.04	00:34:00.325	0.60441				2
2026.02.04	00:34:01.636	0.60440				2
2026.02.04	00:34:01.958		0.60493			4
2026.02.04	00:34:03.601		0.60494			4
2026.02.04	00:34:08.671	0.60441				2
2026.02.04	00:34:10.512	0.60440				2
2026.02.04	00:34:10.951	0.60441	0.60495			6
2026.02.04	00:34:11.351		0.60489			4
2026.02.04	00:34:11.702		0.60495			4
2026.02.04	00:34:12.043		0.60489			4
2026.02.04	00:34:12.391		0.60495			4
2026.02.04	00:34:12.735		0.60489			4
2026.02.04	00:34:13.091		0.60495			4
2026.02.04	00:34:13.469		0.60489			4
2026.02.04	00:34:13.798		0.60495			4
2026.02.04	00:34:14.117		0.60489			4
2026.02.04	00:34:14.461		0.60495			4
2026.02.04	00:34:14.814		0.60489			4
2026.02.04	00:34:15.160		0.60495			4
2026.02.04	00:34:17.161		0.60492			4
2026.02.04	00:34:17.825		0.60494			4
2026.02.04	00:34:30.578	0.60440				2
2026.02.04	00:34:41.925	0.60441				2
2026.02.04	00:34:45.657		0.60493			4
2026.02.04	00:34:49.057	0.60442				2
2026.02.04	00:34:54.735	0.60441				2
2026.02.04	00:34:55.120		0.60492			4
2026.02.04	00:34:55.777	0.60440				2
2026.02.04	00:34:56.170		0.60493			4
2026.02.04	00:35:00.575	0.60440	0.60492			6
2026.02.04	00:35:01.449		0.60491			4
2026.02.04	00:35:04.803		0.60492			4
2026.02.04	00:35:11.006		0.60494			4
2026.02.04	00:35:15.577		0.60492			4
2026.02.04	00:35:38.713	0.60441				2
2026.02.04	00:35:41.568		0.60493			4
2026.02.04	00:35:42.015	0.60440				2
2026.02.04	00:35:51.925	0.60441				2
2026.02.04	00:35:53.642		0.60491			4
2026.02.04	00:35:54.871	0.60442				2
2026.02.04	00:36:00.815	0.60442				2
2026.02.04	00:36:08.424		0.60492			4
2026.02.04	00:36:17.175		0.60495			4
2026.02.04	00:36:22.626		0.60496			4
2026.02.04	00:36:23.953		0.60495			4
2026.02.04	00:36:31.774		0.60496			4
2026.02.04	00:36:32.505		0.60495			4
2026.02.04	00:36:32.814		0.60497			4
2026.02.04	00:36:33.239		0.60492			4
2026.02.04	00:36:36.013	0.60443				2
2026.02.04	00:36:38.869		0.60491			4
2026.02.04	00:36:39.217	0.60441				2
2026.02.04	00:36:45.884		0.60489			4
2026.02.04	00:36:56.268		0.60490			4
2026.02.04	00:36:57.537		0.60491			4
2026.02.04	00:37:00.574	0.60441				2
2026.02.04	00:37:01.926	0.60442				2
2026.02.04	00:37:10.969		0.60490			4
2026.02.04	00:37:12.307	0.60443	0.60489			6
2026.02.04	00:37:12.613		0.60492			4
2026.02.04	00:37:33.891	0.60444	0.60494			6
2026.02.04	00:37:36.892	0.60445	0.60497			6
2026.02.04	00:37:37.216	0.60444	0.60493			6
2026.02.04	00:37:37.566	0.60442				2
2026.02.04	00:37:41.664		0.60491			4
2026.02.04	00:37:42.094	0.60443				2
2026.02.04	00:37:42.612	0.60444				2
2026.02.04	00:37:43.813	0.60446				2
2026.02.04	00:37:44.651	0.60442				2
2026.02.04	00:37:45.787	0.60440				2
2026.02.04	00:37:46.927		0.60490			4
2026.02.04	00:37:48.354	0.60442	0.60491			6
2026.02.04	00:37:49.812	0.60441				2
2026.02.04	00:37:57.156	0.60440				2
2026.02.04	00:38:00.446	0.60440				2
2026.02.04	00:38:01.927	0.60436	0.60481			6
2026.02.04	00:38:02.714	0.60437				2
2026.02.04	00:38:13.512	0.60436				2
2026.02.04	00:38:15.656	0.60435				2
2026.02.04	00:38:17.178	0.60434				2
2026.02.04	00:38:18.043	0.60426	0.60476			6
2026.02.04	00:38:19.187	0.60431				2
2026.02.04	00:38:21.913		0.60475			4
2026.02.04	00:38:24.008	0.60430				2
2026.02.04	00:38:26.113		0.60474			4
2026.02.04	00:38:27.266	0.60431				2
2026.02.04	00:38:29.149	0.60430	0.60475			6
2026.02.04	00:38:49.398		0.60474			4
2026.02.04	00:39:01.655	0.60430				2
2026.02.04	00:39:03.315	0.60431				2
2026.02.04	00:39:14.366	0.60430				2
2026.02.04	00:39:18.943	0.60421	0.60471			6
2026.02.04	00:39:23.411		0.60472			4
2026.02.04	00:39:31.696		0.60471			4
2026.02.04	00:39:32.422		0.60472			4
2026.02.04	00:39:34.388		0.60470			4
2026.02.04	00:39:37.824		0.60471			4
2026.02.04	00:39:42.271		0.60472			4
2026.02.04	00:39:59.156		0.60471			4
2026.02.04	00:40:02.412	0.60421	0.60472			6
2026.02.04	00:40:03.885		0.60471			4
2026.02.04	00:40:07.265		0.60472			4
2026.02.04	00:40:19.792	0.60426				2
2026.02.04	00:40:30.627	0.60421	0.60471			6
2026.02.04	00:41:04.504	0.60421				2
2026.02.04	00:41:30.671		0.60471			4
2026.02.04	00:41:50.154		0.60473			4
2026.02.04	00:41:58.331	0.60437	0.60479			6
2026.02.04	00:42:00.354	0.60437				2
2026.02.04	00:42:05.983	0.60438				2
2026.02.04	00:42:25.381	0.60423	0.60474			6
2026.02.04	00:42:26.516		0.60475			4
2026.02.04	00:42:40.010	0.60419	0.60474			6
2026.02.04	00:42:44.113		0.60475			4
2026.02.04	00:42:58.244		0.60474			4
2026.02.04	00:43:00.293	0.60421				2
2026.02.04	00:43:01.249	0.60420				2
2026.02.04	00:43:09.045	0.60435	0.60478			6
2026.02.04	00:43:19.453	0.60434				2
2026.02.04	00:43:24.044		0.60477			4
2026.02.04	00:43:24.426	0.60435				2
2026.02.04	00:43:36.613		0.60476			4
2026.02.04	00:43:41.989	0.60421	0.60472			6
2026.02.04	00:43:42.429	0.60423				2
2026.02.04	00:43:46.958	0.60443	0.60493			6
2026.02.04	00:43:47.262		0.60500			4
2026.02.04	00:43:49.107	0.60442				2
2026.02.04	00:43:49.919	0.60445				2
2026.02.04	00:43:50.238	0.60442				2
2026.02.04	00:43:53.090	0.60441				2
2026.02.04	00:43:57.564	0.60442				2
2026.02.04	00:43:58.163		0.60499			4
2026.02.04	00:43:58.930		0.60498			4
2026.02.04	00:44:00.355	0.60442				2
2026.02.04	00:44:08.374	0.60446				2
2026.02.04	00:44:13.363	0.60452	0.60502			6
2026.02.04	00:44:16.117	0.60450				2
2026.02.04	00:44:17.152	0.60451	0.60499			6
2026.02.04	00:44:20.146	0.60445	0.60490			6
2026.02.04	00:44:21.409	0.60433	0.60482			6
2026.02.04	00:44:29.244	0.60440	0.60489			6
2026.02.04	00:44:30.193		0.60487			4
2026.02.04	00:44:30.496	0.60441	0.60488			6
2026.02.04	00:44:30.799	0.60428	0.60481			6
2026.02.04	00:44:31.104	0.60430	0.60478			6
2026.02.04	00:44:31.418		0.60487			4
2026.02.04	00:44:31.720	0.60437	0.60486			6
2026.02.04	00:44:32.777	0.60427	0.60481			6
2026.02.04	00:44:37.003	0.60426	0.60482			6
2026.02.04	00:44:37.489	0.60427				2
2026.02.04	00:44:42.272	0.60437	0.60486			6
2026.02.04	00:44:42.578	0.60438	0.60487			6
2026.02.04	00:44:43.184	0.60431	0.60483			6
2026.02.04	00:45:00.377	0.60432				2
2026.02.04	00:45:03.162	0.60426	0.60486			6
2026.02.04	00:45:06.718	0.60432	0.60483			6
2026.02.04	00:45:13.575	0.60447	0.60469			6
2026.02.04	00:45:42.312	0.60446				2
2026.02.04	00:46:00.345	0.60446				2
2026.02.04	00:46:14.197		0.60470			4
2026.02.04	00:46:22.612	0.60447	0.60469			6
2026.02.04	00:46:27.264	0.60446	0.60470			6
2026.02.04	00:46:38.668	0.60447	0.60469			6
2026.02.04	00:46:47.412	0.60446	0.60470			6
2026.02.04	00:46:51.109	0.60447	0.60469			6
2026.02.04	00:46:51.418	0.60446				2
2026.02.04	00:46:52.858	0.60448	0.60468			6
2026.02.04	00:46:57.447		0.60467			4
2026.02.04	00:47:03.192	0.60440	0.60472			6
2026.02.04	00:47:06.759	0.60448	0.60467			6
2026.02.04	00:47:37.623		0.60468			4
2026.02.04	00:47:43.463	0.60461	0.60505			6
2026.02.04	00:47:46.377	0.60462				2
2026.02.04	00:47:56.902	0.60464	0.60511			6
2026.02.04	00:48:00.116	0.60464				2
2026.02.04	00:48:06.084		0.60512			4
2026.02.04	00:48:23.097	0.60466				2
2026.02.04	00:48:36.146		0.60513			4
2026.02.04	00:48:37.151	0.60464	0.60509			6
2026.02.04	00:48:38.505	0.60463	0.60487			6
2026.02.04	00:48:45.291	0.60475	0.60519			6
2026.02.04	00:48:49.186	0.60476				2
2026.02.04	00:49:00.229	0.60476				2
2026.02.04	00:49:12.364		0.60518			4
2026.02.04	00:49:17.492	0.60478				2
2026.02.04	00:49:38.506	0.60474	0.60536			6
2026.02.04	00:49:38.857	0.60471	0.60541			6
2026.02.04	00:49:44.169	0.60474	0.60530			6
2026.02.04	00:49:52.169	0.60477	0.60520			6
2026.02.04	00:49:58.112		0.60516			4
2026.02.04	00:50:00.120	0.60478	0.60512			6
2026.02.04	00:50:01.824	0.60477				2
2026.02.04	00:50:07.388	0.60478				2
2026.02.04	00:50:09.999	0.60472	0.60533			6
2026.02.04	00:50:10.301		0.60536			4
2026.02.04	00:50:12.610	0.60473				2
2026.02.04	00:50:14.920		0.60512			4
2026.02.04	00:50:15.223	0.60477	0.60510			6
2026.02.04	00:50:22.842	0.60478				2
2026.02.04	00:50:24.752		0.60508			4
2026.02.04	00:50:25.101		0.60510			4
2026.02.04	00:50:25.404	0.60471	0.60508			6
2026.02.04	00:50:25.756		0.60537			4
2026.02.04	00:50:26.104		0.60508			4
2026.02.04	00:50:26.407		0.60537			4
2026.02.04	00:50:26.754		0.60508			4
2026.02.04	00:50:27.057		0.60537			4
2026.02.04	00:50:27.360		0.60508			4
2026.02.04	00:50:27.708		0.60537			4
2026.02.04	00:50:28.012		0.60508			4
2026.02.04	00:50:28.362		0.60537			4
2026.02.04	00:50:29.968	0.60478	0.60509			6
2026.02.04	00:50:40.056	0.60469	0.60540			6
2026.02.04	00:50:45.168	0.60478	0.60510			6
2026.02.04	00:50:55.212	0.60470	0.60538			6
2026.02.04	00:50:59.427	0.60471				2
2026.02.04	00:51:00.127	0.60478	0.60509			6
2026.02.04	00:51:10.281	0.60473	0.60533			6
2026.02.04	00:51:15.169	0.60478	0.60507			6
2026.02.04	00:51:16.483	0.60477				2
2026.02.04	00:51:16.786	0.60478	0.60506			6
2026.02.04	00:51:19.352	0.60479				2
2026.02.04	00:51:25.471	0.60473	0.60534			6
2026.02.04	00:51:25.774		0.60536			4
2026.02.04	00:51:26.429	0.60472				2
2026.02.04	00:51:30.089	0.60479	0.60507			6
2026.02.04	00:51:36.920	0.60480				2
2026.02.04	00:51:40.183	0.60474	0.60538			6
2026.02.04	00:51:40.532	0.60471				2
2026.02.04	00:51:45.169	0.60480	0.60506			6
2026.02.04	00:51:55.531	0.60472	0.60534			6
2026.02.04	00:51:58.190	0.60473				2
2026.02.04	00:52:00.145	0.60480	0.60504			6
2026.02.04	00:52:10.282	0.60471	0.60540			6
2026.02.04	00:52:11.682		0.60542			4
2026.02.04	00:52:11.983	0.60470	0.60543			6
2026.02.04	00:52:12.286		0.60545			4
2026.02.04	00:52:14.940	0.60481	0.60510			6
2026.02.04	00:52:15.263		0.60508			4
2026.02.04	00:52:17.755	0.60480				2
2026.02.04	00:52:25.283	0.60472	0.60536			6
2026.02.04	00:52:28.496	0.60470	0.60558			6
2026.02.04	00:52:30.172	0.60480	0.60512			6
2026.02.04	00:52:33.115	0.60479				2
2026.02.04	00:52:40.044		0.60510			4
2026.02.04	00:52:40.372	0.60470	0.60558			6
2026.02.04	00:52:45.170	0.60480	0.60510			6
2026.02.04	00:52:45.475	0.60481				2
2026.02.04	00:52:54.955	0.60480	0.60509			6
2026.02.04	00:52:55.304	0.60481				2
2026.02.04	00:52:56.243		0.60508			4
2026.02.04	00:53:00.121	0.60481				2
2026.02.04	00:53:03.035	0.60482				2
2026.02.04	00:53:05.390	0.60469	0.60553			6
2026.02.04	00:53:05.740		0.60562			4
2026.02.04	00:53:09.950	0.60468	0.60512			6
2026.02.04	00:53:10.254	0.60482				2
2026.02.04	00:53:11.809		0.60508			4
2026.02.04	00:53:12.433	0.60481	0.60512			6
2026.02.04	00:53:16.675	0.60479				2
2026.02.04	00:53:17.026	0.60480				2
2026.02.04	00:53:19.231	0.60474	0.60525			6
2026.02.04	00:53:24.199	0.60475				2
2026.02.04	00:53:29.415	0.60470	0.60558			6
2026.02.04	00:53:29.767	0.60469	0.60552			6
2026.02.04	00:53:30.087		0.60558			4
2026.02.04	00:53:30.768	0.60471	0.60540			6
2026.02.04	00:53:31.354		0.60538			4
2026.02.04	00:53:37.566		0.60539			4
2026.02.04	00:53:41.150	0.60469	0.60557			6
2026.02.04	00:53:41.801	0.60470	0.60560			6
2026.02.04	00:53:45.063		0.60558			4
2026.02.04	00:53:45.956	0.60469				2
2026.02.04	00:53:46.353		0.60547			4
2026.02.04	00:53:46.671		0.60545			4
2026.02.04	00:53:53.042	0.60471	0.60546			6
2026.02.04	00:53:56.729	0.60468	0.60558			6
2026.02.04	00:53:57.032	0.60471				2
2026.02.04	00:53:58.043	0.60472				2
2026.02.04	00:53:58.913	0.60471				2
2026.02.04	00:53:59.818	0.60473				2
2026.02.04	00:54:00.313	0.60473				2
2026.02.04	00:54:00.689	0.60472				2
2026.02.04	00:54:01.211	0.60473				2
2026.02.04	00:54:01.598	0.60470				2
2026.02.04	00:54:03.907	0.60468				2
2026.02.04	00:54:05.324	0.60469				2
2026.02.04	00:54:06.285	0.60470				2
2026.02.04	00:54:09.482	0.60477	0.60561			6
2026.02.04	00:54:10.071	0.60479				2
2026.02.04	00:54:10.877	0.60480				2
2026.02.04	00:54:12.131	0.60479				2
2026.02.04	00:54:13.593	0.60480				2
2026.02.04	00:54:18.013	0.60481				2
2026.02.04	00:54:18.593	0.60479				2
2026.02.04	00:54:20.369	0.60480				2
2026.02.04	00:54:22.038	0.60481				2
2026.02.04	00:54:23.668	0.60483				2
2026.02.04	00:54:24.012	0.60484				2
2026.02.04	00:54:25.876	0.60483				2
2026.02.04	00:54:27.312	0.60481				2
2026.02.04	00:54:28.255	0.60482				2
2026.02.04	00:54:28.652	0.60483				2
2026.02.04	00:54:29.967	0.60484				2
2026.02.04	00:54:30.283	0.60485				2
2026.02.04	00:54:31.039	0.60484				2
2026.02.04	00:54:31.342	0.60485				2
2026.02.04	00:54:31.694	0.60486				2
2026.02.04	00:54:34.286	0.60488				2
2026.02.04	00:54:38.398	0.60489				2
2026.02.04	00:54:38.742	0.60490				2
2026.02.04	00:54:41.987	0.60488				2
2026.02.04	00:54:43.812	0.60489				2
2026.02.04	00:54:44.256	0.60488				2
2026.02.04	00:54:44.694	0.60490				2
2026.02.04	00:54:49.553	0.60489				2
2026.02.04	00:54:51.614	0.60490				2
2026.02.04	00:54:53.974	0.60491				2
2026.02.04	00:54:55.817	0.60490				2
2026.02.04	00:54:56.532	0.60491				2
2026.02.04	00:54:59.969	0.60490				2
2026.02.04	00:55:00.307	0.60490	0.60566			6
2026.02.04	00:55:00.677	0.60492				2
2026.02.04	00:55:02.113	0.60493				2
2026.02.04	00:55:06.809	0.60491				2
2026.02.04	00:55:07.209	0.60493				2
2026.02.04	00:55:09.308	0.60494				2
2026.02.04	00:55:10.938	0.60495				2
2026.02.04	00:55:12.012	0.60496				2
2026.02.04	00:55:14.274	0.60497				2
2026.02.04	00:55:20.383	0.60498				2
2026.02.04	00:55:21.480	0.60501	0.60571			6
2026.02.04	00:55:21.911	0.60503				2
2026.02.04	00:55:24.745	0.60499				2
2026.02.04	00:55:27.352		0.60570			4
2026.02.04	00:55:29.662		0.60571			4
2026.02.04	00:55:35.634		0.60570			4
2026.02.04	00:55:39.495		0.60571			4
2026.02.04	00:55:40.148	0.60500	0.60570			6
2026.02.04	00:55:41.453	0.60499				2
2026.02.04	00:55:42.454	0.60502	0.60572			6
2026.02.04	00:55:43.708	0.60503				2
2026.02.04	00:55:44.201	0.60499	0.60571			6
2026.02.04	00:55:44.510		0.60570			4
2026.02.04	00:55:47.817	0.60498				2
2026.02.04	00:55:48.773	0.60486	0.60545			6
2026.02.04	00:55:49.076	0.60497				2
2026.02.04	00:55:50.634		0.60540			4
2026.02.04	00:55:50.937	0.60493	0.60538			6
2026.02.04	00:55:59.080	0.60490	0.60532			6
2026.02.04	00:56:00.014	0.60490				2
2026.02.04	00:56:05.681		0.60533			4
2026.02.04	00:56:08.234		0.60532			4
2026.02.04	00:56:08.536	0.60488	0.60533			6
2026.02.04	00:56:08.848	0.60485				2
2026.02.04	00:56:19.471		0.60532			4
2026.02.04	00:56:25.713	0.60486				2
2026.02.04	00:56:26.016		0.60533			4
2026.02.04	00:56:28.552	0.60485				2
2026.02.04	00:56:29.202		0.60532			4
2026.02.04	00:56:29.825	0.60486				2
2026.02.04	00:56:30.467	0.60485				2
2026.02.04	00:56:52.376	0.60486				2
2026.02.04	00:57:00.101	0.60486				2
2026.02.04	00:57:29.411		0.60532			4
2026.02.04	00:57:53.723	0.60468	0.60523			6
2026.02.04	00:57:54.026		0.60522			4
2026.02.04	00:57:54.645	0.60476	0.60527			6
2026.02.04	00:57:55.081		0.60526			4
2026.02.04	00:57:55.841	0.60477	0.60529			6
2026.02.04	00:57:56.188	0.60478				2
2026.02.04	00:57:56.489		0.60524			4
2026.02.04	00:57:56.950	0.60477	0.60525			6
2026.02.04	00:57:58.657	0.60476	0.60527			6
2026.02.04	00:58:00.771	0.60479	0.60524			6
2026.02.04	00:58:01.304	0.60477	0.60525			6
2026.02.04	00:58:02.881		0.60526			4
2026.02.04	00:58:03.228	0.60479	0.60524			6
2026.02.04	00:58:03.867	0.60477	0.60525			6
2026.02.04	00:58:05.143	0.60458	0.60518			6
2026.02.04	00:58:05.524	0.60456				2
2026.02.04	00:58:07.777		0.60517			4
2026.02.04	00:58:09.153		0.60516			4
2026.02.04	00:58:10.477		0.60515			4
2026.02.04	00:58:10.880	0.60455				2
2026.02.04	00:58:11.986		0.60514			4
2026.02.04	00:58:16.420		0.60513			4
2026.02.04	00:58:17.446	0.60456	0.60508			6
2026.02.04	00:58:19.451		0.60507			4
2026.02.04	00:58:20.470		0.60506			4
2026.02.04	00:58:21.405		0.60507			4
2026.02.04	00:58:21.789		0.60506			4
2026.02.04	00:58:23.495		0.60505			4
2026.02.04	00:58:27.012	0.60469	0.60509			6
2026.02.04	00:58:27.375		0.60508			4
2026.02.04	00:58:27.695		0.60507			4
2026.02.04	00:58:29.091		0.60506			4
2026.02.04	00:58:31.640		0.60505			4
2026.02.04	00:58:35.384		0.60506			4
2026.02.04	00:58:36.521		0.60509			4
2026.02.04	00:58:37.054		0.60508			4
2026.02.04	00:58:37.757		0.60509			4
2026.02.04	00:58:38.059		0.60508			4
2026.02.04	00:58:39.428		0.60507			4
2026.02.04	00:58:41.771		0.60508			4
2026.02.04	00:58:42.079		0.60506			4
2026.02.04	00:58:42.686	0.60468				2
2026.02.04	00:58:42.992		0.60505			4
2026.02.04	00:58:44.363		0.60506			4
2026.02.04	00:58:46.591		0.60507			4
2026.02.04	00:58:46.952		0.60508			4
2026.02.04	00:58:47.852	0.60469	0.60511			6
2026.02.04	00:58:48.947		0.60508			4
2026.02.04	00:58:50.974		0.60507			4
2026.02.04	00:58:51.279		0.60506			4
2026.02.04	00:58:54.836	0.60465	0.60498			6
2026.02.04	00:58:56.376	0.60464				2
2026.02.04	00:58:56.918		0.60497			4
2026.02.04	00:58:58.795		0.60498			4
2026.02.04	00:59:00.316	0.60465				2
2026.02.04	00:59:01.815		0.60497			4
2026.02.04	00:59:04.368	0.60464				2
2026.02.04	00:59:04.881		0.60498			4
2026.02.04	00:59:05.419	0.60465				2
2026.02.04	00:59:06.555	0.60464				2
2026.02.04	00:59:07.136	0.60465				2
2026.02.04	00:59:07.475	0.60463	0.60497			6
2026.02.04	00:59:08.504	0.60465	0.60498			6
2026.02.04	00:59:10.325	0.60466				2
2026.02.04	00:59:11.428		0.60499			4
2026.02.04	00:59:12.368		0.60498			4
2026.02.04	00:59:23.835		0.60497			4
2026.02.04	01:00:56.351	0.60457	0.60481			6
2026.02.04	01:00:56.713	0.60463	0.60483			6
2026.02.04	01:00:58.014		0.60481			4
2026.02.04	01:01:00.297	0.60478				2
2026.02.04	01:01:00.600	0.60479	0.60482			6
2026.02.04	01:01:00.913	0.60480	0.60483			6
2026.02.04	01:01:01.217	0.60487	0.60490			6
2026.02.04	01:01:01.549	0.60489	0.60492			6
2026.02.04	01:01:01.872	0.60490	0.60493			6
2026.02.04	01:01:02.203	0.60491	0.60494			6
2026.02.04	01:01:02.521	0.60490	0.60493			6
2026.02.04	01:01:05.684	0.60493	0.60496			6
2026.02.04	01:01:07.573	0.60494	0.60497			6
2026.02.04	01:01:15.503	0.60495	0.60498			6
2026.02.04	01:01:22.724		0.60496			4
2026.02.04	01:01:28.064		0.60498			4
2026.02.04	01:01:47.864	0.60493	0.60494			6
2026.02.04	01:01:49.113	0.60492	0.60493			6
2026.02.04	01:01:55.401	0.60493	0.60494			6
2026.02.04	01:02:00.098	0.60493				2
2026.02.04	01:02:01.968	0.60497	0.60498			6
2026.02.04	01:02:10.830	0.60498	0.60499			6
2026.02.04	01:02:11.454		0.60501			4
2026.02.04	01:02:12.110		0.60499			4
2026.02.04	01:02:12.741	0.60497	0.60498			6
2026.02.04	01:02:16.842	0.60494	0.60495			6
2026.02.04	01:02:22.807	0.60491	0.60492			6
2026.02.04	01:02:23.111	0.60488	0.60491			6
2026.02.04	01:02:25.320	0.60489	0.60492			6
2026.02.04	01:02:35.424	0.60488	0.60491			6
2026.02.04	01:02:37.586	0.60487	0.60490			6
2026.02.04	01:02:40.430	0.60486	0.60489			6
2026.02.04	01:02:41.035	0.60487	0.60490			6
2026.02.04	01:02:41.357	0.60490	0.60493			6
2026.02.04	01:02:42.336	0.60491	0.60494			6
2026.02.04	01:02:42.640	0.60490	0.60493			6
2026.02.04	01:02:44.544	0.60491	0.60494			6
2026.02.04	01:02:57.087	0.60492	0.60495			6
2026.02.04	01:03:00.214	0.60492				2
2026.02.04	01:03:03.072	0.60491	0.60494			6
2026.02.04	01:03:04.354	0.60490	0.60493			6
2026.02.04	01:03:06.233	0.60491	0.60494			6
2026.02.04	01:03:07.491	0.60490	0.60493			6
2026.02.04	01:03:10.334	0.60489	0.60492			6
2026.02.04	01:03:11.283	0.60490	0.60493			6
2026.02.04	01:03:13.795	0.60489	0.60492			6
2026.02.04	01:03:41.190	0.60490	0.60493			6
2026.02.04	01:03:42.144	0.60489	0.60492			6
2026.02.04	01:03:52.172	0.60490	0.60493			6
2026.02.04	01:03:52.492	0.60489	0.60492			6
2026.02.04	01:04:00.103	0.60489				2
2026.02.04	01:04:01.377	0.60490	0.60493			6
2026.02.04	01:04:01.680	0.60485	0.60488			6
2026.02.04	01:04:01.983	0.60483	0.60486			6
2026.02.04	01:04:02.307	0.60481	0.60484			6
2026.02.04	01:04:03.870	0.60480	0.60483			6
2026.02.04	01:04:08.281	0.60481	0.60484			6
2026.02.04	01:04:09.837	0.60480	0.60483			6
2026.02.04	01:04:10.140	0.60482	0.60485			6
2026.02.04	01:04:10.456	0.60481	0.60484			6
2026.02.04	01:04:12.042	0.60482	0.60485			6
2026.02.04	01:04:13.318	0.60481	0.60484			6
2026.02.04	01:04:16.462	0.60484	0.60487			6
2026.02.04	01:04:16.781	0.60486	0.60489			6
2026.02.04	01:04:18.039	0.60487	0.60490			6
2026.02.04	01:04:29.406	0.60488	0.60491			6
2026.02.04	01:04:30.357	0.60487	0.60490			6
2026.02.04	01:04:31.613	0.60488	0.60491			6
2026.02.04	01:04:31.934	0.60489	0.60492			6
2026.02.04	01:04:33.839	0.60488	0.60491			6
2026.02.04	01:04:34.142	0.60489	0.60492			6
2026.02.04	01:04:37.905	0.60490	0.60493			6
2026.02.04	01:04:39.236	0.60489	0.60492			6
2026.02.04	01:04:39.539	0.60490	0.60493			6
2026.02.04	01:04:43.805	0.60489	0.60492			6
2026.02.04	01:04:44.806	0.60488	0.60491			6
2026.02.04	01:04:45.459	0.60487	0.60490			6
2026.02.04	01:04:49.678	0.60488	0.60491			6
2026.02.04	01:04:53.693	0.60489	0.60492			6
2026.02.04	01:04:54.043	0.60488	0.60491			6
2026.02.04	01:04:57.257	0.60489	0.60492			6
2026.02.04	01:04:58.258	0.60488	0.60491			6
2026.02.04	01:05:00.211	0.60488				2
2026.02.04	01:05:00.516	0.60492	0.60495			6
2026.02.04	01:05:00.846	0.60491	0.60493			6
2026.02.04	01:05:01.510	0.60492				2
2026.02.04	01:05:01.815	0.60491				2
2026.02.04	01:05:04.522	0.60493	0.60495			6
2026.02.04	01:05:06.782		0.60496			4
2026.02.04	01:05:11.293	0.60494				2
2026.02.04	01:05:29.944		0.60497			4
2026.02.04	01:05:34.408	0.60495				2
2026.02.04	01:05:36.716	0.60494				2
2026.02.04	01:05:37.063	0.60495				2
2026.02.04	01:05:37.367	0.60494	0.60496			6
2026.02.04	01:05:50.813		0.60495			4
2026.02.04	01:05:51.117		0.60496			4
2026.02.04	01:05:52.122	0.60493				2
2026.02.04	01:05:55.478	0.60494				2
2026.02.04	01:05:56.434	0.60490	0.60491			6
2026.02.04	01:05:56.740	0.60488	0.60489			6
2026.02.04	01:06:00.142	0.60488				2
2026.02.04	01:06:00.749		0.60491			4
2026.02.04	01:06:06.316	0.60489	0.60492			6
2026.02.04	01:06:06.664	0.60488	0.60491			6
2026.02.04	01:06:11.135	0.60487	0.60490			6
2026.02.04	01:06:12.436	0.60486	0.60489			6
2026.02.04	01:06:13.392	0.60485	0.60488			6
2026.02.04	01:06:18.310	0.60484	0.60487			6
2026.02.04	01:06:26.334	0.60485	0.60488			6
2026.02.04	01:06:26.986	0.60484	0.60487			6
2026.02.04	01:06:30.200	0.60487	0.60490			6
2026.02.04	01:06:30.505	0.60486	0.60489			6
2026.02.04	01:06:30.851	0.60485	0.60488			6
2026.02.04	01:06:35.673	0.60484	0.60487			6
2026.02.04	01:06:40.586	0.60483	0.60486			6
2026.02.04	01:06:40.890	0.60481	0.60484			6
2026.02.04	01:06:41.239	0.60480	0.60483			6
2026.02.04	01:06:49.465	0.60481	0.60484			6
2026.02.04	01:06:55.832	0.60480	0.60483			6
2026.02.04	01:07:00.096	0.60480				2
2026.02.04	01:07:06.576	0.60483	0.60486			6
2026.02.04	01:07:06.927	0.60484	0.60487			6
2026.02.04	01:07:08.630	0.60483	0.60486			6
2026.02.04	01:07:08.933	0.60484	0.60487			6
2026.02.04	01:07:10.585	0.60482	0.60485			6
2026.02.04	01:07:12.543	0.60483	0.60486			6
2026.02.04	01:07:14.200	0.60479	0.60482			6
2026.02.04	01:07:16.504	0.60478	0.60481			6
2026.02.04	01:07:24.425	0.60477	0.60480			6
2026.02.04	01:07:24.777	0.60478	0.60481			6
2026.02.04	01:07:28.043	0.60477	0.60480			6
2026.02.04	01:07:30.905	0.60476	0.60479			6
2026.02.04	01:07:32.909	0.60477	0.60480			6
2026.02.04	01:07:44.653	0.60473	0.60476			6
2026.02.04	01:07:44.958	0.60469	0.60472			6
2026.02.04	01:07:46.259	0.60468	0.60471			6
2026.02.04	01:07:46.562	0.60469	0.60472			6
2026.02.04	01:07:48.964	0.60470	0.60473			6
2026.02.04	01:07:53.628	0.60465	0.60468			6
2026.02.04	01:07:56.240	0.60463	0.60466			6
2026.02.04	01:07:56.589	0.60464	0.60467			6
2026.02.04	01:08:00.298	0.60464				2
2026.02.04	01:08:05.867	0.60465	0.60468			6
2026.02.04	01:08:11.576	0.60464	0.60467			6
2026.02.04	01:08:12.929	0.60465	0.60468			6
2026.02.04	01:08:14.836		0.60466			4
2026.02.04	01:08:15.184	0.60464	0.60467			6
2026.02.04	01:08:15.488		0.60466			4
2026.02.04	01:08:15.837	0.60465	0.60467			6
2026.02.04	01:08:16.143	0.60464	0.60466			6
2026.02.04	01:08:16.444	0.60465	0.60467			6
2026.02.04	01:08:16.792	0.60464	0.60466			6
2026.02.04	01:08:17.097	0.60465	0.60467			6
2026.02.04	01:08:17.445		0.60466			4
2026.02.04	01:08:17.748		0.60468			4
2026.02.04	01:08:18.051	0.60464	0.60465			6
2026.02.04	01:08:18.400		0.60467			4
2026.02.04	01:08:19.705	0.60454	0.60457			6
2026.02.04	01:08:20.055	0.60451	0.60454			6
2026.02.04	01:08:35.661	0.60452	0.60455			6
2026.02.04	01:08:36.011	0.60451	0.60454			6
2026.02.04	01:08:41.278	0.60452	0.60455			6
2026.02.04	01:08:41.625	0.60451	0.60454			6
2026.02.04	01:08:44.986	0.60452	0.60455			6
2026.02.04	01:08:48.251	0.60454	0.60457			6
2026.02.04	01:08:48.553	0.60453	0.60456			6
2026.02.04	01:08:48.902	0.60454	0.60457			6
2026.02.04	01:08:49.555	0.60453	0.60456			6
2026.02.04	01:08:52.867	0.60454	0.60457			6
2026.02.04	01:08:56.179	0.60455	0.60458			6
2026.02.04	01:08:56.829	0.60457	0.60460			6
2026.02.04	01:08:57.135	0.60458	0.60461			6
2026.02.04	01:09:00.141	0.60458				2
2026.02.04	01:09:05.760	0.60457	0.60460			6
2026.02.04	01:09:07.112	0.60458	0.60461			6
2026.02.04	01:09:08.419	0.60457	0.60460			6
2026.02.04	01:09:10.376	0.60458	0.60461			6
2026.02.04	01:09:11.333	0.60457	0.60460			6
2026.02.04	01:09:12.336	0.60455	0.60458			6
2026.02.04	01:09:42.842	0.60454	0.60457			6
2026.02.04	01:09:48.455	0.60455	0.60458			6
2026.02.04	01:10:00.100	0.60455				2
2026.02.04	01:10:02.056	0.60454	0.60457			6
2026.02.04	01:10:16.717	0.60455	0.60458			6
2026.02.04	01:10:17.020	0.60456	0.60459			6
2026.02.04	01:10:25.997	0.60458	0.60461			6
2026.02.04	01:10:26.301	0.60460	0.60463			6
2026.02.04	01:10:29.820	0.60461	0.60464			6
2026.02.04	01:10:33.477	0.60460	0.60463			6
2026.02.04	01:10:34.831	0.60465	0.60468			6
2026.02.04	01:10:35.134	0.60466	0.60469			6
2026.02.04	01:10:42.053	0.60465	0.60468			6
2026.02.04	01:10:42.359	0.60463	0.60466			6
2026.02.04	01:10:48.322	0.60464	0.60467			6
2026.02.04	01:10:48.625	0.60463	0.60466			6
2026.02.04	01:10:50.534	0.60464	0.60467			6
2026.02.04	01:10:50.887	0.60463	0.60466			6
2026.02.04	01:10:52.891	0.60462	0.60465			6
2026.02.04	01:10:54.898	0.60463	0.60466			6
2026.02.04	01:10:55.900	0.60464	0.60467			6
2026.02.04	01:11:00.118	0.60464				2
2026.02.04	01:11:14.408	0.60461	0.60464			6
2026.02.04	01:11:14.727	0.60462	0.60465			6
2026.02.04	01:11:16.969	0.60458	0.60461			6
2026.02.04	01:11:20.527	0.60457	0.60460			6
2026.02.04	01:11:21.132	0.60458	0.60461			6
2026.02.04	01:11:31.322	0.60459	0.60462			6
2026.02.04	01:11:36.084	0.60458	0.60461			6
2026.02.04	01:11:36.735	0.60459	0.60462			6
2026.02.04	01:11:37.390	0.60458	0.60461			6
2026.02.04	01:12:00.212	0.60458				2
2026.02.04	01:12:02.572	0.60459	0.60462			6
2026.02.04	01:12:03.529	0.60458	0.60461			6
2026.02.04	01:12:28.116	0.60459	0.60462			6
2026.02.04	01:12:33.437	0.60458	0.60461			6
2026.02.04	01:12:47.631	0.60459	0.60462			6
2026.02.04	01:12:47.982	0.60458	0.60461			6
2026.02.04	01:12:53.897	0.60459	0.60462			6
2026.02.04	01:12:54.549	0.60458	0.60461			6
2026.02.04	01:12:57.209	0.60454	0.60457			6
2026.02.04	01:13:00.121	0.60454				2
2026.02.04	01:13:00.471	0.60453	0.60456			6
2026.02.04	01:13:01.776	0.60454	0.60457			6
2026.02.04	01:13:06.046	0.60453	0.60456			6
2026.02.04	01:13:07.998	0.60454	0.60457			6
2026.02.04	01:13:28.262	0.60455	0.60458			6
2026.02.04	01:13:28.568	0.60454	0.60457			6
2026.02.04	01:13:30.577	0.60453	0.60456			6
2026.02.04	01:13:38.060	0.60452	0.60455			6
2026.02.04	01:13:42.772		0.60454			4
2026.02.04	01:13:43.421		0.60455			4
2026.02.04	01:13:50.045		0.60454			4
2026.02.04	01:13:50.999		0.60455			4
2026.02.04	01:13:57.170	0.60451	0.60454			6
2026.02.04	01:14:00.036	0.60451				2
2026.02.04	01:14:00.693	0.60452	0.60455			6
2026.02.04	01:14:05.449	0.60453	0.60456			6
2026.02.04	01:14:06.100	0.60452	0.60455			6
2026.02.04	01:14:12.179	0.60453	0.60456			6
2026.02.04	01:14:14.179	0.60448	0.60451			6
2026.02.04	01:14:26.022	0.60447	0.60450			6
2026.02.04	01:14:28.584	0.60448	0.60451			6
2026.02.04	01:14:57.804	0.60449	0.60452			6
2026.02.04	01:15:00.064	0.60449				2
2026.02.04	01:15:00.413	0.60448	0.60450			6
2026.02.04	01:15:01.366		0.60451			4
2026.02.04	01:15:01.718	0.60447	0.60450			6
2026.02.04	01:15:02.068	0.60448	0.60451			6
2026.02.04	01:15:05.997	0.60447	0.60450			6
2026.02.04	01:15:06.333	0.60448	0.60451			6
2026.02.04	01:15:08.242	0.60447	0.60450			6
2026.02.04	01:15:08.893	0.60448	0.60451			6
2026.02.04	01:15:14.163	0.60447	0.60450			6
2026.02.04	01:15:18.081	0.60448	0.60451			6
2026.02.04	01:15:20.691	0.60451	0.60454			6
2026.02.04	01:15:20.995	0.60452	0.60455			6
2026.02.04	01:15:30.177	0.60453	0.60456			6
2026.02.04	01:15:47.992		0.60455			4
2026.02.04	01:15:48.343		0.60456			4
2026.02.04	01:15:48.689	0.60452	0.60455			6
2026.02.04	01:15:53.309	0.60448	0.60451			6
2026.02.04	01:15:53.657		0.60450			4
2026.02.04	01:15:54.271	0.60447				2
2026.02.04	01:15:54.612	0.60448				2
2026.02.04	01:15:55.265	0.60447				2
2026.02.04	01:15:56.875	0.60448	0.60451			6
2026.02.04	01:16:00.185	0.60448				2
2026.02.04	01:16:05.663	0.60441	0.60444			6
2026.02.04	01:16:06.006	0.60443	0.60446			6
2026.02.04	01:16:07.006	0.60435	0.60438			6
2026.02.04	01:16:07.355	0.60436	0.60439			6
2026.02.04	01:16:08.008	0.60435	0.60438			6
2026.02.04	01:16:08.312	0.60432	0.60435			6
2026.02.04	01:16:08.619	0.60433	0.60436			6
2026.02.04	01:16:09.612	0.60431	0.60432			6
2026.02.04	01:16:09.915	0.60426	0.60429			6
2026.02.04	01:16:11.219	0.60422	0.60425			6
2026.02.04	01:16:11.523	0.60426	0.60429			6
2026.02.04	01:16:11.873	0.60427	0.60430			6
2026.02.04	01:16:12.480	0.60428	0.60431			6
2026.02.04	01:16:13.131	0.60422	0.60425			6
2026.02.04	01:16:13.439	0.60423	0.60426			6
2026.02.04	01:16:16.392	0.60424	0.60427			6
2026.02.04	01:16:17.043	0.60425	0.60428			6
2026.02.04	01:16:18.697	0.60426	0.60429			6
2026.02.04	01:16:20.353	0.60425	0.60428			6
2026.02.04	01:16:21.957	0.60426	0.60429			6
2026.02.04	01:16:22.260	0.60421	0.60424			6
2026.02.04	01:16:22.562	0.60419	0.60422			6
2026.02.04	01:16:23.866	0.60421	0.60424			6
2026.02.04	01:16:24.179	0.60425	0.60428			6
2026.02.04	01:16:24.518	0.60426	0.60429			6
2026.02.04	01:16:26.127	0.60431	0.60434			6
2026.02.04	01:16:26.430	0.60430	0.60433			6
2026.02.04	01:16:26.777	0.60431	0.60434			6
2026.02.04	01:16:27.126	0.60432	0.60435			6
2026.02.04	01:16:27.430	0.60430	0.60433			6
2026.02.04	01:16:27.735	0.60429	0.60432			6
2026.02.04	01:16:28.083	0.60428	0.60431			6
2026.02.04	01:17:00.295	0.60428				2
2026.02.04	01:17:28.320		0.60431			4
2026.02.04	01:17:32.328	0.60429	0.60432			6
2026.02.04	01:17:32.633	0.60428	0.60431			6
2026.02.04	01:17:45.289	0.60427	0.60430			6
2026.02.04	01:17:46.291		0.60429			4
2026.02.04	01:17:49.001		0.60428			4
2026.02.04	01:17:52.301		0.60429			4
2026.02.04	01:17:52.615		0.60428			4
2026.02.04	01:17:54.267		0.60429			4
2026.02.04	01:17:56.176	0.60426	0.60428			6
2026.02.04	01:17:56.515	0.60428	0.60430			6
2026.02.04	01:17:56.827		0.60431			4
2026.02.04	01:17:57.175	0.60431	0.60432			6
2026.02.04	01:18:00.046	0.60431				2
2026.02.04	01:18:01.653		0.60433			4
2026.02.04	01:18:02.000	0.60432	0.60434			6
2026.02.04	01:18:09.070		0.60433			4
2026.02.04	01:18:12.380	0.60430				2
2026.02.04	01:18:12.683	0.60425	0.60428			6
2026.02.04	01:18:13.030	0.60424	0.60427			6
2026.02.04	01:18:19.304		0.60426			4
2026.02.04	01:18:30.391	0.60423				2
2026.02.04	01:18:31.698	0.60424				2
2026.02.04	01:18:32.002		0.60427			4
2026.02.04	01:18:34.006	0.60426				2
2026.02.04	01:18:34.311	0.60428	0.60431			6
2026.02.04	01:18:36.222	0.60430	0.60433			6
2026.02.04	01:18:37.824	0.60432				2
2026.02.04	01:18:40.399	0.60428	0.60431			6
2026.02.04	01:18:42.650	0.60427	0.60430			6
2026.02.04	01:18:42.996	0.60425	0.60428			6
2026.02.04	01:18:43.300	0.60426				2
2026.02.04	01:18:44.650		0.60429			4
2026.02.04	01:18:45.256	0.60427	0.60430			6
2026.02.04	01:18:46.206	0.60426	0.60429			6
2026.02.04	01:18:51.373	0.60427				2
2026.02.04	01:18:51.687		0.60430			4
2026.02.04	01:18:53.378	0.60428				2
2026.02.04	01:18:55.333	0.60427				2
2026.02.04	01:18:55.640		0.60429			4
2026.02.04	01:18:59.251	0.60428	0.60430			6
2026.02.04	01:19:00.256	0.60428				2
2026.02.04	01:19:00.905		0.60431			4
2026.02.04	01:19:02.516		0.60430			4
2026.02.04	01:19:03.864		0.60431			4
2026.02.04	01:19:07.171	0.60429	0.60432			6
2026.02.04	01:19:12.089	0.60432	0.60434			6
2026.02.04	01:19:14.350		0.60433			4
2026.02.04	01:19:20.228		0.60434			4
2026.02.04	01:19:27.250	0.60433				2
2026.02.04	01:19:27.555	0.60432	0.60435			6
2026.02.04	01:19:32.072		0.60434			4
2026.02.04	01:19:38.643		0.60435			4
2026.02.04	01:19:38.946		0.60434			4
2026.02.04	01:19:42.810	0.60431				2
2026.02.04	01:19:43.113	0.60427	0.60430			6
2026.02.04	01:19:43.462	0.60429	0.60431			6
2026.02.04	01:19:43.766		0.60432			4
2026.02.04	01:19:52.085		0.60431			4
2026.02.04	01:19:54.451	0.60427	0.60430			6
2026.02.04	01:19:55.056		0.60428			4
2026.02.04	01:19:55.360		0.60429			4
2026.02.04	01:19:57.313	0.60425	0.60428			6
2026.02.04	01:19:58.927	0.60426	0.60429			6
2026.02.04	01:20:00.222	0.60426				2
2026.02.04	01:20:00.573	0.60425	0.60428			6
2026.02.04	01:20:02.830	0.60426				2
2026.02.04	01:20:03.481		0.60429			4
2026.02.04	01:20:05.790	0.60425	0.60428			6
2026.02.04	01:20:13.066	0.60424	0.60427			6
2026.02.04	01:20:15.024	0.60423	0.60426			6
2026.02.04	01:20:16.026	0.60422	0.60425			6
2026.02.04	01:20:21.450	0.60418	0.60421			6
2026.02.04	01:20:21.767	0.60417	0.60420			6
2026.02.04	01:20:24.016	0.60416	0.60419			6
2026.02.04	01:20:24.357	0.60415	0.60417			6
2026.02.04	01:20:24.660		0.60418			4
2026.02.04	01:20:27.317	0.60414	0.60417			6
2026.02.04	01:20:28.625	0.60415	0.60418			6
2026.02.04	01:20:41.376	0.60414	0.60417			6
2026.02.04	01:20:47.251	0.60415	0.60418			6
2026.02.04	01:21:00.147	0.60416	0.60419			6
2026.02.04	01:21:02.108	0.60415	0.60418			6
2026.02.04	01:21:02.459	0.60416	0.60419			6
2026.02.04	01:21:03.759	0.60415	0.60418			6
2026.02.04	01:21:09.081	0.60416	0.60419			6
2026.02.04	01:21:09.385	0.60417	0.60420			6
2026.02.04	01:21:09.732	0.60416	0.60419			6
2026.02.04	01:21:13.091	0.60417	0.60420			6
2026.02.04	01:21:16.698		0.60419			4
2026.02.04	01:21:17.017		0.60420			4
2026.02.04	01:21:19.913	0.60419	0.60422			6
2026.02.04	01:21:50.259	0.60422	0.60425			6
2026.02.04	01:21:50.567	0.60423	0.60426			6
2026.02.04	01:22:00.193	0.60423				2
2026.02.04	01:22:01.498	0.60424	0.60427			6
2026.02.04	01:22:02.197	0.60423	0.60426			6
2026.02.04	01:22:02.849	0.60424	0.60427			6
2026.02.04	01:22:04.110	0.60423	0.60426			6
2026.02.04	01:22:11.527	0.60424	0.60427			6
2026.02.04	01:22:13.233	0.60423	0.60426			6
2026.02.04	01:22:14.238	0.60424	0.60427			6
2026.02.04	01:22:15.895	0.60423	0.60426			6
2026.02.04	01:22:17.250	0.60424	0.60427			6
2026.02.04	01:22:18.809	0.60425	0.60428			6
2026.02.04	01:22:26.342	0.60424	0.60427			6
2026.02.04	01:22:49.074	0.60425	0.60428			6
2026.02.04	01:22:56.204	0.60424	0.60427			6
2026.02.04	01:23:00.119	0.60424				2
2026.02.04	01:23:01.729	0.60425	0.60428			6
2026.02.04	01:23:07.346	0.60426	0.60429			6
2026.02.04	01:23:08.354	0.60425	0.60428			6
2026.02.04	01:23:16.027	0.60426	0.60429			6
2026.02.04	01:23:20.546	0.60425	0.60428			6
2026.02.04	01:23:21.496	0.60424	0.60427			6
2026.02.04	01:23:23.757	0.60423	0.60426			6
2026.02.04	01:23:25.711	0.60422	0.60425			6
2026.02.04	01:23:26.365	0.60423	0.60426			6
2026.02.04	01:23:27.019	0.60422	0.60425			6
2026.02.04	01:23:36.045	0.60423	0.60426			6
2026.02.04	01:23:40.612	0.60422	0.60425			6
2026.02.04	01:23:48.027	0.60423	0.60426			6
2026.02.04	01:23:48.335	0.60424	0.60427			6
2026.02.04	01:23:49.035	0.60427	0.60428			6
2026.02.04	01:23:49.338	0.60424	0.60427			6
2026.02.04	01:23:49.687	0.60427	0.60428			6
2026.02.04	01:23:49.990	0.60424	0.60427			6
2026.02.04	01:23:50.338	0.60426				2
2026.02.04	01:23:50.641	0.60424				2
2026.02.04	01:23:50.945	0.60426				2
2026.02.04	01:23:51.246	0.60424				2
2026.02.04	01:23:51.595	0.60426				2
2026.02.04	01:23:51.931	0.60424				2
2026.02.04	01:23:52.243	0.60426				2
2026.02.04	01:23:52.547	0.60424				2
2026.02.04	01:23:56.204		0.60426			4
2026.02.04	01:23:59.933	0.60425	0.60427			6
2026.02.04	01:24:00.243	0.60425				2
2026.02.04	01:24:08.163	0.60424	0.60426			6
2026.02.04	01:24:10.054	0.60423	0.60425			6
2026.02.04	01:24:11.308	0.60424	0.60426			6
2026.02.04	01:24:13.186	0.60420	0.60422			6
2026.02.04	01:24:13.489	0.60418	0.60420			6
2026.02.04	01:24:14.120	0.60417				2
2026.02.04	01:24:16.076	0.60418	0.60421			6
2026.02.04	01:24:20.442	0.60417	0.60420			6
2026.02.04	01:24:20.743	0.60416	0.60419			6
2026.02.04	01:24:21.397	0.60417	0.60420			6
2026.02.04	01:24:31.226	0.60416	0.60419			6
2026.02.04	01:24:45.218	0.60417				2
2026.02.04	01:24:55.221	0.60419	0.60421			6
2026.02.04	01:24:55.546	0.60420	0.60422			6
2026.02.04	01:24:55.849	0.60421	0.60423			6
2026.02.04	01:24:56.167	0.60420				2
2026.02.04	01:25:00.063	0.60420				2
2026.02.04	01:25:15.125	0.60421				2
2026.02.04	01:25:15.446	0.60422	0.60424			6
2026.02.04	01:25:16.425	0.60421				2
2026.02.04	01:25:17.382	0.60422				2
2026.02.04	01:25:27.075	0.60424	0.60426			6
2026.02.04	01:25:27.697	0.60425	0.60427			6
2026.02.04	01:25:37.110	0.60424	0.60426			6
2026.02.04	01:25:48.417	0.60423	0.60425			6
2026.02.04	01:25:48.719	0.60424	0.60426			6
2026.02.04	01:26:00.130	0.60424				2
2026.02.04	01:26:02.701	0.60425	0.60427			6
2026.02.04	01:26:08.393	0.60424	0.60426			6
2026.02.04	01:26:15.290	0.60425	0.60427			6
2026.02.04	01:26:21.300	0.60424	0.60426			6
2026.02.04	01:26:22.539	0.60425	0.60427			6
2026.02.04	01:26:30.103	0.60424	0.60426			6
2026.02.04	01:26:30.753	0.60423	0.60425			6
2026.02.04	01:26:42.987	0.60422	0.60424			6
2026.02.04	01:26:45.197	0.60421	0.60423			6
2026.02.04	01:26:45.547	0.60420	0.60422			6
2026.02.04	01:27:00.099	0.60420				2
2026.02.04	01:27:34.168	0.60419	0.60421			6
2026.02.04	01:27:34.515	0.60418	0.60420			6
2026.02.04	01:27:35.167	0.60420	0.60422			6
2026.02.04	01:27:38.781	0.60419	0.60421			6
2026.02.04	01:27:41.344	0.60418	0.60420			6
2026.02.04	01:27:53.132	0.60419	0.60421			6
2026.02.04	01:28:00.261	0.60419				2
2026.02.04	01:28:01.915	0.60420	0.60422			6
2026.02.04	01:28:05.181	0.60419	0.60421			6
2026.02.04	01:28:07.438	0.60420	0.60422			6
2026.02.04	01:28:21.630	0.60419	0.60421			6
2026.02.04	01:28:28.500	0.60416	0.60418			6
2026.02.04	01:28:30.153	0.60415	0.60417			6
2026.02.04	01:28:31.156	0.60414	0.60416			6
2026.02.04	01:28:31.504	0.60413	0.60415			6
2026.02.04	01:28:33.164	0.60411	0.60413			6
2026.02.04	01:28:34.117	0.60412	0.60414			6
2026.02.04	01:28:41.990	0.60411	0.60413			6
2026.02.04	01:28:52.525	0.60410	0.60412			6
2026.02.04	01:28:53.831	0.60411	0.60413			6
2026.02.04	01:28:56.838	0.60410	0.60412			6
2026.02.04	01:28:58.792	0.60409	0.60411			6
2026.02.04	01:28:59.094	0.60410	0.60412			6
2026.02.04	01:29:00.049	0.60410				2
2026.02.04	01:29:01.002	0.60409	0.60411			6
2026.02.04	01:29:01.353	0.60410	0.60412			6
2026.02.04	01:29:06.671	0.60409	0.60411			6
2026.02.04	01:29:08.023	0.60408	0.60410			6
2026.02.04	01:29:08.339	0.60404	0.60406			6
2026.02.04	01:29:08.675	0.60403	0.60405			6
2026.02.04	01:29:10.931	0.60396	0.60398			6
2026.02.04	01:29:11.281	0.60395				2
2026.02.04	01:29:14.542	0.60394	0.60397			6
2026.02.04	01:29:15.759	0.60397	0.60400			6
2026.02.04	01:29:16.451	0.60396	0.60399			6
2026.02.04	01:29:16.754	0.60395	0.60398			6
2026.02.04	01:29:20.972	0.60389	0.60392			6
2026.02.04	01:29:21.321	0.60390				2
2026.02.04	01:29:21.624		0.60393			4
2026.02.04	01:29:21.974	0.60391	0.60394			6
2026.02.04	01:29:22.930	0.60390	0.60393			6
2026.02.04	01:29:31.352	0.60391	0.60394			6
2026.02.04	01:29:40.228	0.60390	0.60393			6
2026.02.04	01:29:41.534	0.60391	0.60394			6
2026.02.04	01:29:52.161		0.60393			4
2026.02.04	01:29:54.213		0.60394			4
2026.02.04	01:29:56.779		0.60393			4
2026.02.04	01:29:57.431		0.60394			4
2026.02.04	01:30:00.091	0.60391				2
2026.02.04	01:30:01.042		0.60395			4
2026.02.04	01:30:03.074		0.60394			4
2026.02.04	01:30:10.870	0.60390	0.60393			6
2026.02.04	01:30:12.877	0.60391	0.60394			6
2026.02.04	01:30:13.227	0.60396	0.60399			6
2026.02.04	01:30:13.559	0.60397	0.60400			6
2026.02.04	01:30:15.135	0.60398				2
2026.02.04	01:30:15.447		0.60401			4
2026.02.04	01:30:16.484	0.60399	0.60402			6
2026.02.04	01:30:16.788	0.60398	0.60401			6
2026.02.04	01:30:20.350	0.60399	0.60402			6
2026.02.04	01:30:20.654	0.60398	0.60401			6
2026.02.04	01:30:36.401		0.60399			4
2026.02.04	01:30:36.706	0.60394	0.60397			6
2026.02.04	01:30:38.661	0.60393	0.60396			6
2026.02.04	01:30:39.314	0.60394	0.60397			6
2026.02.04	01:30:51.457	0.60393	0.60396			6
2026.02.04	01:30:51.802	0.60394	0.60397			6
2026.02.04	01:30:57.675	0.60393	0.60396			6
2026.02.04	01:30:59.636	0.60394	0.60397			6
2026.02.04	01:31:00.289	0.60394				2
2026.02.04	01:31:00.638	0.60393	0.60396			6
2026.02.04	01:31:02.898	0.60392	0.60395			6
2026.02.04	01:31:15.994	0.60393	0.60396			6
2026.02.04	01:31:16.296	0.60392	0.60395			6
2026.02.04	01:31:18.557	0.60393	0.60396			6
2026.02.04	01:31:18.907	0.60392	0.60395			6
2026.02.04	01:31:26.785	0.60394	0.60397			6
2026.02.04	01:31:27.132	0.60393	0.60396			6
2026.02.04	01:31:27.436	0.60394	0.60397			6
2026.02.04	01:31:27.783	0.60393	0.60396			6
2026.02.04	01:31:28.390	0.60394	0.60397			6
2026.02.04	01:31:29.694	0.60393	0.60396			6
2026.02.04	01:31:31.002	0.60394	0.60397			6
2026.02.04	01:31:37.368	0.60393	0.60396			6
2026.02.04	01:31:37.716	0.60394	0.60397			6
2026.02.04	01:31:40.979	0.60393	0.60396			6
2026.02.04	01:31:45.989	0.60392	0.60395			6
2026.02.04	01:31:46.338	0.60393	0.60396			6
2026.02.04	01:31:48.903	0.60392	0.60395			6
2026.02.04	01:31:50.557	0.60393	0.60396			6
2026.02.04	01:31:56.125	0.60392	0.60395			6
2026.02.04	01:31:57.080	0.60393	0.60396			6
2026.02.04	01:31:58.387	0.60391	0.60392			6
2026.02.04	01:31:58.700	0.60384	0.60387			6
2026.02.04	01:32:00.039	0.60384				2
2026.02.04	01:32:01.441	0.60382	0.60385			6
2026.02.04	01:32:01.789	0.60381	0.60384			6
2026.02.04	01:32:02.092	0.60382	0.60385			6
2026.02.04	01:32:02.743	0.60381	0.60384			6
2026.02.04	01:32:03.091	0.60382	0.60385			6
2026.02.04	01:32:03.397	0.60378	0.60381			6
2026.02.04	01:32:04.050	0.60381	0.60384			6
2026.02.04	01:32:07.914	0.60378	0.60381			6
2026.02.04	01:32:08.219	0.60373	0.60376			6
2026.02.04	01:32:10.823	0.60372	0.60375			6
2026.02.04	01:32:12.828	0.60373	0.60376			6
2026.02.04	01:32:18.049	0.60374	0.60377			6
2026.02.04	01:32:18.398	0.60373	0.60376			6
2026.02.04	01:32:22.965	0.60374	0.60377			6
2026.02.04	01:32:23.316	0.60373	0.60376			6
2026.02.04	01:32:24.619	0.60375	0.60378			6
2026.02.04	01:32:25.970	0.60374	0.60377			6
2026.02.04	01:32:26.274	0.60375	0.60378			6
2026.02.04	01:32:27.272	0.60376	0.60379			6
2026.02.04	01:32:28.531	0.60377	0.60380			6
2026.02.04	01:32:29.231	0.60376	0.60379			6
2026.02.04	01:32:32.260	0.60378	0.60381			6
2026.02.04	01:32:34.550	0.60379				2
2026.02.04	01:32:35.506		0.60382			4
2026.02.04	01:32:37.505	0.60378	0.60381			6
2026.02.04	01:32:41.214	0.60377	0.60380			6
2026.02.04	01:32:41.547	0.60374	0.60377			6
2026.02.04	01:32:41.866	0.60373	0.60376			6
2026.02.04	01:32:46.482	0.60374	0.60377			6
2026.02.04	01:32:46.784	0.60373	0.60376			6
2026.02.04	01:32:48.111	0.60374	0.60377			6
2026.02.04	01:32:49.399	0.60373	0.60376			6
2026.02.04	01:32:49.747	0.60374	0.60377			6
2026.02.04	01:32:50.054	0.60373	0.60376			6
2026.02.04	01:32:51.705	0.60372	0.60373			6
2026.02.04	01:32:52.006	0.60371	0.60374			6
2026.02.04	01:32:55.629	0.60378	0.60381			6
2026.02.04	01:33:00.185	0.60378				2
2026.02.04	01:33:03.240	0.60379	0.60382			6
2026.02.04	01:33:03.559	0.60381	0.60384			6
2026.02.04	01:33:03.895	0.60380	0.60383			6
2026.02.04	01:33:04.240	0.60381	0.60384			6
2026.02.04	01:33:05.197	0.60382				2
2026.02.04	01:33:06.793		0.60385			4
2026.02.04	01:33:08.108	0.60383	0.60386			6
2026.02.04	01:33:09.089		0.60385			4
2026.02.04	01:33:09.415	0.60382				2
2026.02.04	01:33:11.371	0.60383	0.60386			6
2026.02.04	01:33:13.980		0.60385			4
2026.02.04	01:33:20.504	0.60382				2
2026.02.04	01:33:21.459	0.60381	0.60384			6
2026.02.04	01:33:24.420	0.60382	0.60385			6
2026.02.04	01:33:30.597	0.60383	0.60386			6
2026.02.04	01:33:37.819	0.60386	0.60389			6
2026.02.04	01:33:38.124	0.60387	0.60390			6
2026.02.04	01:33:40.478	0.60386	0.60389			6
2026.02.04	01:33:43.789	0.60387	0.60390			6
2026.02.04	01:33:46.398	0.60386	0.60389			6
2026.02.04	01:33:48.705	0.60382	0.60385			6
2026.02.04	01:33:50.962	0.60381	0.60384			6
2026.02.04	01:33:54.624	0.60382	0.60385			6
2026.02.04	01:33:57.229	0.60381	0.60384			6
2026.02.04	01:33:58.183	0.60380	0.60382			6
2026.02.04	01:33:58.486	0.60378	0.60381			6
2026.02.04	01:34:00.094	0.60378				2
2026.02.04	01:34:02.801	0.60379				2
2026.02.04	01:34:03.148	0.60380				2
2026.02.04	01:34:14.219	0.60379	0.60382			6
2026.02.04	01:34:14.845	0.60383	0.60386			6
2026.02.04	01:34:15.798	0.60384				2
2026.02.04	01:34:18.012		0.60387			4
2026.02.04	01:34:20.619	0.60383	0.60386			6
2026.02.04	01:34:29.548	0.60382	0.60385			6
2026.02.04	01:34:30.200	0.60383	0.60386			6
2026.02.04	01:34:37.424	0.60384	0.60387			6
2026.02.04	01:34:39.035	0.60383	0.60386			6
2026.02.04	01:34:46.514	0.60382	0.60385			6
2026.02.04	01:34:51.083	0.60383	0.60386			6
2026.02.04	01:34:51.386	0.60382	0.60385			6
2026.02.04	01:34:55.101	0.60383	0.60386			6
2026.02.04	01:34:55.405	0.60382	0.60385			6
2026.02.04	01:34:56.761	0.60383	0.60386			6
2026.02.04	01:34:57.066	0.60384	0.60387			6
2026.02.04	01:34:58.017	0.60385				2
2026.02.04	01:35:00.024	0.60385				2
2026.02.04	01:35:01.031	0.60384				2
2026.02.04	01:35:03.700	0.60386	0.60389			6
2026.02.04	01:35:06.652	0.60387	0.60390			6
2026.02.04	01:35:11.522	0.60386	0.60389			6
2026.02.04	01:35:21.360	0.60384	0.60386			6
2026.02.04	01:35:23.312		0.60387			4
2026.02.04	01:35:24.617		0.60386			4
2026.02.04	01:35:26.624	0.60385	0.60387			6
2026.02.04	01:35:26.931	0.60384				2
2026.02.04	01:35:27.250	0.60386	0.60389			6
2026.02.04	01:35:27.571	0.60384	0.60387			6
2026.02.04	01:35:30.961	0.60385	0.60386			6
2026.02.04	01:35:31.286	0.60384				2
2026.02.04	01:35:31.590	0.60385	0.60388			6
2026.02.04	01:35:32.241	0.60384	0.60387			6
2026.02.04	01:35:39.161		0.60386			4
2026.02.04	01:35:41.426	0.60383				2
2026.02.04	01:35:51.506	0.60382	0.60385			6
2026.02.04	01:35:57.440	0.60374	0.60377			6
2026.02.04	01:35:57.742	0.60372	0.60375			6
2026.02.04	01:36:00.332	0.60372				2
2026.02.04	01:36:00.637	0.60373	0.60376			6
2026.02.04	01:36:02.587	0.60374	0.60377			6
2026.02.04	01:36:03.592	0.60373	0.60376			6
2026.02.04	01:36:11.825	0.60374	0.60377			6
2026.02.04	01:36:12.136	0.60373	0.60376			6
2026.02.04	01:36:14.130	0.60374	0.60377			6
2026.02.04	01:36:17.736	0.60373	0.60376			6
2026.02.04	01:36:19.799	0.60374	0.60377			6
2026.02.04	01:36:21.756		0.60376			4
2026.02.04	01:36:25.323		0.60377			4
2026.02.04	01:36:26.280		0.60376			4
2026.02.04	01:36:32.448	0.60373				2
2026.02.04	01:36:34.602	0.60374	0.60377			6
2026.02.04	01:36:34.904	0.60373	0.60376			6
2026.02.04	01:36:54.029	0.60374	0.60377			6
2026.02.04	01:36:54.331	0.60373	0.60376			6
2026.02.04	01:36:54.681	0.60374	0.60377			6
2026.02.04	01:36:57.545	0.60373	0.60376			6
2026.02.04	01:36:58.546	0.60374	0.60377			6
2026.02.04	01:36:59.903	0.60373	0.60376			6
2026.02.04	01:37:00.256	0.60374	0.60377			6
2026.02.04	01:37:02.210	0.60375	0.60378			6
2026.02.04	01:37:03.466	0.60373	0.60376			6
2026.02.04	01:37:08.221	0.60374				2
2026.02.04	01:37:11.485	0.60373				2
2026.02.04	01:37:13.188	0.60372	0.60375			6
2026.02.04	01:37:15.449	0.60369	0.60372			6
2026.02.04	01:37:15.755	0.60368	0.60371			6
2026.02.04	01:37:18.767	0.60370	0.60373			6
2026.02.04	01:37:19.077	0.60371	0.60374			6
2026.02.04	01:37:22.379	0.60372	0.60375			6
2026.02.04	01:37:23.381	0.60371	0.60374			6
2026.02.04	01:37:32.603	0.60372	0.60375			6
2026.02.04	01:37:34.821	0.60373	0.60376			6
2026.02.04	01:37:47.313	0.60374	0.60377			6
2026.02.04	01:37:52.186	0.60373	0.60376			6
2026.02.04	01:37:52.507	0.60374	0.60377			6
2026.02.04	01:37:55.199	0.60375	0.60378			6
2026.02.04	01:38:00.070	0.60375				2
2026.02.04	01:38:22.108	0.60383	0.60386			6
2026.02.04	01:38:22.803	0.60384	0.60387			6
2026.02.04	01:38:28.423	0.60385	0.60388			6
2026.02.04	01:38:29.331	0.60387	0.60390			6
2026.02.04	01:38:45.384	0.60386	0.60389			6
2026.02.04	01:38:45.691	0.60387	0.60390			6
2026.02.04	01:38:53.777	0.60386	0.60389			6
2026.02.04	01:38:57.781	0.60385	0.60388			6
2026.02.04	01:38:59.784	0.60383	0.60386			6
2026.02.04	01:39:00.088	0.60383				2
2026.02.04	01:39:03.297	0.60384	0.60387			6
2026.02.04	01:39:03.602	0.60383	0.60386			6
2026.02.04	01:39:09.520	0.60382	0.60385			6
2026.02.04	01:39:10.479	0.60383	0.60386			6
2026.02.04	01:39:37.251	0.60384	0.60387			6
2026.02.04	01:39:39.971	0.60383	0.60386			6
2026.02.04	01:39:48.225	0.60387	0.60390			6
2026.02.04	01:40:00.254	0.60387				2
2026.02.04	01:40:00.560	0.60388	0.60391			6
2026.02.04	01:40:00.907	0.60387	0.60390			6
2026.02.04	01:40:09.799	0.60383	0.60386			6
2026.02.04	01:40:10.788	0.60382	0.60385			6
2026.02.04	01:40:13.096	0.60383	0.60386			6
2026.02.04	01:40:13.496	0.60384	0.60387			6
2026.02.04	01:40:15.200	0.60385	0.60388			6
2026.02.04	01:40:15.806	0.60386	0.60389			6
2026.02.04	01:40:17.806	0.60387	0.60390			6
2026.02.04	01:40:20.080	0.60388	0.60391			6
2026.02.04	01:40:20.416	0.60387	0.60390			6
2026.02.04	01:40:23.382	0.60388	0.60391			6
2026.02.04	01:40:31.856	0.60387	0.60390			6
2026.02.04	01:40:32.861	0.60388	0.60391			6
2026.02.04	01:40:36.471		0.60390			4
2026.02.04	01:40:37.426	0.60387				2
2026.02.04	01:40:49.416	0.60385	0.60388			6
2026.02.04	01:40:51.373	0.60384	0.60387			6
2026.02.04	01:40:57.949	0.60385	0.60388			6
2026.02.04	01:41:00.304	0.60385				2
2026.02.04	01:41:00.637		0.60387			4
2026.02.04	01:41:08.189		0.60388			4
2026.02.04	01:41:15.102	0.60384	0.60387			6
2026.02.04	01:41:15.405	0.60385	0.60388			6
2026.02.04	01:41:30.953		0.60386			4
2026.02.04	01:41:31.255	0.60382	0.60385			6
2026.02.04	01:41:38.659	0.60378	0.60381			6
2026.02.04	01:41:39.285	0.60379	0.60382			6
2026.02.04	01:41:39.601	0.60378	0.60381			6
2026.02.04	01:41:52.128	0.60379	0.60382			6
2026.02.04	01:41:53.533		0.60381			4
2026.02.04	01:41:53.839	0.60381	0.60384			6
2026.02.04	01:42:00.199	0.60381				2
2026.02.04	01:42:09.279		0.60383			4
2026.02.04	01:42:09.582	0.60382	0.60384			6
2026.02.04	01:42:09.999	0.60381	0.60383			6
2026.02.04	01:42:10.333	0.60382	0.60384			6
2026.02.04	01:42:10.698	0.60381	0.60382			6
2026.02.04	01:42:11.015	0.60382	0.60383			6
2026.02.04	01:42:11.324	0.60381				2
2026.02.04	01:42:11.639	0.60382				2
2026.02.04	01:42:11.997	0.60381				2
2026.02.04	01:42:12.325	0.60382				2
2026.02.04	01:42:12.649	0.60381				2
2026.02.04	01:42:12.983	0.60382				2
2026.02.04	01:42:13.317	0.60379	0.60382			6
2026.02.04	01:42:13.652	0.60378	0.60381			6
2026.02.04	01:42:25.618	0.60379				2
2026.02.04	01:42:25.921	0.60382	0.60385			6
2026.02.04	01:42:38.934	0.60383	0.60386			6
2026.02.04	01:43:00.657	0.60383				2
2026.02.04	01:43:04.688		0.60385			4
2026.02.04	01:43:05.295	0.60382				2
2026.02.04	01:43:06.647	0.60383	0.60386			6
2026.02.04	01:43:07.950	0.60382	0.60385			6
2026.02.04	01:43:13.819	0.60383	0.60386			6
2026.02.04	01:43:18.268		0.60385			4
2026.02.04	01:43:32.697	0.60385	0.60387			6
2026.02.04	01:43:35.219	0.60384	0.60386			6
2026.02.04	01:43:41.821	0.60385	0.60387			6
2026.02.04	01:43:54.942		0.60386			4
2026.02.04	01:43:55.255		0.60387			4
2026.02.04	01:44:00.024	0.60385				2
2026.02.04	01:44:01.604		0.60386			4
2026.02.04	01:44:03.189	0.60384				2
2026.02.04	01:44:07.601	0.60385	0.60387			6
2026.02.04	01:44:12.923		0.60386			4
2026.02.04	01:44:13.227	0.60384				2
2026.02.04	01:44:22.668	0.60387	0.60389			6
2026.02.04	01:44:22.973	0.60386	0.60388			6
2026.02.04	01:44:43.920	0.60385	0.60386			6
2026.02.04	01:44:53.783	0.60387	0.60389			6
2026.02.04	01:44:54.104	0.60386	0.60388			6
2026.02.04	01:44:56.415	0.60388	0.60390			6
2026.02.04	01:44:59.381	0.60391	0.60393			6
2026.02.04	01:45:00.024	0.60391				2
2026.02.04	01:45:00.374	0.60392	0.60394			6
2026.02.04	01:45:00.677	0.60393	0.60395			6
2026.02.04	01:45:01.030	0.60394	0.60396			6
2026.02.04	01:45:06.201	0.60393	0.60395			6
2026.02.04	01:45:07.154	0.60394	0.60396			6
2026.02.04	01:45:21.002	0.60393	0.60395			6
2026.02.04	01:45:21.350	0.60394	0.60396			6
2026.02.04	01:45:30.895	0.60390	0.60392			6
2026.02.04	01:45:31.242	0.60389	0.60391			6
2026.02.04	01:46:00.039	0.60389				2
2026.02.04	01:46:01.698	0.60388	0.60390			6
2026.02.04	01:46:23.204	0.60387	0.60389			6
2026.02.04	01:46:23.858	0.60388	0.60390			6
2026.02.04	01:46:34.742		0.60389			4
2026.02.04	01:46:35.091		0.60390			4
2026.02.04	01:46:46.842	0.60389	0.60391			6
2026.02.04	01:46:58.884	0.60388	0.60390			6
2026.02.04	01:47:00.237	0.60388				2
2026.02.04	01:47:00.540	0.60389	0.60391			6
2026.02.04	01:47:05.202	0.60388	0.60390			6
2026.02.04	01:47:05.552	0.60389	0.60391			6
2026.02.04	01:47:11.264	0.60388	0.60390			6
2026.02.04	01:47:13.570	0.60387	0.60389			6
2026.02.04	01:47:16.129	0.60388	0.60390			6
2026.02.04	01:47:18.389	0.60389	0.60391			6
2026.02.04	01:47:23.216		0.60390			4
2026.02.04	01:47:24.518		0.60391			4
2026.02.04	01:47:33.002	0.60392	0.60393			6
2026.02.04	01:47:33.315		0.60394			4
2026.02.04	01:47:36.564	0.60393	0.60395			6
2026.02.04	01:47:46.445	0.60395	0.60397			6
2026.02.04	01:47:46.748	0.60397	0.60399			6
2026.02.04	01:47:50.999	0.60396	0.60398			6
2026.02.04	01:47:55.266	0.60395	0.60397			6
2026.02.04	01:47:55.614	0.60394	0.60396			6
2026.02.04	01:48:00.180	0.60394				2
2026.02.04	01:48:03.393	0.60395	0.60397			6
2026.02.04	01:48:05.000	0.60394	0.60396			6
2026.02.04	01:48:10.222	0.60395				2
2026.02.04	01:48:10.873	0.60393	0.60395			6
2026.02.04	01:48:11.179	0.60391	0.60393			6
2026.02.04	01:48:12.225	0.60392	0.60394			6
2026.02.04	01:48:19.500	0.60393	0.60395			6
2026.02.04	01:48:20.453	0.60392	0.60394			6
2026.02.04	01:48:22.111	0.60393	0.60395			6
2026.02.04	01:48:25.770	0.60395	0.60397			6
2026.02.04	01:48:26.770	0.60396	0.60398			6
2026.02.04	01:48:27.072	0.60397	0.60399			6
2026.02.04	01:48:29.031	0.60398	0.60400			6
2026.02.04	01:48:30.987	0.60393	0.60395			6
2026.02.04	01:48:33.600	0.60392	0.60394			6
2026.02.04	01:48:36.304		0.60393			4
2026.02.04	01:48:36.956	0.60393	0.60395			6
2026.02.04	01:48:39.266	0.60392	0.60394			6
2026.02.04	01:48:39.614	0.60393	0.60395			6
2026.02.04	01:48:39.918	0.60392	0.60394			6
2026.02.04	01:48:50.550	0.60393	0.60395			6
2026.02.04	01:48:57.370	0.60392	0.60394			6
2026.02.04	01:48:58.325	0.60393	0.60395			6
2026.02.04	01:48:59.981	0.60391	0.60393			6
2026.02.04	01:49:00.331	0.60392	0.60394			6
2026.02.04	01:49:14.528	0.60393	0.60395			6
2026.02.04	01:49:40.252	0.60391	0.60393			6
2026.02.04	01:49:40.566	0.60392	0.60394			6
2026.02.04	01:49:43.911	0.60394	0.60396			6
2026.02.04	01:49:44.212	0.60395	0.60397			6
2026.02.04	01:49:44.519	0.60396				2
2026.02.04	01:49:44.866		0.60398			4
2026.02.04	01:49:48.473	0.60395	0.60397			6
2026.02.04	01:49:51.180	0.60397	0.60399			6
2026.02.04	01:49:51.484	0.60396	0.60398			6
2026.02.04	01:49:57.656	0.60395	0.60397			6
2026.02.04	01:50:00.267	0.60395				2
2026.02.04	01:50:01.922	0.60393	0.60395			6
2026.02.04	01:50:04.185	0.60394	0.60396			6
2026.02.04	01:50:14.765	0.60393	0.60395			6
2026.02.04	01:50:21.294	0.60394	0.60396			6
2026.02.04	01:50:23.944	0.60395	0.60397			6
2026.02.04	01:50:28.606	0.60393	0.60395			6
2026.02.04	01:50:49.332	0.60392	0.60394			6
2026.02.04	01:50:52.340	0.60393	0.60395			6
2026.02.04	01:51:00.220	0.60393				2
2026.02.04	01:51:52.439		0.60395			4
2026.02.04	01:52:00.063	0.60393				2
2026.02.04	01:52:05.034	0.60395	0.60397			6
2026.02.04	01:52:05.386	0.60396	0.60398			6
2026.02.04	01:52:05.734	0.60395	0.60397			6
2026.02.04	01:52:17.369	0.60394	0.60396			6
2026.02.04	01:52:26.245	0.60395	0.60397			6
2026.02.04	01:52:26.899	0.60394	0.60396			6
2026.02.04	01:52:32.120	0.60395	0.60397			6
2026.02.04	01:52:33.424	0.60394	0.60396			6
2026.02.04	01:52:42.913	0.60395	0.60397			6
2026.02.04	01:52:44.540	0.60394	0.60396			6
2026.02.04	01:52:54.654	0.60395	0.60397			6
2026.02.04	01:52:54.958	0.60396	0.60398			6
2026.02.04	01:52:55.306	0.60398	0.60400			6
2026.02.04	01:52:58.264	0.60402	0.60404			6
2026.02.04	01:52:58.915	0.60403	0.60405			6
2026.02.04	01:53:00.220	0.60402	0.60404			6
2026.02.04	01:53:02.225	0.60403	0.60405			6
2026.02.04	01:53:06.535	0.60402	0.60404			6
2026.02.04	01:53:08.137		0.60403			4
2026.02.04	01:53:08.438		0.60404			4
2026.02.04	01:53:14.657	0.60404	0.60406			6
2026.02.04	01:53:19.625	0.60403	0.60405			6
2026.02.04	01:53:23.589		0.60404			4
2026.02.04	01:53:23.890		0.60405			4
2026.02.04	01:53:30.326	0.60404	0.60406			6
2026.02.04	01:53:35.547	0.60406	0.60408			6
2026.02.04	01:53:40.160	0.60407	0.60409			6
2026.02.04	01:53:40.464	0.60409	0.60411			6
2026.02.04	01:53:47.693	0.60408	0.60410			6
2026.02.04	01:53:48.949	0.60409	0.60411			6
2026.02.04	01:53:50.698	0.60408	0.60410			6
2026.02.04	01:54:00.281	0.60410	0.60412			6
2026.02.04	01:54:00.630	0.60409	0.60411			6
2026.02.04	01:54:08.115	0.60410	0.60412			6
2026.02.04	01:54:12.731	0.60411	0.60413			6
2026.02.04	01:54:16.997	0.60410	0.60412			6
2026.02.04	01:54:17.348	0.60409	0.60411			6
2026.02.04	01:54:17.692	0.60410	0.60412			6
2026.02.04	01:54:18.173	0.60409	0.60411			6
2026.02.04	01:54:21.064		0.60410			4
2026.02.04	01:54:28.679	0.60408	0.60409			6
2026.02.04	01:54:29.684		0.60410			4
2026.02.04	01:54:30.999		0.60409			4
2026.02.04	01:54:31.340		0.60410			4
2026.02.04	01:54:32.693		0.60409			4
2026.02.04	01:54:39.569		0.60410			4
2026.02.04	01:55:00.281	0.60408				2
2026.02.04	01:55:19.848		0.60409			4
2026.02.04	01:55:20.503		0.60410			4
2026.02.04	01:55:24.067		0.60409			4
2026.02.04	01:55:31.688	0.60407				2
2026.02.04	01:55:47.035	0.60408				2
2026.02.04	01:55:55.012	0.60410	0.60411			6
2026.02.04	01:55:55.315	0.60411	0.60413			6
2026.02.04	01:55:55.621	0.60412	0.60414			6
2026.02.04	01:55:55.963	0.60411	0.60413			6
2026.02.04	01:55:56.266	0.60412				2
2026.02.04	01:55:57.920	0.60411				2
2026.02.04	01:56:00.274	0.60411				2
2026.02.04	01:56:00.577	0.60412				2
2026.02.04	01:56:00.925	0.60411				2
2026.02.04	01:56:01.578	0.60412	0.60414			6
2026.02.04	01:56:04.534	0.60413	0.60415			6
2026.02.04	01:56:16.827	0.60414	0.60416			6
2026.02.04	01:56:18.744	0.60413	0.60414			6
2026.02.04	01:56:19.085	0.60406	0.60407			6
2026.02.04	01:56:19.399		0.60408			4
2026.02.04	01:56:24.297	0.60407	0.60409			6
2026.02.04	01:56:35.071	0.60399	0.60401			6
2026.02.04	01:56:36.423	0.60398				2
2026.02.04	01:56:36.724	0.60397	0.60400			6
2026.02.04	01:56:37.037	0.60396	0.60399			6
2026.02.04	01:56:38.986	0.60397	0.60400			6
2026.02.04	01:56:50.633	0.60398				2
2026.02.04	01:56:53.537	0.60397				2
2026.02.04	01:57:01.387	0.60398				2
2026.02.04	01:57:02.374		0.60401			4
2026.02.04	01:57:07.024	0.60406	0.60407			6
2026.02.04	01:57:07.339	0.60407	0.60410			6
2026.02.04	01:57:15.763	0.60408	0.60411			6
2026.02.04	01:57:17.190	0.60407	0.60410			6
2026.02.04	01:57:17.499	0.60410	0.60413			6
2026.02.04	01:57:22.133		0.60412			4
2026.02.04	01:57:23.390	0.60409	0.60411			6
2026.02.04	01:57:26.207		0.60412			4
2026.02.04	01:57:36.035	0.60408	0.60411			6
2026.02.04	01:58:00.019	0.60408				2
2026.02.04	01:58:03.884	0.60407	0.60410			6
2026.02.04	01:58:09.547	0.60408	0.60411			6
2026.02.04	01:58:09.852	0.60410	0.60413			6
2026.02.04	01:58:10.159	0.60411	0.60414			6
2026.02.04	01:58:14.419	0.60409	0.60412			6
2026.02.04	01:58:16.678	0.60410	0.60413			6
2026.02.04	01:58:18.078	0.60411				2
2026.02.04	01:58:18.380		0.60414			4
2026.02.04	01:58:26.565	0.60412	0.60415			6
2026.02.04	01:59:00.183	0.60412				2
2026.02.04	01:59:08.969	0.60411	0.60414			6
2026.02.04	01:59:16.335		0.60413			4
2026.02.04	01:59:16.695	0.60412	0.60414			6
2026.02.04	01:59:17.032	0.60411	0.60413			6
2026.02.04	01:59:17.394	0.60412	0.60414			6
2026.02.04	01:59:17.735	0.60411	0.60413			6
2026.02.04	01:59:18.126	0.60412	0.60414			6
2026.02.04	01:59:18.436	0.60411	0.60413			6
2026.02.04	01:59:18.808	0.60412	0.60414			6
2026.02.04	01:59:19.142	0.60411	0.60413			6
2026.02.04	01:59:19.496	0.60412	0.60414			6
2026.02.04	01:59:19.846	0.60411	0.60413			6
2026.02.04	01:59:20.188	0.60412	0.60414			6
2026.02.04	01:59:20.500	0.60411				2
2026.02.04	01:59:20.847		0.60413			4
2026.02.04	01:59:25.419	0.60408	0.60411			6
2026.02.04	01:59:28.477	0.60409	0.60412			6
2026.02.04	01:59:30.730	0.60410	0.60413			6
2026.02.04	01:59:31.736	0.60411	0.60414			6
2026.02.04	01:59:32.039	0.60412	0.60415			6
2026.02.04	01:59:37.197	0.60411	0.60414			6
2026.02.04	01:59:47.094	0.60409	0.60412			6
2026.02.04	01:59:47.428	0.60410	0.60413			6
2026.02.04	01:59:47.730		0.60412			4
2026.02.04	01:59:48.033		0.60413			4
2026.02.04	01:59:53.355		0.60412			4
2026.02.04	01:59:57.016		0.60413			4
2026.02.04	02:00:00.322	0.60410				2
2026.02.04	02:00:01.023		0.60412			4
2026.02.04	02:00:01.644		0.60413			4
2026.02.04	02:00:01.977		0.60412			4
2026.02.04	02:00:02.283		0.60413			4
2026.02.04	02:00:08.157	0.60409	0.60412			6
2026.02.04	02:00:08.808		0.60411			4
2026.02.04	02:00:09.155		0.60412			4
2026.02.04	02:00:09.510		0.60411			4
2026.02.04	02:00:10.159		0.60412			4
2026.02.04	02:00:11.213	0.60404	0.60407			6
2026.02.04	02:00:11.565	0.60403	0.60406			6
2026.02.04	02:00:13.616	0.60404	0.60407			6
2026.02.04	02:00:14.877	0.60403	0.60406			6
2026.02.04	02:00:16.530	0.60402	0.60405			6
2026.02.04	02:00:20.092		0.60404			4
2026.02.04	02:00:21.397		0.60405			4
2026.02.04	02:00:24.054	0.60400	0.60403			6
2026.02.04	02:00:24.357	0.60398	0.60401			6
2026.02.04	02:00:25.960		0.60400			4
2026.02.04	02:00:26.337	0.60399	0.60401			6
2026.02.04	02:00:26.650	0.60398	0.60400			6
2026.02.04	02:00:26.985	0.60399	0.60401			6
2026.02.04	02:00:27.308	0.60398	0.60400			6
2026.02.04	02:00:27.614	0.60399	0.60401			6
2026.02.04	02:00:27.959	0.60398	0.60400			6
2026.02.04	02:00:28.272	0.60399	0.60401			6
2026.02.04	02:00:28.618	0.60397	0.60400			6
2026.02.04	02:00:28.942	0.60399				2
2026.02.04	02:00:29.273	0.60397				2
2026.02.04	02:00:29.610	0.60399				2
2026.02.04	02:00:29.927	0.60398				2
2026.02.04	02:00:32.627	0.60399	0.60402			6
2026.02.04	02:00:33.583	0.60398	0.60401			6
2026.02.04	02:00:36.490	0.60399	0.60402			6
2026.02.04	02:00:36.817	0.60397	0.60400			6
2026.02.04	02:00:39.783	0.60398	0.60401			6
2026.02.04	02:00:42.711		0.60400			4
2026.02.04	02:00:44.112	0.60397				2
2026.02.04	02:00:46.375		0.60399			4
2026.02.04	02:00:47.679		0.60400			4
2026.02.04	02:00:50.989		0.60399			4
2026.02.04	02:00:51.293	0.60394	0.60397			6
2026.02.04	02:00:51.640	0.60393	0.60396			6
2026.02.04	02:00:51.945	0.60394				2
2026.02.04	02:00:52.291	0.60393				2
2026.02.04	02:00:54.899	0.60392	0.60395			6
2026.02.04	02:00:58.816	0.60389	0.60392			6
2026.02.04	02:00:59.166	0.60388	0.60391			6
2026.02.04	02:00:59.516		0.60390			4
2026.02.04	02:01:00.215	0.60388				2
2026.02.04	02:01:00.821		0.60391			4
2026.02.04	02:01:01.986	0.60384	0.60387			6
2026.02.04	02:01:02.674	0.60383	0.60386			6
2026.02.04	02:01:03.951	0.60382	0.60385			6
2026.02.04	02:01:04.974	0.60383				2
2026.02.04	02:01:05.324		0.60386			4
2026.02.04	02:01:10.638	0.60384	0.60387			6
2026.02.04	02:01:10.942	0.60383	0.60386			6
2026.02.04	02:01:12.199	0.60386	0.60389			6
2026.02.04	02:01:12.549	0.60387				2
2026.02.04	02:01:13.204	0.60384	0.60387			6
2026.02.04	02:01:16.111	0.60383	0.60386			6
2026.02.04	02:01:19.071	0.60382	0.60385			6
2026.02.04	02:01:20.134	0.60374	0.60377			6
2026.02.04	02:01:20.478	0.60371	0.60374			6
2026.02.04	02:01:21.128	0.60370	0.60373			6
2026.02.04	02:01:21.432	0.60368	0.60372			6
2026.02.04	02:01:22.786	0.60369	0.60373			6
2026.02.04	02:01:23.135	0.60368	0.60372			6
2026.02.04	02:01:24.462	0.60367	0.60371			6
2026.02.04	02:01:25.093	0.60368	0.60372			6
2026.02.04	02:01:32.676	0.60369	0.60373			6
2026.02.04	02:01:32.981	0.60371				2
2026.02.04	02:01:33.320		0.60375			4
2026.02.04	02:01:34.325	0.60372				2
2026.02.04	02:01:36.393		0.60376			4
2026.02.04	02:01:38.083	0.60373				2
2026.02.04	02:01:39.279	0.60372				2
2026.02.04	02:01:41.499	0.60369	0.60371			6
2026.02.04	02:01:41.823	0.60368				2
2026.02.04	02:01:42.136	0.60366	0.60368			6
2026.02.04	02:01:42.438		0.60369			4
2026.02.04	02:01:42.741	0.60368	0.60372			6
2026.02.04	02:01:44.419	0.60370	0.60374			6
2026.02.04	02:01:44.748	0.60372	0.60375			6
2026.02.04	02:01:45.671	0.60371	0.60374			6
2026.02.04	02:01:46.455	0.60370				2
2026.02.04	02:01:47.916	0.60371	0.60375			6
2026.02.04	02:01:50.168	0.60372				2
2026.02.04	02:01:51.547	0.60371				2
2026.02.04	02:01:51.875	0.60370	0.60373			6
2026.02.04	02:01:52.180	0.60368	0.60371			6
2026.02.04	02:01:52.484	0.60362	0.60365			6
2026.02.04	02:01:52.829		0.60366			4
2026.02.04	02:01:53.406	0.60363				2
2026.02.04	02:01:53.873	0.60358	0.60362			6
2026.02.04	02:01:54.489	0.60360	0.60364			6
2026.02.04	02:01:54.794	0.60363	0.60367			6
2026.02.04	02:01:55.790	0.60364	0.60368			6
2026.02.04	02:01:56.740	0.60363	0.60367			6
2026.02.04	02:01:57.047	0.60365	0.60369			6
2026.02.04	02:01:57.363	0.60366				2
2026.02.04	02:01:58.748	0.60372	0.60376			6
2026.02.04	02:01:59.051		0.60375			4
2026.02.04	02:01:59.357		0.60376			4
2026.02.04	02:02:00.751	0.60372				2
2026.02.04	02:02:04.422		0.60375			4
2026.02.04	02:02:04.730	0.60368	0.60372			6
2026.02.04	02:02:05.677		0.60371			4
2026.02.04	02:02:06.324		0.60370			4
2026.02.04	02:02:06.628	0.60367				2
2026.02.04	02:02:07.931		0.60371			4
2026.02.04	02:02:08.281	0.60368	0.60372			6
2026.02.04	02:02:09.838	0.60370				2
2026.02.04	02:02:10.142	0.60369				2
2026.02.04	02:02:10.490	0.60368	0.60371			6
2026.02.04	02:02:12.680	0.60371	0.60375			6
2026.02.04	02:02:13.003	0.60372				2
2026.02.04	02:02:13.701	0.60371				2
2026.02.04	02:02:14.004	0.60372				2
2026.02.04	02:02:15.190	0.60373	0.60377			6
2026.02.04	02:02:23.342	0.60372	0.60375			6
2026.02.04	02:02:24.071	0.60373	0.60376			6
2026.02.04	02:02:25.422	0.60372	0.60375			6
2026.02.04	02:02:28.116	0.60368	0.60371			6
2026.02.04	02:02:30.354	0.60371	0.60375			6
2026.02.04	02:02:31.363	0.60372				2
2026.02.04	02:02:33.630		0.60376			4
2026.02.04	02:02:34.627	0.60373				2
2026.02.04	02:02:34.931		0.60377			4
2026.02.04	02:02:38.576	0.60376				2
2026.02.04	02:02:38.885	0.60377	0.60380			6
2026.02.04	02:02:39.247	0.60378	0.60382			6
2026.02.04	02:02:40.132	0.60381	0.60384			6
2026.02.04	02:02:42.401	0.60382	0.60385			6
2026.02.04	02:02:43.772		0.60384			4
2026.02.04	02:02:44.194	0.60383	0.60385			6
2026.02.04	02:02:47.812	0.60382	0.60386			6
2026.02.04	02:02:48.115		0.60385			4
2026.02.04	02:03:00.611	0.60382	0.60386			6
2026.02.04	02:03:03.101	0.60383	0.60385			6
2026.02.04	02:03:03.413	0.60382				2
2026.02.04	02:03:03.736	0.60381	0.60384			6
2026.02.04	02:03:04.076		0.60385			4
2026.02.04	02:03:05.222	0.60382	0.60386			6
2026.02.04	02:03:08.775	0.60378	0.60382			6
2026.02.04	02:03:12.614		0.60381			4
2026.02.04	02:03:25.510	0.60372	0.60376			6
2026.02.04	02:03:26.201	0.60369	0.60372			6
2026.02.04	02:03:26.503	0.60368	0.60371			6
2026.02.04	02:03:26.808	0.60366	0.60370			6
2026.02.04	02:03:27.877	0.60362	0.60366			6
2026.02.04	02:03:29.077	0.60363				2
2026.02.04	02:03:29.437	0.60362				2
2026.02.04	02:03:30.716	0.60363				2
2026.02.04	02:03:31.072	0.60362				2
2026.02.04	02:03:31.867		0.60365			4
2026.02.04	02:03:33.926	0.60363	0.60366			6
2026.02.04	02:03:35.710	0.60364	0.60367			6
2026.02.04	02:03:37.686		0.60366			4
2026.02.04	02:03:40.200		0.60367			4
2026.02.04	02:03:44.161	0.60363				2
2026.02.04	02:03:45.215	0.60365	0.60369			6
2026.02.04	02:03:45.668		0.60368			4
2026.02.04	02:03:46.970		0.60369			4
2026.02.04	02:03:47.523		0.60368			4
2026.02.04	02:03:48.828		0.60369			4
2026.02.04	02:03:51.386		0.60368			4
2026.02.04	02:03:54.648	0.60364	0.60367			6
2026.02.04	02:03:55.917	0.60359	0.60363			6
2026.02.04	02:03:56.546	0.60360	0.60364			6
2026.02.04	02:03:56.856	0.60359	0.60363			6
2026.02.04	02:03:58.276	0.60360				2
2026.02.04	02:04:00.247	0.60360	0.60364			6
2026.02.04	02:04:00.569		0.60363			4
2026.02.04	02:04:01.874	0.60361				2
2026.02.04	02:04:02.175	0.60362	0.60365			6
2026.02.04	02:04:14.336	0.60361	0.60364			6
2026.02.04	02:04:15.273	0.60360				2
2026.02.04	02:04:15.584	0.60358	0.60362			6
2026.02.04	02:04:18.626	0.60355	0.60359			6
2026.02.04	02:04:20.688	0.60362	0.60365			6
2026.02.04	02:04:30.210	0.60364	0.60367			6
2026.02.04	02:04:32.926	0.60368	0.60369			6
2026.02.04	02:04:33.229		0.60372			4
2026.02.04	02:04:38.136	0.60370	0.60373			6
2026.02.04	02:04:38.441	0.60369				2
2026.02.04	02:04:44.159	0.60372	0.60374			6
2026.02.04	02:04:44.479	0.60373	0.60376			6
2026.02.04	02:04:44.931	0.60374	0.60377			6
2026.02.04	02:04:45.345	0.60373				2
2026.02.04	02:04:50.991	0.60372	0.60376			6
2026.02.04	02:04:51.638	0.60371	0.60375			6
2026.02.04	02:04:53.701	0.60372				2
2026.02.04	02:04:56.322		0.60376			4
2026.02.04	02:04:57.554	0.60371	0.60375			6
2026.02.04	02:04:57.902	0.60372	0.60376			6
2026.02.04	02:04:58.557		0.60375			4
2026.02.04	02:04:58.906		0.60376			4
2026.02.04	02:04:59.793	0.60373				2
2026.02.04	02:05:00.095	0.60372				2
2026.02.04	02:05:02.872	0.60373	0.60377			6
2026.02.04	02:05:13.027	0.60377	0.60380			6
2026.02.04	02:05:13.350	0.60374	0.60378			6
2026.02.04	02:05:14.011	0.60373	0.60377			6
2026.02.04	02:05:14.717	0.60374	0.60378			6
2026.02.04	02:05:15.066		0.60377			4
2026.02.04	02:05:17.020		0.60378			4
2026.02.04	02:05:18.021		0.60377			4
2026.02.04	02:05:19.022		0.60378			4
2026.02.04	02:05:19.641	0.60377	0.60380			6
2026.02.04	02:05:20.331		0.60381			4
2026.02.04	02:05:22.328		0.60380			4
2026.02.04	02:05:22.635	0.60376				2
2026.02.04	02:05:23.089	0.60377				2
2026.02.04	02:05:23.792		0.60381			4
2026.02.04	02:05:28.409	0.60376	0.60380			6
2026.02.04	02:05:28.758	0.60378	0.60382			6
2026.02.04	02:05:33.371	0.60377	0.60381			6
2026.02.04	02:05:36.679		0.60380			4
2026.02.04	02:05:36.983	0.60371	0.60374			6
2026.02.04	02:05:37.634		0.60375			4
2026.02.04	02:05:41.244	0.60370	0.60374			6
2026.02.04	02:05:41.586	0.60371	0.60375			6
2026.02.04	02:05:41.893		0.60374			4
2026.02.04	02:05:45.555		0.60375			4
2026.02.04	02:05:46.205	0.60372	0.60376			6
2026.02.04	02:05:46.507	0.60371	0.60375			6
2026.02.04	02:05:55.549	0.60372	0.60376			6
2026.02.04	02:05:55.864	0.60371	0.60375			6
2026.02.04	02:05:57.238		0.60374			4
2026.02.04	02:05:57.552		0.60375			4
2026.02.04	02:05:58.274		0.60374			4
2026.02.04	02:05:59.610		0.60375			4
2026.02.04	02:06:00.750	0.60371				2
2026.02.04	02:06:04.766	0.60369	0.60373			6
2026.02.04	02:06:05.081	0.60370	0.60374			6
2026.02.04	02:06:06.126	0.60369	0.60372			6
2026.02.04	02:06:07.130	0.60370	0.60374			6
2026.02.04	02:06:09.658	0.60373	0.60377			6
2026.02.04	02:06:09.968	0.60372	0.60376			6
2026.02.04	02:06:10.288	0.60373	0.60377			6
2026.02.04	02:06:12.042		0.60376			4
2026.02.04	02:06:12.344		0.60377			4
2026.02.04	02:06:14.477		0.60376			4
2026.02.04	02:06:16.808		0.60377			4
2026.02.04	02:06:17.461		0.60376			4
2026.02.04	02:06:17.763		0.60377			4
2026.02.04	02:06:20.028		0.60376			4
2026.02.04	02:06:20.337		0.60377			4
2026.02.04	02:06:27.433		0.60376			4
2026.02.04	02:06:27.773		0.60377			4
2026.02.04	02:06:29.837		0.60376			4
2026.02.04	02:06:33.262	0.60374	0.60378			6
2026.02.04	02:06:34.433	0.60375				2
2026.02.04	02:06:35.421	0.60374	0.60377			6
2026.02.04	02:06:35.724	0.60373				2
2026.02.04	02:06:36.153	0.60374				2
2026.02.04	02:06:38.409	0.60372	0.60376			6
2026.02.04	02:06:38.746	0.60373				2
2026.02.04	02:06:40.234	0.60372	0.60375			6
2026.02.04	02:06:42.420		0.60374			4
2026.02.04	02:06:46.098		0.60375			4
2026.02.04	02:06:54.343		0.60376			4
2026.02.04	02:07:00.465	0.60372				2
2026.02.04	02:07:01.939	0.60370	0.60373			6
2026.02.04	02:07:02.249	0.60372	0.60375			6
2026.02.04	02:07:07.437	0.60373	0.60377			6
2026.02.04	02:07:13.106		0.60376			4
2026.02.04	02:07:13.478	0.60372				2
2026.02.04	02:07:14.458		0.60375			4
2026.02.04	02:07:17.069		0.60376			4
2026.02.04	02:07:19.377		0.60375			4
2026.02.04	02:07:23.243		0.60376			4
2026.02.04	02:07:27.945	0.60382	0.60386			6
2026.02.04	02:07:28.912		0.60385			4
2026.02.04	02:07:29.221	0.60379	0.60383			6
2026.02.04	02:07:30.164	0.60378	0.60382			6
2026.02.04	02:07:30.632	0.60379				2
2026.02.04	02:07:31.924	0.60378				2
2026.02.04	02:07:33.023	0.60379				2
2026.02.04	02:07:37.586		0.60381			4
2026.02.04	02:07:37.890	0.60378	0.60382			6
2026.02.04	02:07:39.376		0.60381			4
2026.02.04	02:07:40.183		0.60382			4
2026.02.04	02:07:42.342		0.60381			4
2026.02.04	02:07:44.987		0.60380			4
2026.02.04	02:07:48.061	0.60374	0.60378			6
2026.02.04	02:07:49.685	0.60373	0.60377			6
2026.02.04	02:07:52.903	0.60377	0.60380			6
2026.02.04	02:07:53.222		0.60381			4
2026.02.04	02:07:55.369		0.60380			4
2026.02.04	02:07:57.887	0.60374	0.60378			6
2026.02.04	02:07:58.521	0.60373	0.60376			6
2026.02.04	02:08:00.248	0.60373				2
2026.02.04	02:08:06.188		0.60377			4
2026.02.04	02:08:10.463	0.60374				2
2026.02.04	02:08:10.805	0.60373				2
2026.02.04	02:08:16.682	0.60378	0.60381			6
2026.02.04	02:08:22.854	0.60377				2
2026.02.04	02:08:25.689	0.60378				2
2026.02.04	02:08:26.010	0.60377				2
2026.02.04	02:08:34.237	0.60375	0.60379			6
2026.02.04	02:08:42.641	0.60374	0.60378			6
2026.02.04	02:08:43.622	0.60373	0.60377			6
2026.02.04	02:08:47.581	0.60377	0.60381			6
2026.02.04	02:08:47.886	0.60376	0.60380			6
2026.02.04	02:08:49.690	0.60377				2
2026.02.04	02:08:49.992	0.60376				2
2026.02.04	02:08:51.948	0.60377				2
2026.02.04	02:08:54.909		0.60381			4
2026.02.04	02:08:59.312	0.60378				2
2026.02.04	02:08:59.977	0.60377				2
2026.02.04	02:09:01.157	0.60377	0.60380			6
2026.02.04	02:09:01.512	0.60378				2
2026.02.04	02:09:02.017		0.60381			4
2026.02.04	02:09:03.179	0.60377				2
2026.02.04	02:09:05.611	0.60376	0.60380			6
2026.02.04	02:09:06.852		0.60379			4
2026.02.04	02:09:10.260		0.60380			4
2026.02.04	02:09:10.568	0.60378	0.60381			6
2026.02.04	02:09:11.362	0.60377				2
2026.02.04	02:09:11.711		0.60380			4
2026.02.04	02:09:17.984	0.60376				2
2026.02.04	02:09:20.253	0.60377				2
2026.02.04	02:09:20.893		0.60381			4
2026.02.04	02:09:21.947	0.60378				2
2026.02.04	02:09:23.522	0.60377				2
2026.02.04	02:09:24.602	0.60378				2
2026.02.04	02:09:25.656	0.60377				2
2026.02.04	02:09:28.475		0.60380			4
2026.02.04	02:09:29.779		0.60381			4
2026.02.04	02:09:32.615	0.60378				2
2026.02.04	02:09:40.837	0.60373	0.60377			6
2026.02.04	02:09:41.163	0.60372	0.60376			6
2026.02.04	02:09:51.146	0.60373				2
2026.02.04	02:09:52.104		0.60375			4
2026.02.04	02:09:56.062	0.60371				2
2026.02.04	02:09:56.367	0.60370	0.60373			6
2026.02.04	02:09:57.348	0.60371	0.60374			6
2026.02.04	02:09:57.959	0.60372	0.60375			6
2026.02.04	02:10:00.222	0.60372				2
2026.02.04	02:10:01.537	0.60371	0.60374			6
2026.02.04	02:10:02.847	0.60370				2
2026.02.04	02:10:04.786		0.60373			4
2026.02.04	02:10:06.394	0.60372	0.60375			6
2026.02.04	02:10:07.046	0.60371				2
2026.02.04	02:10:08.368	0.60372				2
2026.02.04	02:10:17.322		0.60376			4
2026.02.04	02:10:18.128		0.60375			4
2026.02.04	02:10:27.468	0.60373				2
2026.02.04	02:10:28.091	0.60372				2
2026.02.04	02:10:28.406	0.60373				2
2026.02.04	02:10:28.719	0.60371	0.60374			6
2026.02.04	02:10:29.025	0.60369	0.60372			6
2026.02.04	02:10:29.344	0.60368	0.60371			6
2026.02.04	02:10:30.295	0.60371	0.60373			6
2026.02.04	02:10:30.602	0.60372	0.60375			6
2026.02.04	02:10:31.228	0.60371				2
2026.02.04	02:10:31.720	0.60372				2
2026.02.04	02:10:33.152		0.60376			4
2026.02.04	02:10:33.473	0.60373				2
2026.02.04	02:10:34.562	0.60370	0.60374			6
2026.02.04	02:10:34.871	0.60371	0.60375			6
2026.02.04	02:10:41.300	0.60373	0.60376			6
2026.02.04	02:10:41.707	0.60372	0.60375			6
2026.02.04	02:10:43.322		0.60376			4
2026.02.04	02:10:43.627	0.60373				2
2026.02.04	02:10:44.574	0.60372	0.60375			6
2026.02.04	02:10:45.196	0.60373				2
2026.02.04	02:10:45.524		0.60376			4
2026.02.04	02:10:46.172	0.60372	0.60375			6
2026.02.04	02:10:48.112		0.60374			4
2026.02.04	02:10:52.744	0.60373	0.60375			6
2026.02.04	02:10:53.062	0.60372				2
2026.02.04	02:10:55.142	0.60373	0.60376			6
2026.02.04	02:11:00.090	0.60373				2
2026.02.04	02:11:21.725	0.60374	0.60377			6
2026.02.04	02:11:22.030	0.60373	0.60376			6
2026.02.04	02:11:25.992	0.60369	0.60372			6
2026.02.04	02:11:26.341	0.60368	0.60371			6
2026.02.04	02:11:26.947	0.60367	0.60370			6
2026.02.04	02:11:29.046	0.60364	0.60367			6
2026.02.04	02:11:30.953	0.60363	0.60366			6
2026.02.04	02:11:35.924	0.60365				2
2026.02.04	02:11:36.243	0.60366	0.60369			6
2026.02.04	02:11:36.575	0.60365	0.60368			6
2026.02.04	02:11:37.578	0.60366	0.60369			6
2026.02.04	02:11:40.838	0.60364	0.60367			6
2026.02.04	02:11:42.099	0.60363	0.60366			6
2026.02.04	02:11:42.797	0.60362	0.60365			6
2026.02.04	02:11:44.406	0.60363	0.60366			6
2026.02.04	02:11:47.663	0.60362	0.60365			6
2026.02.04	02:11:50.323	0.60363				2
2026.02.04	02:11:51.629		0.60366			4
2026.02.04	02:11:51.946	0.60364	0.60367			6
2026.02.04	02:11:53.637	0.60365	0.60368			6
2026.02.04	02:12:00.254	0.60365				2
2026.02.04	02:12:01.906	0.60364	0.60367			6
2026.02.04	02:12:06.530	0.60365	0.60368			6
2026.02.04	02:12:13.033	0.60364	0.60367			6
2026.02.04	02:12:14.700	0.60365	0.60368			6
2026.02.04	02:12:17.263	0.60364	0.60367			6
2026.02.04	02:12:28.193	0.60365	0.60368			6
2026.02.04	02:12:29.801	0.60364	0.60367			6
2026.02.04	02:12:32.713	0.60365	0.60368			6
2026.02.04	02:12:33.060	0.60364	0.60367			6
2026.02.04	02:12:33.665	0.60365	0.60368			6
2026.02.04	02:12:34.969	0.60366				2
2026.02.04	02:12:35.272	0.60367	0.60370			6
2026.02.04	02:12:35.621	0.60368	0.60371			6
2026.02.04	02:12:36.927	0.60369	0.60372			6
2026.02.04	02:12:37.903	0.60368	0.60371			6
2026.02.04	02:12:38.231	0.60372	0.60375			6
2026.02.04	02:12:39.463	0.60374	0.60377			6
2026.02.04	02:12:40.138	0.60373	0.60376			6
2026.02.04	02:12:52.830	0.60371	0.60374			6
2026.02.04	02:12:54.436	0.60369	0.60372			6
2026.02.04	02:13:00.053	0.60369				2
2026.02.04	02:13:01.054	0.60367	0.60370			6
2026.02.04	02:13:02.359	0.60368	0.60371			6
2026.02.04	02:13:03.362	0.60367	0.60370			6
2026.02.04	02:13:04.501	0.60364	0.60367			6
2026.02.04	02:13:16.760	0.60366	0.60369			6
2026.02.04	02:13:19.371	0.60367	0.60370			6
2026.02.04	02:13:21.119	0.60363	0.60366			6
2026.02.04	02:13:23.056	0.60364	0.60367			6
2026.02.04	02:13:24.344	0.60366	0.60369			6
2026.02.04	02:13:24.688	0.60367	0.60370			6
2026.02.04	02:13:24.991	0.60368	0.60371			6
2026.02.04	02:13:25.646		0.60370			4
2026.02.04	02:13:27.300		0.60371			4
2026.02.04	02:13:32.818		0.60370			4
2026.02.04	02:13:34.167	0.60365	0.60368			6
2026.02.04	02:13:34.469	0.60364	0.60367			6
2026.02.04	02:13:36.727	0.60365				2
2026.02.04	02:13:37.029	0.60364				2
2026.02.04	02:13:44.052	0.60365				2
2026.02.04	02:13:44.355	0.60366	0.60369			6
2026.02.04	02:13:44.659	0.60364	0.60367			6
2026.02.04	02:13:54.390	0.60363	0.60366			6
2026.02.04	02:13:55.345	0.60364	0.60367			6
2026.02.04	02:13:59.353	0.60363	0.60366			6
2026.02.04	02:13:59.701	0.60365	0.60368			6
2026.02.04	02:14:00.003	0.60364	0.60367			6
2026.02.04	02:14:01.013	0.60367	0.60370			6
2026.02.04	02:14:03.670	0.60368	0.60371			6
2026.02.04	02:14:05.279	0.60366	0.60369			6
2026.02.04	02:14:05.582	0.60364	0.60367			6
2026.02.04	02:14:16.118	0.60363	0.60366			6
2026.02.04	02:14:22.897	0.60364	0.60367			6
2026.02.04	02:14:23.207	0.60366	0.60369			6
2026.02.04	02:14:28.213	0.60367	0.60370			6
2026.02.04	02:14:30.434	0.60368	0.60371			6
2026.02.04	02:14:46.998	0.60367	0.60370			6
2026.02.04	02:14:49.300	0.60364	0.60367			6
2026.02.04	02:14:51.559	0.60368	0.60371			6
2026.02.04	02:14:51.942	0.60369	0.60372			6
2026.02.04	02:14:57.180	0.60372	0.60375			6
2026.02.04	02:14:57.902	0.60373	0.60376			6
2026.02.04	02:15:00.305	0.60373				2
2026.02.04	02:15:04.699	0.60374				2
2026.02.04	02:15:05.049	0.60373				2
2026.02.04	02:15:05.358	0.60375	0.60378			6
2026.02.04	02:15:07.019	0.60376	0.60379			6
2026.02.04	02:15:07.656	0.60375	0.60378			6
2026.02.04	02:15:17.933	0.60376	0.60379			6
2026.02.04	02:15:18.236	0.60375	0.60378			6
2026.02.04	02:15:20.893		0.60376			4
2026.02.04	02:15:21.203	0.60373				2
2026.02.04	02:15:22.150	0.60374	0.60377			6
2026.02.04	02:15:22.472	0.60373	0.60376			6
2026.02.04	02:15:22.799	0.60374	0.60377			6
2026.02.04	02:15:25.358	0.60376	0.60379			6
2026.02.04	02:15:25.707	0.60375	0.60378			6
2026.02.04	02:15:26.357		0.60377			4
2026.02.04	02:15:27.410	0.60374				2
2026.02.04	02:15:41.606		0.60376			4
2026.02.04	02:15:43.516	0.60370	0.60373			6
2026.02.04	02:15:43.820	0.60371	0.60374			6
2026.02.04	02:15:45.120	0.60373	0.60376			6
2026.02.04	02:15:45.426	0.60374	0.60377			6
2026.02.04	02:15:51.048	0.60375	0.60378			6
2026.02.04	02:15:54.614	0.60376	0.60379			6
2026.02.04	02:16:00.110	0.60375	0.60378			6
2026.02.04	02:16:01.738		0.60377			4
2026.02.04	02:16:03.393	0.60376	0.60379			6
2026.02.04	02:16:04.387	0.60375	0.60378			6
2026.02.04	02:16:08.662	0.60376	0.60379			6
2026.02.04	02:16:12.737	0.60375	0.60378			6
2026.02.04	02:16:14.025		0.60377			4
2026.02.04	02:16:15.329		0.60376			4
2026.02.04	02:16:18.034		0.60377			4
2026.02.04	02:16:19.992	0.60374				2
2026.02.04	02:16:21.524	0.60375				2
2026.02.04	02:16:23.550	0.60376	0.60379			6
2026.02.04	02:16:24.181		0.60378			4
2026.02.04	02:16:27.814		0.60379			4
2026.02.04	02:16:31.201	0.60377	0.60380			6
2026.02.04	02:16:34.387	0.60378				2
2026.02.04	02:16:35.009	0.60377	0.60379			6
2026.02.04	02:16:35.660	0.60381	0.60383			6
2026.02.04	02:16:35.964	0.60384	0.60386			6
2026.02.04	02:16:36.292	0.60383				2
2026.02.04	02:16:45.467	0.60385				2
2026.02.04	02:16:45.772	0.60386	0.60389			6
2026.02.04	02:16:48.080	0.60388	0.60391			6
2026.02.04	02:16:54.374	0.60389	0.60392			6
2026.02.04	02:17:00.179	0.60389				2
2026.02.04	02:17:01.172	0.60393	0.60395			6
2026.02.04	02:17:01.486		0.60396			4
2026.02.04	02:17:02.637	0.60392	0.60395			6
2026.02.04	02:17:05.553	0.60393	0.60396			6
2026.02.04	02:17:06.207	0.60397	0.60400			6
2026.02.04	02:17:07.556	0.60398	0.60401			6
2026.02.04	02:17:12.518	0.60399	0.60402			6
2026.02.04	02:17:18.539	0.60402	0.60405			6
2026.02.04	02:17:19.852	0.60400	0.60403			6
2026.02.04	02:17:22.798	0.60398	0.60401			6
2026.02.04	02:17:23.403		0.60400			4
2026.02.04	02:17:24.705		0.60401			4
2026.02.04	02:17:29.577	0.60399	0.60402			6
2026.02.04	02:17:34.281		0.60401			4
2026.02.04	02:17:37.845	0.60398				2
2026.02.04	02:17:38.293	0.60399				2
2026.02.04	02:17:41.506		0.60402			4
2026.02.04	02:17:42.156		0.60401			4
2026.02.04	02:17:49.631	0.60407	0.60408			6
2026.02.04	02:17:49.937	0.60409	0.60412			6
2026.02.04	02:17:50.243	0.60408				2
2026.02.04	02:17:50.777		0.60411			4
2026.02.04	02:17:52.663	0.60409				2
2026.02.04	02:17:52.997	0.60408				2
2026.02.04	02:17:56.159	0.60406	0.60410			6
2026.02.04	02:17:56.509	0.60408	0.60411			6
2026.02.04	02:18:00.080	0.60406	0.60410			6
2026.02.04	02:18:01.215		0.60409			4
2026.02.04	02:18:01.622	0.60405	0.60408			6
2026.02.04	02:18:01.929	0.60404				2
2026.02.04	02:18:02.933	0.60405				2
2026.02.04	02:18:04.589		0.60407			4
2026.02.04	02:18:05.540	0.60404				2
2026.02.04	02:18:09.603	0.60405				2
2026.02.04	02:18:09.937	0.60404				2
2026.02.04	02:18:10.326		0.60406			4
2026.02.04	02:18:10.983		0.60407			4
2026.02.04	02:18:12.314	0.60405				2
2026.02.04	02:18:12.964	0.60404				2
2026.02.04	02:18:15.271		0.60405			4
2026.02.04	02:18:15.833		0.60407			4
2026.02.04	02:18:16.148		0.60405			4
2026.02.04	02:18:16.468		0.60407			4
2026.02.04	02:18:16.773		0.60405			4
2026.02.04	02:18:17.096		0.60407			4
2026.02.04	02:18:17.419		0.60405			4
2026.02.04	02:18:17.730	0.60405	0.60407			6
2026.02.04	02:18:18.033	0.60404	0.60405			6
2026.02.04	02:18:18.373	0.60405	0.60408			6
2026.02.04	02:18:18.680		0.60406			4
2026.02.04	02:18:18.981		0.60408			4
2026.02.04	02:18:19.981	0.60404	0.60407			6
2026.02.04	02:18:27.464	0.60406	0.60409			6
2026.02.04	02:18:27.813	0.60405	0.60408			6
2026.02.04	02:18:28.160	0.60404	0.60407			6
2026.02.04	02:18:28.463	0.60405	0.60408			6
2026.02.04	02:18:29.115	0.60400	0.60403			6
2026.02.04	02:18:30.071	0.60399	0.60402			6
2026.02.04	02:18:39.188	0.60398	0.60401			6
2026.02.04	02:18:40.143	0.60399	0.60402			6
2026.02.04	02:18:40.792	0.60398	0.60401			6
2026.02.04	02:18:41.446	0.60399	0.60402			6
2026.02.04	02:18:42.403	0.60398	0.60401			6
2026.02.04	02:18:42.706	0.60399	0.60402			6
2026.02.04	02:18:46.572	0.60401	0.60404			6
2026.02.04	02:18:46.873	0.60402	0.60405			6
2026.02.04	02:18:47.524	0.60400	0.60403			6
2026.02.04	02:18:47.875	0.60399	0.60402			6
2026.02.04	02:19:00.019	0.60399				2
2026.02.04	02:19:00.974	0.60398	0.60400			6
2026.02.04	02:19:01.279	0.60396	0.60398			6
2026.02.04	02:19:01.588	0.60394	0.60397			6
2026.02.04	02:19:03.582	0.60393	0.60396			6
2026.02.04	02:19:05.193	0.60394	0.60397			6
2026.02.04	02:19:38.353	0.60393	0.60396			6
2026.02.04	02:19:41.360	0.60394	0.60397			6
2026.02.04	02:19:54.801	0.60393	0.60396			6
2026.02.04	02:19:55.804	0.60394	0.60397			6
2026.02.04	02:19:58.798	0.60399	0.60401			6
2026.02.04	02:19:59.116		0.60402			4
2026.02.04	02:20:00.159	0.60399				2
2026.02.04	02:20:00.768	0.60397	0.60400			6
2026.02.04	02:20:01.770	0.60396	0.60399			6
2026.02.04	02:20:03.423	0.60394	0.60397			6
2026.02.04	02:20:10.954	0.60393	0.60396			6
2026.02.04	02:20:12.353	0.60394	0.60397			6
2026.02.04	02:20:12.657	0.60393	0.60396			6
2026.02.04	02:20:18.090	0.60397	0.60399			6
2026.02.04	02:20:18.426	0.60398	0.60401			6
2026.02.04	02:20:20.079	0.60396	0.60399			6
2026.02.04	02:20:20.432	0.60398	0.60401			6
2026.02.04	02:20:22.133	0.60399	0.60402			6
2026.02.04	02:20:29.612	0.60398	0.60401			6
2026.02.04	02:20:29.960	0.60399	0.60402			6
2026.02.04	02:20:31.616	0.60398	0.60401			6
