<DATE>	<TIME>	<BID>	<ASK>	<LAST>	<VOLUME>	<FLAGS>
2026.04.23	00:03:30.457	0.59054	0.59133			6
2026.04.23	00:04:00.270	0.59054				2
2026.04.23	00:04:13.837	0.59092	0.59173			6
2026.04.23	00:04:14.140	0.59049				2
2026.04.23	00:04:15.049	0.59068	0.59131			6
2026.04.23	00:04:26.795	0.59086	0.59136			6
2026.04.23	00:05:00.233	0.59086	0.59179			6
2026.04.23	00:05:00.535	0.59047				2
2026.04.23	00:05:00.835	0.59050	0.59172			6
2026.04.23	00:05:01.438	0.59061	0.59140			6
2026.04.23	00:05:02.344		0.59132			4
2026.04.23	00:05:05.354		0.59106			4
2026.04.23	00:05:05.655		0.59108			4
2026.04.23	00:05:06.255		0.59095			4
2026.04.23	00:05:06.555		0.59098			4
2026.04.23	00:05:06.855		0.59102			4
2026.04.23	00:05:07.156		0.59101			4
2026.04.23	00:05:08.358		0.59098			4
2026.04.23	00:05:08.658		0.59101			4
2026.04.23	00:05:09.258		0.59098			4
2026.04.23	00:05:09.558		0.59101			4
2026.04.23	00:05:11.365		0.59098			4
2026.04.23	00:05:11.966	0.59065	0.59122			6
2026.04.23	00:05:12.266		0.59115			4
2026.04.23	00:05:12.566		0.59118			4
2026.04.23	00:05:14.373		0.59115			4
2026.04.23	00:05:14.674		0.59118			4
2026.04.23	00:05:15.273		0.59115			4
2026.04.23	00:05:15.881		0.59111			4
2026.04.23	00:05:53.498	0.59051	0.59160			6
2026.04.23	00:05:54.593		0.59170			4
2026.04.23	00:05:55.737		0.59172			4
2026.04.23	00:05:57.185		0.59180			4
2026.04.23	00:05:58.035		0.59172			4
2026.04.23	00:05:58.336		0.59180			4
2026.04.23	00:05:59.185		0.59172			4
2026.04.23	00:05:59.785		0.59183			4
2026.04.23	00:06:00.088	0.59063	0.59142			6
2026.04.23	00:06:00.391	0.59051	0.59183			6
2026.04.23	00:06:01.484		0.59162			4
2026.04.23	00:06:01.785		0.59176			4
2026.04.23	00:06:02.637		0.59184			4
2026.04.23	00:06:02.939		0.59172			4
2026.04.23	00:06:04.935		0.59162			4
2026.04.23	00:06:06.085		0.59173			4
2026.04.23	00:06:07.236		0.59164			4
2026.04.23	00:06:07.537		0.59176			4
2026.04.23	00:06:08.283	0.59066	0.59142			6
2026.04.23	00:06:08.584	0.59051	0.59163			6
2026.04.23	00:06:08.885		0.59174			4
2026.04.23	00:06:09.541		0.59155			4
2026.04.23	00:06:09.841		0.59173			4
2026.04.23	00:06:11.836		0.59178			4
2026.04.23	00:06:12.985		0.59172			4
2026.04.23	00:06:14.139		0.59166			4
2026.04.23	00:06:15.285		0.59172			4
2026.04.23	00:06:16.435		0.59171			4
2026.04.23	00:06:17.588		0.59154			4
2026.04.23	00:06:17.892		0.59170			4
2026.04.23	00:06:18.737		0.59172			4
2026.04.23	00:06:19.885		0.59171			4
2026.04.23	00:06:21.034		0.59170			4
2026.04.23	00:06:22.186		0.59174			4
2026.04.23	00:06:23.339		0.59155			4
2026.04.23	00:06:23.639		0.59174			4
2026.04.23	00:06:24.485		0.59170			4
2026.04.23	00:06:25.638	0.59052	0.59187			6
2026.04.23	00:06:25.941	0.59057				2
2026.04.23	00:06:26.544	0.59077	0.59142			6
2026.04.23	00:06:26.845	0.59051	0.59170			6
2026.04.23	00:06:27.937		0.59171			4
2026.04.23	00:06:28.237	0.59052				2
2026.04.23	00:06:28.838		0.59142			4
2026.04.23	00:06:29.138	0.59051	0.59161			6
2026.04.23	00:06:29.440	0.59052	0.59171			6
2026.04.23	00:06:30.045	0.59074	0.59142			6
2026.04.23	00:06:30.347	0.59051	0.59165			6
2026.04.23	00:06:30.647		0.59178			4
2026.04.23	00:06:31.385	0.59053	0.59176			6
2026.04.23	00:06:32.286		0.59142			4
2026.04.23	00:06:32.588	0.59051	0.59165			6
2026.04.23	00:06:32.892	0.59054	0.59179			6
2026.04.23	00:06:33.494	0.59075	0.59142			6
2026.04.23	00:06:33.794	0.59051	0.59170			6
2026.04.23	00:06:34.842		0.59161			4
2026.04.23	00:06:35.147	0.59056	0.59174			6
2026.04.23	00:06:35.748	0.59076	0.59142			6
2026.04.23	00:06:36.049	0.59051	0.59173			6
2026.04.23	00:06:37.135		0.59171			4
2026.04.23	00:06:38.285		0.59161			4
2026.04.23	00:06:38.585	0.59056	0.59173			6
2026.04.23	00:06:39.189		0.59142			4
2026.04.23	00:06:39.490	0.59051	0.59175			6
2026.04.23	00:06:40.585		0.59172			4
2026.04.23	00:06:41.738	0.59059	0.59179			6
2026.04.23	00:06:42.647		0.59142			4
2026.04.23	00:06:42.948	0.59051	0.59162			6
2026.04.23	00:06:43.248	0.59055				2
2026.04.23	00:06:43.849	0.59078	0.59142			6
2026.04.23	00:06:44.149	0.59051	0.59172			6
2026.04.23	00:06:45.186	0.59052	0.59170			6
2026.04.23	00:06:45.486	0.59059				2
2026.04.23	00:06:46.091		0.59142			4
2026.04.23	00:06:46.392	0.59051	0.59163			6
2026.04.23	00:06:46.692	0.59061	0.59179			6
2026.04.23	00:06:47.294	0.59080	0.59141			6
2026.04.23	00:06:47.594	0.59054	0.59170			6
2026.04.23	00:06:48.494	0.59076	0.59142			6
2026.04.23	00:06:48.794	0.59061	0.59172			6
2026.04.23	00:06:49.703	0.59079	0.59175			6
2026.04.23	00:06:50.004	0.59073				2
2026.04.23	00:06:50.905	0.59078	0.59145			6
2026.04.23	00:06:51.810	0.59082				2
2026.04.23	00:06:52.111	0.59068	0.59180			6
2026.04.23	00:06:53.014	0.59080	0.59176			6
2026.04.23	00:06:53.314	0.59061				2
2026.04.23	00:06:54.215	0.59065	0.59172			6
2026.04.23	00:06:54.516	0.59064				2
2026.04.23	00:06:55.115		0.59145			4
2026.04.23	00:06:55.417	0.59059	0.59173			6
2026.04.23	00:06:56.318	0.59082	0.59145			6
2026.04.23	00:06:56.624	0.59059	0.59173			6
2026.04.23	00:06:56.925	0.59066				2
2026.04.23	00:06:57.530	0.59082	0.59145			6
2026.04.23	00:06:57.829	0.59105	0.59187			6
2026.04.23	00:06:58.131		0.59189			4
2026.04.23	00:06:58.431		0.59187			4
2026.04.23	00:06:58.732	0.59089	0.59155			6
2026.04.23	00:06:59.035	0.59071	0.59149			6
2026.04.23	00:06:59.941	0.59070	0.59129			6
2026.04.23	00:07:00.241	0.59081	0.59149			6
2026.04.23	00:07:01.147	0.59073				2
2026.04.23	00:07:01.447	0.59081				2
2026.04.23	00:07:01.747	0.59080				2
2026.04.23	00:07:02.050	0.59081				2
2026.04.23	00:07:02.351	0.59082	0.59129			6
2026.04.23	00:07:02.650	0.59081	0.59149			6
2026.04.23	00:07:03.552	0.59082				2
2026.04.23	00:07:03.851	0.59081				2
2026.04.23	00:07:04.153	0.59054				2
2026.04.23	00:07:05.664	0.59051	0.59129			6
2026.04.23	00:07:05.962	0.59054	0.59149			6
2026.04.23	00:07:06.875	0.59069	0.59129			6
2026.04.23	00:07:07.179	0.59063	0.59149			6
2026.04.23	00:07:08.081	0.59073	0.59130			6
2026.04.23	00:07:08.382	0.59063	0.59149			6
2026.04.23	00:07:09.283	0.59073	0.59129			6
2026.04.23	00:07:09.584	0.59063	0.59149			6
2026.04.23	00:07:11.687	0.59068	0.59129			6
2026.04.23	00:07:12.288	0.59062	0.59149			6
2026.04.23	00:07:15.897	0.59072	0.59129			6
2026.04.23	00:07:16.197	0.59061	0.59149			6
2026.04.23	00:07:16.497	0.59062				2
2026.04.23	00:07:17.401	0.59073	0.59129			6
2026.04.23	00:07:17.703	0.59062	0.59149			6
2026.04.23	00:07:19.804	0.59073				2
2026.04.23	00:07:20.108	0.59062				2
2026.04.23	00:07:21.009	0.59072	0.59129			6
2026.04.23	00:07:21.311	0.59062	0.59149			6
2026.04.23	00:07:22.215		0.59129			4
2026.04.23	00:07:22.517	0.59072	0.59149			6
2026.04.23	00:07:22.818	0.59065				2
2026.04.23	00:07:23.720	0.59066				2
2026.04.23	00:07:24.023	0.59065				2
2026.04.23	00:07:25.829		0.59129			4
2026.04.23	00:07:26.128		0.59149			4
2026.04.23	00:07:27.031	0.59074	0.59130			6
2026.04.23	00:07:27.332	0.59065	0.59149			6
2026.04.23	00:07:28.235	0.59075	0.59129			6
2026.04.23	00:07:28.535	0.59060	0.59149			6
2026.04.23	00:07:28.840	0.59054	0.59144			6
2026.04.23	00:07:32.451	0.59056	0.59126			6
2026.04.23	00:07:32.751	0.59054	0.59149			6
2026.04.23	00:07:33.653		0.59129			4
2026.04.23	00:07:33.954		0.59149			4
2026.04.23	00:07:34.861	0.59056	0.59133			6
2026.04.23	00:07:35.163	0.59054	0.59149			6
2026.04.23	00:07:36.065		0.59135			4
2026.04.23	00:07:36.367	0.59056	0.59149			6
2026.04.23	00:07:36.667	0.59054				2
2026.04.23	00:07:36.967	0.59050	0.59129			6
2026.04.23	00:07:37.266	0.59054	0.59149			6
2026.04.23	00:07:37.871	0.59056	0.59145			6
2026.04.23	00:07:38.173	0.59051	0.59129			6
2026.04.23	00:07:38.473	0.59054	0.59148			6
2026.04.23	00:07:38.773	0.59055	0.59143			6
2026.04.23	00:07:46.880		0.59137			4
2026.04.23	00:07:47.486		0.59132			4
2026.04.23	00:07:47.788	0.59056	0.59142			6
2026.04.23	00:07:51.037	0.59055				2
2026.04.23	00:07:52.185	0.59056	0.59138			6
2026.04.23	00:08:00.242	0.59056				2
2026.04.23	00:08:10.585		0.59140			4
2026.04.23	00:08:17.485	0.59055				2
2026.04.23	00:08:18.636	0.59056				2
2026.04.23	00:08:34.736	0.59055				2
2026.04.23	00:08:37.043		0.59139			4
2026.04.23	00:08:37.343		0.59140			4
2026.04.23	00:08:38.185		0.59139			4
2026.04.23	00:08:38.485		0.59140			4
2026.04.23	00:08:39.649		0.59139			4
2026.04.23	00:09:00.047	0.59055				2
2026.04.23	00:09:33.687		0.59140			4
2026.04.23	00:09:34.541		0.59138			4
2026.04.23	00:09:34.841		0.59140			4
2026.04.23	00:09:36.835		0.59139			4
2026.04.23	00:09:41.435		0.59134			4
2026.04.23	00:09:44.887		0.59135			4
2026.04.23	00:09:46.039		0.59133			4
2026.04.23	00:09:46.340		0.59138			4
2026.04.23	00:09:48.348		0.59134			4
2026.04.23	00:09:48.648		0.59138			4
2026.04.23	00:09:49.485		0.59133			4
2026.04.23	00:09:49.785		0.59138			4
2026.04.23	00:09:50.641		0.59134			4
2026.04.23	00:09:50.948		0.59138			4
2026.04.23	00:09:51.785		0.59135			4
2026.04.23	00:09:52.937		0.59138			4
2026.04.23	00:09:54.084		0.59134			4
2026.04.23	00:09:54.384		0.59138			4
2026.04.23	00:09:56.385		0.59135			4
2026.04.23	00:09:56.685		0.59138			4
2026.04.23	00:09:57.535		0.59134			4
2026.04.23	00:09:57.836		0.59138			4
2026.04.23	00:09:58.685		0.59135			4
2026.04.23	00:09:59.842		0.59133			4
2026.04.23	00:10:00.142	0.59054	0.59149			6
2026.04.23	00:10:00.742	0.59049	0.59127			6
2026.04.23	00:10:01.044	0.59054	0.59149			6
2026.04.23	00:10:01.947	0.59048	0.59122			6
2026.04.23	00:10:02.248	0.59054	0.59149			6
2026.04.23	00:10:03.150	0.59050	0.59129			6
2026.04.23	00:10:03.450	0.59054	0.59149			6
2026.04.23	00:10:04.354		0.59129			4
2026.04.23	00:10:04.653		0.59149			4
2026.04.23	00:10:06.459	0.59049	0.59127			6
2026.04.23	00:10:06.759	0.59054	0.59149			6
2026.04.23	00:10:07.662	0.59049	0.59127			6
2026.04.23	00:10:07.962	0.59054	0.59149			6
2026.04.23	00:10:08.865	0.59048	0.59122			6
2026.04.23	00:10:09.164	0.59054	0.59149			6
2026.04.23	00:10:10.066		0.59120			4
2026.04.23	00:10:10.366		0.59149			4
2026.04.23	00:10:11.266		0.59122			4
2026.04.23	00:10:11.567	0.59048	0.59149			6
2026.04.23	00:10:12.468	0.59040	0.59141			6
2026.04.23	00:10:12.769	0.59048	0.59149			6
2026.04.23	00:10:14.573		0.59122			4
2026.04.23	00:10:14.873		0.59149			4
2026.04.23	00:10:15.785	0.59047	0.59121			6
2026.04.23	00:10:16.087	0.59048	0.59149			6
2026.04.23	00:10:16.991		0.59122			4
2026.04.23	00:10:17.292		0.59149			4
2026.04.23	00:10:18.193		0.59122			4
2026.04.23	00:10:18.495		0.59149			4
2026.04.23	00:10:19.396	0.59040	0.59141			6
2026.04.23	00:10:19.695	0.59048	0.59149			6
2026.04.23	00:10:21.499		0.59122			4
2026.04.23	00:10:21.800		0.59149			4
2026.04.23	00:10:22.702	0.59047	0.59121			6
2026.04.23	00:10:23.004	0.59048	0.59149			6
2026.04.23	00:10:23.904	0.59047	0.59121			6
2026.04.23	00:10:24.204	0.59048	0.59149			6
2026.04.23	00:10:25.108		0.59122			4
2026.04.23	00:10:25.408		0.59149			4
2026.04.23	00:10:28.422		0.59122			4
2026.04.23	00:10:28.722		0.59149			4
2026.04.23	00:10:29.625		0.59122			4
2026.04.23	00:10:29.923		0.59149			4
2026.04.23	00:10:30.830		0.59122			4
2026.04.23	00:10:31.131		0.59149			4
2026.04.23	00:10:32.031	0.59047	0.59148			6
2026.04.23	00:10:32.331	0.59048	0.59149			6
2026.04.23	00:10:34.136		0.59122			4
2026.04.23	00:10:34.436		0.59149			4
2026.04.23	00:10:35.340		0.59125			4
2026.04.23	00:10:35.640		0.59149			4
2026.04.23	00:10:36.546	0.59040	0.59141			6
2026.04.23	00:10:36.847	0.59048	0.59149			6
2026.04.23	00:10:37.749		0.59122			4
2026.04.23	00:10:38.049		0.59149			4
2026.04.23	00:10:53.998	0.59054				2
2026.04.23	00:11:00.024	0.59054				2
2026.04.23	00:11:32.828	0.59053				2
2026.04.23	00:11:37.945		0.59147			4
2026.04.23	00:11:54.490		0.59142			4
2026.04.23	00:11:54.793		0.59139			4
2026.04.23	00:12:00.206	0.59053				2
2026.04.23	00:12:20.974		0.59140			4
2026.04.23	00:12:27.901	0.59052				2
2026.04.23	00:13:00.105	0.59052				2
2026.04.23	00:13:20.872		0.59138			4
2026.04.23	00:13:22.978	0.59050				2
2026.04.23	00:13:25.687		0.59136			4
2026.04.23	00:13:55.777		0.59141			4
2026.04.23	00:14:00.291	0.59050				2
2026.04.23	00:14:08.405		0.59144			4
2026.04.23	00:15:00.167	0.59050				2
2026.04.23	00:15:04.075	0.59052				2
2026.04.23	00:15:08.587		0.59144			4
2026.04.23	00:15:09.792	0.59051				2
2026.04.23	00:15:14.005	0.59053				2
2026.04.23	00:15:16.423	0.59054	0.59145			6
2026.04.23	00:15:23.648	0.59055				2
2026.04.23	00:15:37.495		0.59146			4
2026.04.23	00:15:45.029	0.59056				2
2026.04.23	00:15:59.789	0.59057				2
2026.04.23	00:16:00.092	0.59057				2
2026.04.23	00:16:07.014	0.59055				2
2026.04.23	00:16:07.314	0.59054				2
2026.04.23	00:16:08.220	0.59056				2
2026.04.23	00:16:14.534	0.59054	0.59145			6
2026.04.23	00:16:36.202	0.59055				2
2026.04.23	00:16:44.930		0.59146			4
2026.04.23	00:17:00.285	0.59055				2
2026.04.23	00:17:03.592	0.59057				2
2026.04.23	00:17:03.893	0.59056				2
2026.04.23	00:17:06.898	0.59055				2
2026.04.23	00:17:16.230	0.59056				2
2026.04.23	00:17:29.472	0.59055				2
2026.04.23	00:17:29.773	0.59056				2
2026.04.23	00:17:30.984	0.59060	0.59149			6
2026.04.23	00:17:38.805	0.59059	0.59148			6
2026.04.23	00:17:40.010	0.59064	0.59153			6
2026.04.23	00:17:40.912		0.59151			4
2026.04.23	00:17:50.236	0.59065	0.59143			6
2026.04.23	00:17:52.344	0.59063				2
2026.04.23	00:17:52.645	0.59065	0.59144			6
2026.04.23	00:17:53.549		0.59143			4
2026.04.23	00:17:54.449	0.59064				2
2026.04.23	00:17:56.860	0.59063				2
2026.04.23	00:17:58.065		0.59142			4
2026.04.23	00:17:58.366	0.59062				2
2026.04.23	00:18:00.166	0.59062				2
2026.04.23	00:18:00.466		0.59141			4
2026.04.23	00:18:09.204	0.59063	0.59145			6
2026.04.23	00:18:13.428	0.59062				2
2026.04.23	00:18:13.729	0.59063				2
2026.04.23	00:18:14.028	0.59062				2
2026.04.23	00:18:18.240	0.59063				2
2026.04.23	00:18:18.842		0.59146			4
2026.04.23	00:18:23.959	0.59062	0.59145			6
2026.04.23	00:18:24.865	0.59063				2
2026.04.23	00:18:26.966	0.59062				2
2026.04.23	00:18:29.073	0.59063				2
2026.04.23	00:18:33.887	0.59062				2
2026.04.23	00:18:41.111	0.59063	0.59144			6
2026.04.23	00:18:44.125	0.59062	0.59143			6
2026.04.23	00:18:46.536	0.59063	0.59144			6
2026.04.23	00:18:48.944	0.59062	0.59143			6
2026.04.23	00:18:53.756	0.59063	0.59144			6
2026.04.23	00:18:57.063	0.59062	0.59143			6
2026.04.23	00:19:00.069	0.59062				2
2026.04.23	00:19:01.271	0.59063	0.59144			6
2026.04.23	00:19:03.976	0.59062	0.59143			6
2026.04.23	00:19:25.059	0.59072	0.59105			6
2026.04.23	00:19:25.958	0.59073	0.59103			6
2026.04.23	00:19:26.859	0.59070	0.59100			6
2026.04.23	00:19:27.765	0.59054	0.59094			6
2026.04.23	00:19:28.667	0.59055	0.59093			6
2026.04.23	00:19:32.881	0.59050	0.59087			6
2026.04.23	00:19:33.783	0.59051	0.59086			6
2026.04.23	00:19:39.497	0.59059	0.59090			6
2026.04.23	00:19:50.631	0.59057				2
2026.04.23	00:20:00.255	0.59057				2
2026.04.23	00:20:00.555	0.59051				2
2026.04.23	00:20:15.226	0.59053				2
2026.04.23	00:20:28.128	0.59054				2
2026.04.23	00:20:40.128		0.59090			4
2026.04.23	00:20:50.328	0.59053				2
2026.04.23	00:20:56.928	0.59054				2
2026.04.23	00:20:58.429	0.59056				2
2026.04.23	00:21:00.231	0.59056				2
2026.04.23	00:21:40.257		0.59090			4
2026.04.23	00:21:44.164		0.59086			4
2026.04.23	00:21:50.177	0.59054	0.59089			6
2026.04.23	00:21:50.477	0.59053				2
2026.04.23	00:21:52.593		0.59086			4
2026.04.23	00:21:54.395	0.59054				2
2026.04.23	00:22:00.103	0.59054				2
2026.04.23	00:22:16.661	0.59055				2
2026.04.23	00:22:50.094	0.59054				2
2026.04.23	00:22:52.803		0.59086			4
2026.04.23	00:23:00.033	0.59054				2
2026.04.23	00:23:01.240	0.59055				2
2026.04.23	00:23:53.007		0.59086			4
2026.04.23	00:24:00.250	0.59055				2
2026.04.23	00:24:08.973	0.59053	0.59087			6
2026.04.23	00:25:00.154	0.59053				2
2026.04.23	00:25:09.183		0.59087			4
2026.04.23	00:26:00.050	0.59053				2
2026.04.23	00:26:09.369		0.59087			4
2026.04.23	00:27:00.258	0.59053				2
2026.04.23	00:27:09.582		0.59087			4
2026.04.23	00:28:00.153	0.59053				2
2026.04.23	00:28:09.779		0.59087			4
2026.04.23	00:28:29.334	0.59054				2
2026.04.23	00:29:00.035	0.59054				2
2026.04.23	00:29:02.145		0.59088			4
2026.04.23	00:30:00.237	0.59054				2
2026.04.23	00:30:00.537	0.59057				2
2026.04.23	00:30:00.837	0.59051				2
2026.04.23	00:30:02.342		0.59088			4
2026.04.23	00:30:05.051	0.59052				2
2026.04.23	00:30:07.457	0.59050	0.59086			6
2026.04.23	00:30:07.757	0.59051				2
2026.04.23	00:30:22.788		0.59088			4
2026.04.23	00:30:24.594	0.59052				2
2026.04.23	00:30:30.317	0.59051				2
2026.04.23	00:30:41.460	0.59052				2
2026.04.23	00:30:44.766	0.59049	0.59083			6
2026.04.23	00:30:50.193		0.59081			4
2026.04.23	00:30:52.728		0.59080			4
2026.04.23	00:30:57.963		0.59081			4
2026.04.23	00:30:59.165		0.59080			4
2026.04.23	00:31:00.215	0.59049	0.59081			6
2026.04.23	00:32:00.132	0.59049				2
2026.04.23	00:32:00.430		0.59081			4
2026.04.23	00:32:05.250		0.59080			4
2026.04.23	00:32:08.800	0.59050	0.59079			6
2026.04.23	00:32:14.394	0.59049				2
2026.04.23	00:32:14.695		0.59081			4
2026.04.23	00:32:33.952		0.59080			4
2026.04.23	00:32:51.500		0.59082			4
2026.04.23	00:33:00.236	0.59049				2
2026.04.23	00:33:39.064		0.59081			4
2026.04.23	00:33:47.191		0.59082			4
2026.04.23	00:33:54.122	0.59050	0.59079			6
2026.04.23	00:33:59.467	0.59049				2
2026.04.23	00:33:59.767		0.59081			4
2026.04.23	00:34:00.070	0.59049				2
2026.04.23	00:34:00.370		0.59082			4
2026.04.23	00:34:00.971		0.59078			4
2026.04.23	00:34:02.473		0.59079			4
2026.04.23	00:34:02.773		0.59080			4
2026.04.23	00:34:23.856		0.59082			4
2026.04.23	00:34:25.359		0.59081			4
2026.04.23	00:34:30.775		0.59082			4
2026.04.23	00:35:00.280	0.59049				2
2026.04.23	00:35:06.596		0.59081			4
2026.04.23	00:35:09.307		0.59082			4
2026.04.23	00:35:13.830		0.59081			4
2026.04.23	00:35:30.073		0.59080			4
2026.04.23	00:35:35.602		0.59081			4
2026.04.23	00:35:35.903		0.59078			4
2026.04.23	00:35:38.606		0.59079			4
2026.04.23	00:35:39.208	0.59051	0.59078			6
2026.04.23	00:35:46.428	0.59050	0.59079			6
2026.04.23	00:35:49.127	0.59051				2
2026.04.23	00:35:49.428		0.59078			4
2026.04.23	00:35:50.245	0.59052	0.59081			6
2026.04.23	00:35:50.546	0.59050	0.59082			6
2026.04.23	00:35:51.529	0.59051				2
2026.04.23	00:35:54.373		0.59081			4
2026.04.23	00:36:00.085	0.59051				2
2026.04.23	00:36:01.294	0.59050	0.59080			6
2026.04.23	00:36:07.304	0.59051				2
2026.04.23	00:36:09.108	0.59049	0.59076			6
2026.04.23	00:36:09.412	0.59033	0.59063			6
2026.04.23	00:36:14.698	0.59028	0.59067			6
2026.04.23	00:36:15.001	0.59027	0.59069			6
2026.04.23	00:36:16.416		0.59068			4
2026.04.23	00:36:17.035	0.59026	0.59069			6
2026.04.23	00:36:17.336		0.59070			4
2026.04.23	00:36:19.556	0.59027	0.59068			6
2026.04.23	00:36:22.128		0.59069			4
2026.04.23	00:36:25.128	0.59028				2
2026.04.23	00:36:25.429		0.59068			4
2026.04.23	00:36:27.451	0.59026	0.59070			6
2026.04.23	00:36:27.752		0.59069			4
2026.04.23	00:36:28.054		0.59070			4
2026.04.23	00:36:28.657	0.59025	0.59071			6
2026.04.23	00:36:31.428		0.59070			4
2026.04.23	00:36:32.132	0.59028	0.59067			6
2026.04.23	00:36:32.433	0.59026	0.59070			6
2026.04.23	00:36:37.451	0.59025				2
2026.04.23	00:36:38.903		0.59071			4
2026.04.23	00:36:44.329	0.59024				2
2026.04.23	00:36:46.727	0.59025				2
2026.04.23	00:36:51.764	0.58999				2
2026.04.23	00:36:52.064	0.58993	0.59072			6
2026.04.23	00:36:52.965	0.58995	0.59071			6
2026.04.23	00:36:53.265		0.59072			4
2026.04.23	00:37:00.180	0.58995				2
2026.04.23	00:37:02.890	0.58994				2
2026.04.23	00:37:03.192		0.59071			4
2026.04.23	00:37:09.204	0.58992	0.59072			6
2026.04.23	00:37:09.510	0.59003				2
2026.04.23	00:37:19.757	0.59023	0.59073			6
2026.04.23	00:37:24.112	0.58990	0.59071			6
2026.04.23	00:37:31.048		0.59072			4
2026.04.23	00:37:32.855	0.58998				2
2026.04.23	00:37:33.758		0.59070			4
2026.04.23	00:37:37.067	0.59003				2
2026.04.23	00:37:37.369	0.58997	0.59071			6
2026.04.23	00:37:40.978	0.58996	0.59074			6
2026.04.23	00:37:41.278	0.59006	0.59071			6
2026.04.23	00:37:41.583		0.59072			4
2026.04.23	00:37:53.120	0.58988	0.59071			6
2026.04.23	00:37:53.420	0.59000	0.59072			6
2026.04.23	00:37:53.722	0.59003				2
2026.04.23	00:38:00.049	0.59003				2
2026.04.23	00:38:03.662		0.59070			4
2026.04.23	00:38:03.962	0.58999	0.59072			6
2026.04.23	00:38:04.263	0.59005	0.59073			6
2026.04.23	00:38:08.167	0.59000				2
2026.04.23	00:38:08.769		0.59069			4
2026.04.23	00:38:10.573		0.59072			4
2026.04.23	00:38:12.378	0.59005				2
2026.04.23	00:38:12.681	0.59008				2
2026.04.23	00:38:22.620	0.58999				2
2026.04.23	00:38:24.125	0.59023				2
2026.04.23	00:38:24.424		0.59073			4
2026.04.23	00:38:24.725	0.59025	0.59070			6
2026.04.23	00:38:25.728		0.59071			4
2026.04.23	00:38:28.247		0.59067			4
2026.04.23	00:38:31.257	0.59023	0.59072			6
2026.04.23	00:38:31.557	0.59022	0.59073			6
2026.04.23	00:38:31.857		0.59074			4
2026.04.23	00:38:32.460		0.59070			4
2026.04.23	00:38:33.961	0.59023				2
2026.04.23	00:38:42.679		0.59072			4
2026.04.23	00:38:46.293	0.59022				2
2026.04.23	00:38:54.728	0.59024	0.59071			6
2026.04.23	00:38:55.028	0.59025				2
2026.04.23	00:38:56.629		0.59070			4
2026.04.23	00:38:57.475	0.59024	0.59071			6
2026.04.23	00:38:57.778	0.59023				2
2026.04.23	00:38:59.282	0.59022				2
2026.04.23	00:39:00.185	0.59023				2
2026.04.23	00:39:07.401	0.59018	0.59060			6
2026.04.23	00:39:07.701	0.58987	0.59054			6
2026.04.23	00:39:08.002	0.58983	0.59055			6
2026.04.23	00:39:08.302		0.59053			4
2026.04.23	00:39:08.603	0.58985	0.59049			6
2026.04.23	00:39:08.904	0.58993	0.59046			6
2026.04.23	00:39:09.204	0.58989	0.59047			6
2026.04.23	00:39:09.504	0.58992	0.59043			6
2026.04.23	00:39:10.106	0.58989	0.59047			6
2026.04.23	00:39:11.694	0.58988	0.59048			6
2026.04.23	00:39:11.995	0.58987	0.59049			6
2026.04.23	00:39:13.727		0.59048			4
2026.04.23	00:39:14.420	0.58988				2
2026.04.23	00:39:14.724	0.58989	0.59047			6
2026.04.23	00:39:15.822	0.58991	0.59045			6
2026.04.23	00:39:17.394	0.58993	0.59043			6
2026.04.23	00:39:17.695	0.58991	0.59045			6
2026.04.23	00:39:18.463		0.59044			4
2026.04.23	00:39:19.285	0.58992	0.59043			6
2026.04.23	00:39:19.585		0.59044			4
2026.04.23	00:39:19.886	0.58994	0.59042			6
2026.04.23	00:39:20.186	0.58993				2
2026.04.23	00:39:20.488	0.58991	0.59044			6
2026.04.23	00:39:21.375	0.58990	0.59045			6
2026.04.23	00:39:21.676	0.58989	0.59046			6
2026.04.23	00:39:22.279	0.58978	0.59041			6
2026.04.23	00:39:22.579	0.58979	0.59039			6
2026.04.23	00:39:24.361	0.58978				2
2026.04.23	00:39:24.664	0.58982	0.59036			6
2026.04.23	00:39:24.963	0.58978	0.59039			6
2026.04.23	00:39:25.868		0.59041			4
2026.04.23	00:39:31.888		0.59042			4
2026.04.23	00:39:36.103		0.59041			4
2026.04.23	00:39:51.598	0.58979	0.59040			6
2026.04.23	00:39:52.776	0.58978	0.59041			6
2026.04.23	00:39:54.484	0.58997	0.59042			6
2026.04.23	00:39:58.930	0.59003	0.59047			6
2026.04.23	00:39:59.233		0.59052			4
2026.04.23	00:39:59.834		0.59053			4
2026.04.23	00:40:00.135	0.59003				2
2026.04.23	00:40:01.336	0.59022				2
2026.04.23	00:40:01.637	0.59023	0.59056			6
2026.04.23	00:40:01.937	0.59024	0.59057			6
2026.04.23	00:40:03.140	0.59025				2
2026.04.23	00:40:10.056	0.59026				2
2026.04.23	00:40:10.357	0.59028				2
2026.04.23	00:40:13.359	0.59029				2
2026.04.23	00:40:22.674		0.59058			4
2026.04.23	00:40:30.202	0.59028				2
2026.04.23	00:40:36.227	0.59027				2
2026.04.23	00:41:00.290	0.59027				2
2026.04.23	00:41:01.494		0.59057			4
2026.04.23	00:41:06.011	0.59026				2
2026.04.23	00:41:18.050	0.59027				2
2026.04.23	00:41:23.165	0.59026				2
2026.04.23	00:42:00.173	0.59026				2
2026.04.23	00:42:01.073	0.59027				2
2026.04.23	00:42:01.673		0.59057			4
2026.04.23	00:42:07.084	0.59026				2
2026.04.23	00:42:30.858	0.59024				2
2026.04.23	00:42:45.007	0.59023				2
2026.04.23	00:42:47.420	0.59024				2
2026.04.23	00:43:00.072	0.59024				2
2026.04.23	00:43:01.883		0.59057			4
2026.04.23	00:43:03.986	0.59032	0.59117			6
2026.04.23	00:43:04.286	0.59028	0.59107			6
2026.04.23	00:43:04.587	0.59027				2
2026.04.23	00:43:05.194	0.59029				2
2026.04.23	00:43:06.395	0.59034				2
2026.04.23	00:43:08.496	0.59039				2
2026.04.23	00:43:08.796	0.59038				2
2026.04.23	00:43:09.698	0.59035				2
2026.04.23	00:43:13.005	0.59030				2
2026.04.23	00:43:13.306	0.59031				2
2026.04.23	00:43:19.632	0.59032				2
2026.04.23	00:43:19.933	0.59031				2
2026.04.23	00:43:26.557	0.59030				2
2026.04.23	00:43:30.167	0.59031				2
2026.04.23	00:43:30.470	0.59019				2
2026.04.23	00:43:30.771	0.59020				2
2026.04.23	00:43:32.573	0.59024				2
2026.04.23	00:43:33.479	0.59028				2
2026.04.23	00:43:36.187	0.59030				2
2026.04.23	00:43:37.388	0.59032				2
2026.04.23	00:43:38.594	0.59030				2
2026.04.23	00:43:38.894	0.59033				2
2026.04.23	00:43:39.194	0.59031				2
2026.04.23	00:43:39.494	0.59032				2
2026.04.23	00:43:42.204	0.59040				2
2026.04.23	00:43:48.520	0.59039				2
2026.04.23	00:43:48.821	0.59042				2
2026.04.23	00:43:49.123	0.59039				2
2026.04.23	00:43:54.231	0.59040				2
2026.04.23	00:43:58.448	0.59039				2
2026.04.23	00:43:59.648	0.59040				2
2026.04.23	00:44:00.253	0.59040				2
2026.04.23	00:44:00.557	0.59039				2
2026.04.23	00:44:03.263	0.59040				2
2026.04.23	00:44:04.465		0.59108			4
2026.04.23	00:44:05.365		0.59106			4
2026.04.23	00:44:10.184	0.59039				2
2026.04.23	00:44:10.484	0.59040				2
2026.04.23	00:44:20.427	0.59039				2
2026.04.23	00:44:23.131	0.59040				2
2026.04.23	00:44:23.732	0.59039				2
2026.04.23	00:44:33.674	0.59037				2
2026.04.23	00:44:33.981	0.59038				2
2026.04.23	00:44:38.794	0.59039				2
2026.04.23	00:44:46.616	0.59038				2
2026.04.23	00:44:50.528	0.59039				2
2026.04.23	00:44:56.552	0.59038				2
2026.04.23	00:44:57.158	0.59040				2
2026.04.23	00:45:00.167	0.59040				2
2026.04.23	00:45:00.771	0.59038				2
2026.04.23	00:45:01.071	0.59040				2
2026.04.23	00:45:01.371	0.59038				2
2026.04.23	00:45:01.672	0.59040				2
2026.04.23	00:45:01.973	0.59039				2
2026.04.23	00:45:02.272	0.59033				2
2026.04.23	00:45:03.778	0.59032				2
2026.04.23	00:45:04.985	0.59039				2
2026.04.23	00:45:05.587		0.59106			4
2026.04.23	00:45:11.604	0.59038				2
2026.04.23	00:45:30.269	0.59037				2
2026.04.23	00:45:30.871	0.59038				2
2026.04.23	00:45:31.772	0.59034				2
2026.04.23	00:45:40.202	0.59038				2
2026.04.23	00:45:40.501	0.59037				2
2026.04.23	00:45:41.102	0.59036				2
2026.04.23	00:45:50.135	0.59037				2
2026.04.23	00:45:50.436	0.59036				2
2026.04.23	00:45:50.736	0.59034				2
2026.04.23	00:45:51.036	0.59036				2
2026.04.23	00:45:51.941	0.59037				2
2026.04.23	00:45:52.543	0.59039				2
2026.04.23	00:45:52.844	0.59038				2
2026.04.23	00:45:59.158	0.59039				2
2026.04.23	00:46:00.062	0.59039				2
2026.04.23	00:46:05.475		0.59107			4
2026.04.23	00:46:07.280	0.59038				2
2026.04.23	00:46:09.385	0.59036				2
2026.04.23	00:46:09.687	0.59038				2
2026.04.23	00:46:24.132	0.59043				2
2026.04.23	00:46:24.431	0.59052	0.59111			6
2026.04.23	00:46:25.981	0.59048				2
2026.04.23	00:46:26.283	0.59049				2
2026.04.23	00:46:26.585	0.59045				2
2026.04.23	00:46:27.880	0.59046				2
2026.04.23	00:46:28.182	0.59045				2
2026.04.23	00:46:34.118	0.59048				2
2026.04.23	00:46:44.056	0.59049				2
2026.04.23	00:46:48.484	0.59048				2
2026.04.23	00:46:53.327	0.59049				2
2026.04.23	00:47:00.103	0.59048				2
2026.04.23	00:47:02.142		0.59114			4
2026.04.23	00:47:02.442	0.59041				2
2026.04.23	00:47:04.248	0.59042				2
2026.04.23	00:47:04.548	0.59041				2
2026.04.23	00:47:04.849	0.59046	0.59111			6
2026.04.23	00:47:08.230	0.59052	0.59119			6
2026.04.23	00:47:08.532	0.59053				2
2026.04.23	00:47:14.112	0.59055				2
2026.04.23	00:47:14.412	0.59059				2
2026.04.23	00:47:17.526	0.59055				2
2026.04.23	00:47:17.828	0.59050				2
2026.04.23	00:47:18.128	0.59048				2
2026.04.23	00:47:22.128	0.59049				2
2026.04.23	00:47:24.415	0.59050				2
2026.04.23	00:47:29.820	0.59051				2
2026.04.23	00:47:30.423	0.59049				2
2026.04.23	00:47:44.318	0.59050				2
2026.04.23	00:47:47.897	0.59056				2
2026.04.23	00:48:00.227	0.59056				2
2026.04.23	00:48:09.744		0.59119			4
2026.04.23	00:48:11.045	0.59058				2
2026.04.23	00:48:12.865	0.59056				2
2026.04.23	00:48:25.730	0.59057				2
2026.04.23	00:48:27.171		0.59118			4
2026.04.23	00:48:28.074	0.59056	0.59114			6
2026.04.23	00:48:32.889	0.59057				2
2026.04.23	00:48:33.794	0.59056				2
2026.04.23	00:48:42.897	0.59055				2
2026.04.23	00:48:43.198	0.59054				2
2026.04.23	00:48:43.801	0.59057				2
2026.04.23	00:48:44.101	0.59055				2
2026.04.23	00:48:44.403	0.59056				2
2026.04.23	00:48:45.304	0.59055				2
2026.04.23	00:48:45.604	0.59056				2
2026.04.23	00:48:45.908	0.59055				2
2026.04.23	00:48:47.113	0.59056				2
2026.04.23	00:48:47.867	0.59055				2
2026.04.23	00:48:49.622	0.59057				2
2026.04.23	00:48:49.922	0.59056				2
2026.04.23	00:48:50.523	0.59058				2
2026.04.23	00:48:50.824	0.59057				2
2026.04.23	00:48:51.124	0.59058				2
2026.04.23	00:48:51.425	0.59057				2
2026.04.23	00:48:52.629	0.59056				2
2026.04.23	00:48:57.002	0.59055				2
2026.04.23	00:48:59.919	0.59056				2
2026.04.23	00:49:00.221	0.59055				2
2026.04.23	00:49:00.522	0.59056				2
2026.04.23	00:49:01.122	0.59057				2
2026.04.23	00:49:02.022	0.59056				2
2026.04.23	00:49:02.324	0.59057				2
2026.04.23	00:49:03.227	0.59056				2
2026.04.23	00:49:03.529	0.59057				2
2026.04.23	00:49:03.830	0.59058				2
2026.04.23	00:49:04.129	0.59057				2
2026.04.23	00:49:04.730	0.59056				2
2026.04.23	00:49:05.030	0.59057				2
2026.04.23	00:49:05.932	0.59055				2
2026.04.23	00:49:06.233	0.59056				2
2026.04.23	00:49:06.833	0.59055				2
2026.04.23	00:49:13.603	0.59054				2
2026.04.23	00:49:14.204	0.59056				2
2026.04.23	00:49:15.105	0.59055				2
2026.04.23	00:49:15.404	0.59056				2
2026.04.23	00:49:15.862	0.59055				2
2026.04.23	00:49:19.718	0.59056				2
2026.04.23	00:49:20.020	0.59057				2
2026.04.23	00:49:20.321	0.59053				2
2026.04.23	00:49:20.622	0.59054				2
2026.04.23	00:49:26.675	0.59055				2
2026.04.23	00:49:27.520	0.59054				2
2026.04.23	00:49:28.120		0.59114			4
2026.04.23	00:49:28.802	0.59055				2
2026.04.23	00:49:29.102	0.59054				2
2026.04.23	00:49:36.227	0.59055				2
2026.04.23	00:49:37.898	0.59056				2
2026.04.23	00:49:50.209	0.59057				2
2026.04.23	00:49:52.901	0.59056				2
2026.04.23	00:50:00.235	0.59056				2
2026.04.23	00:50:02.037	0.59057				2
2026.04.23	00:50:07.670	0.59056				2
2026.04.23	00:50:28.255		0.59117			4
2026.04.23	00:50:37.274	0.59057				2
2026.04.23	00:50:37.574	0.59056				2
2026.04.23	00:50:39.075	0.59057				2
2026.04.23	00:50:39.375	0.59056				2
2026.04.23	00:50:40.577	0.59058				2
2026.04.23	00:50:40.877	0.59057				2
2026.04.23	00:50:41.778	0.59058				2
2026.04.23	00:50:42.078	0.59057				2
2026.04.23	00:50:45.082	0.59056				2
2026.04.23	00:51:00.133	0.59056				2
2026.04.23	00:51:25.109	0.59057				2
2026.04.23	00:51:25.409	0.59056				2
2026.04.23	00:51:27.517	0.59057				2
2026.04.23	00:51:27.819	0.59056				2
2026.04.23	00:51:28.419		0.59117			4
2026.04.23	00:51:49.179	0.59057				2
2026.04.23	00:51:49.479	0.59058				2
2026.04.23	00:51:49.780	0.59056				2
2026.04.23	00:52:00.018	0.59056				2
2026.04.23	00:52:28.606		0.59117			4
2026.04.23	00:52:41.251	0.59057				2
2026.04.23	00:52:47.265	0.59056				2
2026.04.23	00:53:00.193	0.59056				2
2026.04.23	00:53:19.765	0.59057				2
2026.04.23	00:53:20.065	0.59056				2
2026.04.23	00:53:20.365	0.59057				2
2026.04.23	00:53:20.666	0.59056				2
2026.04.23	00:53:21.266	0.59057				2
2026.04.23	00:53:22.472	0.59056				2
2026.04.23	00:53:22.773	0.59057				2
2026.04.23	00:53:23.075	0.59056				2
2026.04.23	00:53:27.894	0.59057				2
2026.04.23	00:53:28.195	0.59056				2
2026.04.23	00:53:28.795		0.59117			4
2026.04.23	00:53:29.095	0.59057				2
2026.04.23	00:53:29.997	0.59058				2
2026.04.23	00:53:30.605	0.59057				2
2026.04.23	00:53:32.412	0.59059				2
2026.04.23	00:53:32.712	0.59058				2
2026.04.23	00:53:33.316	0.59057				2
2026.04.23	00:53:33.616	0.59056				2
2026.04.23	00:53:40.241	0.59057				2
2026.04.23	00:53:40.541	0.59056				2
2026.04.23	00:53:40.843	0.59058				2
2026.04.23	00:53:41.144	0.59057				2
2026.04.23	00:53:41.444	0.59056				2
2026.04.23	00:53:41.744	0.59057				2
2026.04.23	00:53:44.453	0.59056				2
2026.04.23	00:54:00.098	0.59056				2
2026.04.23	00:54:28.996		0.59117			4
2026.04.23	00:55:00.003	0.59056				2
2026.04.23	00:55:13.187	0.59061	0.59080			6
2026.04.23	00:55:14.811	0.59062	0.59082			6
2026.04.23	00:55:15.698	0.59059	0.59079			6
2026.04.23	00:55:16.300	0.59057	0.59078			6
2026.04.23	00:55:17.501	0.59059	0.59079			6
2026.04.23	00:55:19.911	0.59056	0.59093			6
2026.04.23	00:55:21.115	0.59061	0.59081			6
2026.04.23	00:55:21.718	0.59063	0.59083			6
2026.04.23	00:55:26.231	0.59062	0.59081			6
2026.04.23	00:55:29.850	0.59058	0.59079			6
2026.04.23	00:55:31.652	0.59061	0.59080			6
2026.04.23	00:55:31.950	0.59057				2
2026.04.23	00:55:36.463	0.59058	0.59081			6
2026.04.23	00:55:41.872	0.59059	0.59079			6
2026.04.23	00:55:44.280	0.59061	0.59081			6
2026.04.23	00:55:44.580	0.59060				2
2026.04.23	00:55:44.878		0.59080			4
2026.04.23	00:55:46.694	0.59062	0.59082			6
2026.04.23	00:55:49.397	0.59060	0.59080			6
2026.04.23	00:55:50.003	0.59056	0.59093			6
2026.04.23	00:55:50.606	0.59060	0.59081			6
2026.04.23	00:55:56.329	0.59056	0.59093			6
2026.04.23	00:56:00.245	0.59056				2
2026.04.23	00:56:09.871		0.59078			4
2026.04.23	00:56:11.675	0.59057				2
2026.04.23	00:56:18.002	0.59056				2
2026.04.23	00:56:19.808	0.59063	0.59082			6
2026.04.23	00:56:20.407	0.59064	0.59083			6
2026.04.23	00:56:44.177	0.59062	0.59081			6
2026.04.23	00:56:44.776	0.59063	0.59082			6
2026.04.23	00:56:48.390	0.59064	0.59083			6
2026.04.23	00:56:59.218	0.59062	0.59082			6
2026.04.23	00:56:59.820	0.59057	0.59079			6
2026.04.23	00:57:00.122	0.59057				2
2026.04.23	00:57:01.334	0.59058	0.59080			6
2026.04.23	00:57:07.055	0.59048	0.59076			6
2026.04.23	00:57:07.658	0.59045	0.59075			6
2026.04.23	00:57:07.956	0.59047				2
2026.04.23	00:57:08.256		0.59073			4
2026.04.23	00:57:08.858	0.59046	0.59075			6
2026.04.23	00:57:09.158	0.59047	0.59073			6
2026.04.23	00:57:10.060	0.59046	0.59074			6
2026.04.23	00:57:16.079		0.59073			4
2026.04.23	00:57:16.381	0.59048	0.59074			6
2026.04.23	00:57:22.998		0.59073			4
2026.04.23	00:57:26.307	0.59045	0.59071			6
2026.04.23	00:57:27.508		0.59070			4
2026.04.23	00:57:28.109	0.59043	0.59074			6
2026.04.23	00:57:28.409	0.59045	0.59073			6
2026.04.23	00:57:29.919	0.59044	0.59072			6
2026.04.23	00:57:30.220	0.59048				2
2026.04.23	00:57:31.127	0.59040	0.59073			6
2026.04.23	00:57:31.421	0.59042	0.59070			6
2026.04.23	00:57:32.325	0.59043	0.59072			6
2026.04.23	00:57:33.227	0.59042	0.59070			6
2026.04.23	00:57:34.133	0.59044	0.59072			6
2026.04.23	00:57:35.332	0.59043	0.59073			6
2026.04.23	00:57:36.237	0.59045	0.59070			6
2026.04.23	00:57:36.537	0.59041	0.59071			6
2026.04.23	00:57:37.736	0.59046	0.59072			6
2026.04.23	00:57:38.641	0.59043				2
2026.04.23	00:57:39.245	0.59040	0.59073			6
2026.04.23	00:57:40.445	0.59046	0.59071			6
2026.04.23	00:57:47.066	0.59045	0.59070			6
2026.04.23	00:57:48.870	0.59038	0.59072			6
2026.04.23	00:57:49.170	0.59043				2
2026.04.23	00:57:49.472	0.59046				2
2026.04.23	00:57:50.376		0.59073			4
2026.04.23	00:57:51.877	0.59045				2
2026.04.23	00:57:54.597	0.59046	0.59076			6
2026.04.23	00:57:56.699	0.59044	0.59077			6
2026.04.23	00:57:57.901	0.59043				2
2026.04.23	00:58:00.013	0.59043				2
2026.04.23	00:58:01.525		0.59078			4
2026.04.23	00:58:09.645	0.59042	0.59075			6
2026.04.23	00:58:12.053	0.59041	0.59073			6
2026.04.23	00:58:14.755	0.59042	0.59071			6
2026.04.23	00:58:15.060	0.59043				2
2026.04.23	00:58:16.862	0.59042				2
2026.04.23	00:58:27.076	0.59043	0.59074			6
2026.04.23	00:58:27.982	0.59030	0.59088			6
2026.04.23	00:58:30.390	0.59031				2
2026.04.23	00:58:30.693	0.59030				2
2026.04.23	00:58:30.994	0.59028				2
2026.04.23	00:58:43.938	0.59027				2
2026.04.23	00:58:50.561	0.59025	0.59096			6
2026.04.23	00:58:51.759	0.59024				2
2026.04.23	00:58:52.064	0.59020				2
2026.04.23	00:58:52.360	0.59016	0.59083			6
2026.04.23	00:58:52.660	0.59017	0.59080			6
2026.04.23	00:58:52.968	0.59015	0.59081			6
2026.04.23	00:58:53.271	0.59014	0.59074			6
2026.04.23	00:58:53.869	0.59012	0.59071			6
2026.04.23	00:58:55.071		0.59070			4
2026.04.23	00:58:55.369		0.59068			4
2026.04.23	00:58:55.967		0.59070			4
2026.04.23	00:58:58.074		0.59071			4
2026.04.23	00:59:00.181	0.59011				2
2026.04.23	00:59:02.291	0.59005	0.59063			6
2026.04.23	00:59:02.588	0.59004	0.59065			6
2026.04.23	00:59:02.890		0.59060			4
2026.04.23	00:59:03.190		0.59062			4
2026.04.23	00:59:04.390	0.59003				2
2026.04.23	00:59:05.293	0.59007	0.59065			6
2026.04.23	00:59:05.592	0.59006	0.59089			6
2026.04.23	00:59:06.498		0.59060			4
2026.04.23	00:59:07.098	0.59007	0.59062			6
2026.04.23	00:59:08.300		0.59065			4
2026.04.23	00:59:10.101		0.59066			4
2026.04.23	00:59:12.508	0.59006				2
2026.04.23	00:59:12.806	0.59005	0.59091			6
2026.04.23	00:59:13.107	0.59000	0.59066			6
2026.04.23	00:59:13.405	0.59004	0.59061			6
2026.04.23	00:59:13.707		0.59090			4
2026.04.23	00:59:14.909		0.59062			4
2026.04.23	00:59:15.508		0.59061			4
2026.04.23	00:59:18.229		0.59065			4
2026.04.23	00:59:19.432		0.59064			4
2026.04.23	00:59:20.331		0.59069			4
2026.04.23	00:59:22.434	0.59003				2
2026.04.23	00:59:22.731		0.59063			4
2026.04.23	00:59:27.553		0.59070			4
2026.04.23	00:59:28.765		0.59067			4
2026.04.23	00:59:29.064	0.59002	0.59062			6
2026.04.23	00:59:29.966		0.59071			4
2026.04.23	00:59:33.576		0.59070			4
2026.04.23	00:59:34.476		0.59074			4
2026.04.23	00:59:35.078		0.59073			4
2026.04.23	00:59:39.904	0.59001				2
2026.04.23	00:59:45.021		0.59074			4
2026.04.23	00:59:48.033	0.59000				2
2026.04.23	00:59:48.334	0.58999	0.59078			6
2026.04.23	00:59:48.634	0.58997				2
2026.04.23	00:59:57.962	0.58996				2
2026.04.23	01:00:00.065	0.58996				2
2026.04.23	01:00:00.365	0.59005				2
2026.04.23	01:00:00.662	0.59008				2
2026.04.23	01:00:00.962	0.59013				2
2026.04.23	01:00:01.261	0.59016	0.59072			6
2026.04.23	01:00:01.865	0.59019	0.59078			6
2026.04.23	01:00:02.165	0.59024				2
2026.04.23	01:00:02.463	0.59017				2
2026.04.23	01:00:02.766	0.59016				2
2026.04.23	01:00:03.366	0.59007				2
2026.04.23	01:00:03.668	0.59023				2
2026.04.23	01:00:04.568	0.59024				2
2026.04.23	01:00:04.868		0.59098			4
2026.04.23	01:00:05.767	0.59011	0.59100			6
2026.04.23	01:00:06.068		0.59102			4
2026.04.23	01:00:06.371	0.59013				2
2026.04.23	01:00:06.669	0.59024				2
2026.04.23	01:00:07.274	0.59016				2
2026.04.23	01:00:07.874	0.59024				2
2026.04.23	01:00:10.275	0.59020				2
2026.04.23	01:00:10.875	0.59025				2
2026.04.23	01:00:14.778	0.59024				2
2026.04.23	01:00:15.677	0.59023				2
2026.04.23	01:00:16.278	0.59024				2
2026.04.23	01:00:16.878		0.59103			4
2026.04.23	01:00:18.382	0.59025				2
2026.04.23	01:00:20.185		0.59105			4
2026.04.23	01:00:21.390	0.59028	0.59103			6
2026.04.23	01:00:21.688	0.59030				2
2026.04.23	01:00:30.401		0.59102			4
2026.04.23	01:00:40.018	0.59036				2
2026.04.23	01:00:40.318		0.59101			4
2026.04.23	01:00:40.620		0.59094			4
2026.04.23	01:00:44.224		0.59095			4
2026.04.23	01:00:46.030		0.59092			4
2026.04.23	01:00:55.350		0.59094			4
2026.04.23	01:00:59.559	0.59041	0.59090			6
2026.04.23	01:00:59.859	0.59042	0.59084			6
2026.04.23	01:01:00.161	0.59042	0.59081			6
2026.04.23	01:01:00.460	0.59054				2
2026.04.23	01:01:00.761	0.59062				2
2026.04.23	01:01:07.664	0.59076	0.59084			6
2026.04.23	01:01:08.864		0.59085			4
2026.04.23	01:01:09.462	0.59045	0.59081			6
2026.04.23	01:01:14.270	0.59046				2
2026.04.23	01:01:15.170	0.59043				2
2026.04.23	01:01:22.078	0.59045				2
2026.04.23	01:01:33.799	0.59050	0.59088			6
2026.04.23	01:01:34.097		0.59089			4
2026.04.23	01:01:34.699		0.59091			4
2026.04.23	01:01:41.905		0.59098			4
2026.04.23	01:01:46.108		0.59097			4
2026.04.23	01:01:46.709	0.59052				2
2026.04.23	01:02:00.237	0.59052				2
2026.04.23	01:02:02.938		0.59096			4
2026.04.23	01:02:11.358	0.59053	0.59097			6
2026.04.23	01:02:11.657	0.59052				2
2026.04.23	01:02:11.961	0.59056				2
2026.04.23	01:02:12.563		0.59095			4
2026.04.23	01:02:12.862	0.59054				2
2026.04.23	01:02:13.764		0.59092			4
2026.04.23	01:02:14.060	0.59052				2
2026.04.23	01:02:16.159		0.59093			4
2026.04.23	01:02:17.366		0.59082			4
2026.04.23	01:02:17.662	0.59053	0.59072			6
2026.04.23	01:02:17.964	0.59052				2
2026.04.23	01:02:19.463	0.59050	0.59074			6
2026.04.23	01:02:24.269	0.59051	0.59073			6
2026.04.23	01:02:24.570	0.59050				2
2026.04.23	01:02:25.768	0.59052	0.59074			6
2026.04.23	01:02:30.275		0.59073			4
2026.04.23	01:02:38.087	0.59063	0.59064			6
2026.04.23	01:02:46.499	0.59064	0.59065			6
2026.04.23	01:02:46.797	0.59063	0.59064			6
2026.04.23	01:02:47.698	0.59049	0.59078			6
2026.04.23	01:02:47.998	0.59063	0.59064			6
2026.04.23	01:02:48.298	0.59062	0.59063			6
2026.04.23	01:02:52.505	0.59061	0.59062			6
2026.04.23	01:02:59.721	0.59060	0.59061			6
2026.04.23	01:03:00.026	0.59060				2
2026.04.23	01:03:00.330	0.59055	0.59058			6
2026.04.23	01:03:00.923	0.59054	0.59057			6
2026.04.23	01:03:02.723	0.59053	0.59056			6
2026.04.23	01:03:03.327	0.59055				2
2026.04.23	01:03:03.624	0.59054	0.59057			6
2026.04.23	01:03:04.526	0.59055				2
2026.04.23	01:03:09.032	0.59054	0.59056			6
2026.04.23	01:03:09.632	0.59053				2
2026.04.23	01:03:15.943	0.59049	0.59067			6
2026.04.23	01:03:21.653	0.59050	0.59053			6
2026.04.23	01:03:28.264	0.59049	0.59052			6
2026.04.23	01:03:35.475	0.59048	0.59051			6
2026.04.23	01:03:43.288	0.59047	0.59050			6
2026.04.23	01:03:45.387	0.59044	0.59047			6
2026.04.23	01:03:49.294		0.59048			4
2026.04.23	01:03:49.893	0.59045	0.59049			6
2026.04.23	01:03:51.394		0.59048			4
2026.04.23	01:03:52.297	0.59046	0.59049			6
2026.04.23	01:04:00.099	0.59046				2
2026.04.23	01:04:00.398	0.59047	0.59050			6
2026.04.23	01:04:00.702		0.59049			4
2026.04.23	01:04:01.002	0.59045	0.59048			6
2026.04.23	01:04:01.298	0.59035	0.59049			6
2026.04.23	01:04:09.413		0.59055			4
2026.04.23	01:04:10.314	0.59044	0.59047			6
2026.04.23	01:04:10.615	0.59043	0.59046			6
2026.04.23	01:04:20.838	0.59041	0.59044			6
2026.04.23	01:04:27.147	0.59040	0.59043			6
2026.04.23	01:04:27.448	0.59039	0.59042			6
2026.04.23	01:04:31.056	0.59038	0.59041			6
2026.04.23	01:04:31.356	0.59030	0.59054			6
2026.04.23	01:04:37.368		0.59055			4
2026.04.23	01:04:39.169	0.59038	0.59041			6
2026.04.23	01:04:43.078	0.59031	0.59053			6
2026.04.23	01:04:43.376	0.59037	0.59040			6
2026.04.23	01:04:47.885	0.59038	0.59041			6
2026.04.23	01:05:00.212	0.59038				2
2026.04.23	01:05:00.807	0.59034	0.59055			6
2026.04.23	01:05:20.637		0.59056			4
2026.04.23	01:05:22.441	0.59039	0.59042			6
2026.04.23	01:05:22.742	0.59038	0.59041			6
2026.04.23	01:05:23.642	0.59040				2
2026.04.23	01:05:23.943	0.59043	0.59044			6
2026.04.23	01:05:24.543		0.59046			4
2026.04.23	01:05:28.453	0.59044	0.59047			6
2026.04.23	01:05:30.256	0.59043	0.59046			6
2026.04.23	01:05:30.857	0.59042	0.59045			6
2026.04.23	01:05:34.162	0.59043	0.59046			6
2026.04.23	01:05:35.363	0.59042	0.59045			6
2026.04.23	01:05:36.262	0.59043	0.59046			6
2026.04.23	01:05:36.864	0.59042	0.59044			6
2026.04.23	01:05:37.467		0.59043			4
2026.04.23	01:05:37.764	0.59043	0.59044			6
2026.04.23	01:05:39.271	0.59042				2
2026.04.23	01:05:41.371	0.59043	0.59045			6
2026.04.23	01:05:41.970		0.59044			4
2026.04.23	01:05:43.477	0.59044	0.59045			6
2026.04.23	01:05:44.975		0.59047			4
2026.04.23	01:05:45.275		0.59045			4
2026.04.23	01:05:47.979	0.59046	0.59049			6
2026.04.23	01:05:55.796	0.59044	0.59047			6
2026.04.23	01:06:00.003	0.59044				2
2026.04.23	01:06:11.728		0.59046			4
2026.04.23	01:06:13.230		0.59045			4
2026.04.23	01:06:18.944	0.59043	0.59044			6
2026.04.23	01:06:21.047	0.59044	0.59045			6
2026.04.23	01:06:26.160	0.59045	0.59047			6
2026.04.23	01:06:39.677		0.59046			4
2026.04.23	01:06:40.878	0.59044	0.59045			6
2026.04.23	01:07:00.118	0.59044				2
2026.04.23	01:07:01.931	0.59045	0.59046			6
2026.04.23	01:07:26.276	0.59044	0.59045			6
2026.04.23	01:07:29.887	0.59047	0.59049			6
2026.04.23	01:07:30.190		0.59048			4
2026.04.23	01:07:31.389		0.59049			4
2026.04.23	01:07:32.291		0.59048			4
2026.04.23	01:08:00.248	0.59047				2
2026.04.23	01:08:00.550		0.59049			4
2026.04.23	01:08:01.151	0.59045	0.59047			6
2026.04.23	01:08:01.451		0.59046			4
2026.04.23	01:08:05.353		0.59047			4
2026.04.23	01:08:05.956		0.59046			4
2026.04.23	01:08:11.663	0.59044	0.59045			6
2026.04.23	01:08:12.567	0.59045	0.59046			6
2026.04.23	01:08:28.804	0.59044	0.59045			6
2026.04.23	01:08:34.827	0.59045	0.59046			6
2026.04.23	01:08:35.429	0.59050	0.59052			6
2026.04.23	01:08:50.465	0.59052	0.59053			6
2026.04.23	01:08:50.765	0.59051				2
2026.04.23	01:09:00.092	0.59051				2
2026.04.23	01:09:00.690		0.59052			4
2026.04.23	01:09:06.398	0.59048	0.59050			6
2026.04.23	01:09:06.696	0.59047	0.59048			6
2026.04.23	01:09:11.502	0.59046	0.59047			6
2026.04.23	01:09:25.639	0.59042	0.59044			6
2026.04.23	01:09:26.844	0.59041	0.59042			6
2026.04.23	01:09:35.564	0.59042	0.59044			6
2026.04.23	01:09:53.302	0.59043	0.59045			6
2026.04.23	01:09:55.409	0.59042	0.59044			6
2026.04.23	01:09:56.608	0.59041	0.59043			6
2026.04.23	01:10:00.213	0.59041				2
2026.04.23	01:10:15.248	0.59042	0.59044			6
2026.04.23	01:10:16.752	0.59041	0.59043			6
2026.04.23	01:10:18.254	0.59042	0.59044			6
2026.04.23	01:10:27.569	0.59041	0.59043			6
2026.04.23	01:10:27.870	0.59042	0.59044			6
2026.04.23	01:10:49.227	0.59041	0.59043			6
2026.04.23	01:10:57.654	0.59042	0.59044			6
2026.04.23	01:11:00.062	0.59042				2
2026.04.23	01:11:02.162	0.59044	0.59046			6
2026.04.23	01:11:02.463	0.59041	0.59043			6
2026.04.23	01:11:04.567	0.59042	0.59044			6
2026.04.23	01:11:29.210		0.59043			4
2026.04.23	01:11:29.505		0.59044			4
2026.04.23	01:12:00.181	0.59042				2
2026.04.23	01:12:05.584	0.59043				2
2026.04.23	01:12:05.883		0.59045			4
2026.04.23	01:12:20.614	0.59042	0.59043			6
2026.04.23	01:12:21.822		0.59044			4
2026.04.23	01:12:33.251	0.59040	0.59042			6
2026.04.23	01:12:33.548	0.59039	0.59040			6
2026.04.23	01:12:33.845		0.59041			4
2026.04.23	01:13:00.299	0.59039				2
2026.04.23	01:13:33.995		0.59041			4
2026.04.23	01:13:45.734	0.59040				2
2026.04.23	01:13:52.043		0.59042			4
2026.04.23	01:13:59.264	0.59038	0.59040			6
2026.04.23	01:14:00.166	0.59038	0.59039			6
2026.04.23	01:14:01.366	0.59039	0.59041			6
2026.04.23	01:14:02.569	0.59040				2
2026.04.23	01:14:04.670	0.59041	0.59043			6
2026.04.23	01:14:05.872	0.59042	0.59044			6
2026.04.23	01:14:08.278	0.59041	0.59043			6
2026.04.23	01:14:08.579	0.59040	0.59042			6
2026.04.23	01:14:09.178	0.59039	0.59041			6
2026.04.23	01:14:17.600	0.59038	0.59040			6
2026.04.23	01:14:17.899	0.59039				2
2026.04.23	01:14:19.707		0.59041			4
2026.04.23	01:14:57.002	0.59040				2
2026.04.23	01:14:57.303	0.59039				2
2026.04.23	01:14:57.603	0.59040				2
2026.04.23	01:14:57.903	0.59039				2
2026.04.23	01:14:58.201	0.59040				2
2026.04.23	01:14:58.507	0.59039				2
2026.04.23	01:15:00.011	0.59039				2
2026.04.23	01:15:06.931	0.59038	0.59040			6
2026.04.23	01:15:08.132	0.59037	0.59038			6
2026.04.23	01:15:12.642	0.59040	0.59041			6
2026.04.23	01:15:12.941		0.59042			4
2026.04.23	01:15:13.841	0.59041	0.59043			6
2026.04.23	01:15:15.051	0.59040	0.59042			6
2026.04.23	01:15:16.256	0.59041	0.59043			6
2026.04.23	01:15:17.462	0.59040	0.59042			6
2026.04.23	01:16:00.156	0.59040				2
2026.04.23	01:16:17.588		0.59042			4
2026.04.23	01:16:55.173	0.59043	0.59045			6
2026.04.23	01:16:55.471	0.59041	0.59043			6
2026.04.23	01:16:56.071	0.59042	0.59044			6
2026.04.23	01:16:56.371	0.59041	0.59043			6
2026.04.23	01:16:58.177	0.59042	0.59044			6
2026.04.23	01:17:00.284	0.59042				2
2026.04.23	01:17:02.388	0.59043	0.59045			6
2026.04.23	01:17:24.340	0.59042	0.59044			6
2026.04.23	01:17:30.359	0.59043	0.59045			6
2026.04.23	01:17:33.363	0.59042	0.59044			6
2026.04.23	01:17:36.668	0.59043	0.59045			6
2026.04.23	01:17:39.972	0.59042	0.59044			6
2026.04.23	01:17:42.975	0.59043	0.59045			6
2026.04.23	01:17:45.375	0.59044	0.59046			6
2026.04.23	01:18:00.106	0.59044				2
2026.04.23	01:18:36.192	0.59046	0.59048			6
2026.04.23	01:18:40.395	0.59045	0.59047			6
2026.04.23	01:18:40.691	0.59044	0.59046			6
2026.04.23	01:18:49.116	0.59043	0.59045			6
2026.04.23	01:19:00.246	0.59043				2
2026.04.23	01:19:49.258		0.59045			4
2026.04.23	01:20:00.076	0.59043				2
2026.04.23	01:20:01.578	0.59042	0.59044			6
2026.04.23	01:20:01.875	0.59040	0.59042			6
2026.04.23	01:20:09.997	0.59042	0.59044			6
2026.04.23	01:20:15.410	0.59043	0.59045			6
2026.04.23	01:20:17.517	0.59042	0.59044			6
2026.04.23	01:20:25.029	0.59043	0.59045			6
2026.04.23	01:20:29.837	0.59042	0.59044			6
2026.04.23	01:20:31.037	0.59041	0.59043			6
2026.04.23	01:20:32.242	0.59042	0.59044			6
2026.04.23	01:21:00.202	0.59042				2
2026.04.23	01:21:05.308	0.59040	0.59042			6
2026.04.23	01:21:47.116	0.59039	0.59041			6
2026.04.23	01:21:48.919		0.59040			4
2026.04.23	01:21:50.721		0.59041			4
2026.04.23	01:21:51.924		0.59040			4
2026.04.23	01:21:52.231		0.59041			4
2026.04.23	01:22:00.039	0.59039				2
2026.04.23	01:22:52.362		0.59041			4
2026.04.23	01:22:54.165	0.59040	0.59042			6
2026.04.23	01:23:00.175	0.59040				2
2026.04.23	01:23:12.824	0.59041	0.59043			6
2026.04.23	01:23:13.428	0.59042	0.59044			6
2026.04.23	01:23:13.727	0.59043	0.59045			6
2026.04.23	01:23:18.832	0.59040	0.59042			6
2026.04.23	01:23:19.133	0.59042	0.59044			6
2026.04.23	01:23:20.337	0.59041	0.59043			6
2026.04.23	01:23:22.439	0.59040	0.59042			6
2026.04.23	01:23:42.280	0.59043	0.59045			6
2026.04.23	01:23:44.984	0.59042	0.59044			6
2026.04.23	01:23:46.185	0.59043	0.59045			6
2026.04.23	01:23:48.587	0.59041	0.59043			6
2026.04.23	01:23:48.889	0.59042	0.59044			6
2026.04.23	01:23:50.392	0.59041	0.59043			6
2026.04.23	01:23:53.102	0.59043	0.59045			6
2026.04.23	01:23:59.714	0.59041	0.59043			6
2026.04.23	01:24:00.015	0.59041				2
2026.04.23	01:24:00.314	0.59040	0.59042			6
2026.04.23	01:24:12.633	0.59041	0.59043			6
2026.04.23	01:24:13.836	0.59040	0.59042			6
2026.04.23	01:24:24.664	0.59041	0.59043			6
2026.04.23	01:24:24.959	0.59042	0.59044			6
2026.04.23	01:24:27.364	0.59041	0.59043			6
2026.04.23	01:24:30.662	0.59040	0.59042			6
2026.04.23	01:24:57.458	0.59041	0.59043			6
2026.04.23	01:25:00.169	0.59041				2
2026.04.23	01:25:07.377	0.59040	0.59042			6
2026.04.23	01:25:10.077	0.59041	0.59043			6
2026.04.23	01:25:10.376	0.59044	0.59046			6
2026.04.23	01:25:19.698	0.59043	0.59045			6
2026.04.23	01:25:25.109	0.59041	0.59043			6
2026.04.23	01:25:27.818	0.59040	0.59042			6
2026.04.23	01:25:36.837	0.59041	0.59043			6
2026.04.23	01:25:37.132	0.59042	0.59044			6
2026.04.23	01:25:38.336	0.59043	0.59045			6
2026.04.23	01:25:40.743	0.59044	0.59046			6
2026.04.23	01:25:41.645	0.59042	0.59044			6
2026.04.23	01:25:47.059	0.59043	0.59045			6
2026.04.23	01:25:56.976	0.59041	0.59043			6
2026.04.23	01:25:57.280	0.59042	0.59044			6
2026.04.23	01:26:00.292	0.59042				2
2026.04.23	01:26:03.900	0.59043	0.59045			6
2026.04.23	01:26:04.197	0.59048	0.59051			6
2026.04.23	01:26:04.497	0.59047	0.59050			6
2026.04.23	01:26:21.621	0.59048	0.59051			6
2026.04.23	01:26:24.931	0.59047	0.59050			6
2026.04.23	01:26:29.736	0.59046	0.59049			6
2026.04.23	01:26:32.741	0.59047	0.59050			6
2026.04.23	01:27:00.099	0.59047				2
2026.04.23	01:27:02.803	0.59046	0.59049			6
2026.04.23	01:27:04.008	0.59045	0.59048			6
2026.04.23	01:27:04.306	0.59043	0.59046			6
2026.04.23	01:27:27.162		0.59045			4
2026.04.23	01:27:39.784	0.59044	0.59046			6
2026.04.23	01:27:43.091	0.59043	0.59045			6
2026.04.23	01:27:51.500	0.59041	0.59043			6
2026.04.23	01:27:59.626	0.59040	0.59042			6
2026.04.23	01:28:00.234	0.59040				2
2026.04.23	01:28:00.836	0.59041	0.59043			6
2026.04.23	01:28:01.134	0.59042	0.59044			6
2026.04.23	01:28:02.034	0.59044	0.59046			6
2026.04.23	01:28:02.336	0.59043				2
2026.04.23	01:28:16.769	0.59039	0.59042			6
2026.04.23	01:28:26.093	0.59043	0.59046			6
2026.04.23	01:28:31.803	0.59042	0.59045			6
2026.04.23	01:28:32.104	0.59040	0.59043			6
2026.04.23	01:28:32.404	0.59039	0.59042			6
2026.04.23	01:28:45.657	0.59040	0.59043			6
2026.04.23	01:28:54.676	0.59037	0.59040			6
2026.04.23	01:29:00.094	0.59037				2
2026.04.23	01:29:03.701	0.59038	0.59041			6
2026.04.23	01:29:12.728	0.59039	0.59042			6
2026.04.23	01:29:25.958	0.59038	0.59041			6
2026.04.23	01:29:26.563	0.59037	0.59040			6
2026.04.23	01:29:48.208	0.59038	0.59041			6
2026.04.23	01:30:00.249	0.59038				2
2026.04.23	01:30:00.549	0.59037	0.59040			6
2026.04.23	01:30:00.845	0.59036	0.59039			6
2026.04.23	01:30:01.148	0.59034	0.59037			6
2026.04.23	01:30:31.830	0.59035	0.59038			6
2026.04.23	01:30:56.782	0.59036	0.59039			6
2026.04.23	01:30:57.085	0.59037	0.59040			6
2026.04.23	01:30:57.382	0.59038	0.59041			6
2026.04.23	01:30:57.985	0.59036	0.59039			6
2026.04.23	01:30:58.587	0.59037	0.59040			6
2026.04.23	01:30:59.485	0.59036	0.59039			6
2026.04.23	01:31:00.092	0.59036				2
2026.04.23	01:31:07.002	0.59037	0.59040			6
2026.04.23	01:31:12.709	0.59036	0.59039			6
2026.04.23	01:31:13.911	0.59037	0.59040			6
2026.04.23	01:31:15.724	0.59038	0.59041			6
2026.04.23	01:31:16.331	0.59036	0.59039			6
2026.04.23	01:31:16.628	0.59035	0.59038			6
2026.04.23	01:31:20.537	0.59036	0.59039			6
2026.04.23	01:31:24.142	0.59037	0.59040			6
2026.04.23	01:31:24.442	0.59036	0.59039			6
2026.04.23	01:31:25.042	0.59037	0.59040			6
2026.04.23	01:31:40.671	0.59036	0.59039			6
2026.04.23	01:32:00.210	0.59036				2
2026.04.23	01:32:01.110	0.59037	0.59040			6
2026.04.23	01:32:05.315	0.59038	0.59041			6
2026.04.23	01:32:13.137	0.59037	0.59040			6
2026.04.23	01:32:20.360	0.59038				2
2026.04.23	01:32:29.070	0.59039	0.59041			6
2026.04.23	01:32:29.372	0.59037	0.59039			6
2026.04.23	01:32:32.377	0.59038	0.59040			6
2026.04.23	01:32:34.480	0.59037	0.59039			6
2026.04.23	01:32:36.586	0.59036	0.59038			6
2026.04.23	01:32:37.187	0.59037	0.59039			6
2026.04.23	01:32:42.597	0.59036	0.59038			6
2026.04.23	01:32:52.216	0.59037	0.59039			6
2026.04.23	01:33:00.048	0.59037				2
2026.04.23	01:33:00.649	0.59036	0.59038			6
2026.04.23	01:33:02.448	0.59037	0.59039			6
2026.04.23	01:33:03.653	0.59036	0.59038			6
2026.04.23	01:33:09.376	0.59032	0.59034			6
2026.04.23	01:33:10.278	0.59031				2
2026.04.23	01:33:10.575	0.59032	0.59035			6
2026.04.23	01:33:10.876	0.59030	0.59033			6
2026.04.23	01:33:14.491	0.59032	0.59035			6
2026.04.23	01:33:18.400	0.59033	0.59036			6
2026.04.23	01:34:00.205	0.59033				2
2026.04.23	01:34:04.407	0.59034	0.59037			6
2026.04.23	01:34:04.710	0.59037	0.59040			6
2026.04.23	01:34:06.811	0.59036	0.59039			6
2026.04.23	01:34:07.410	0.59037	0.59040			6
2026.04.23	01:34:07.712	0.59036	0.59039			6
2026.04.23	01:34:17.338	0.59032	0.59035			6
2026.04.23	01:34:17.631	0.59031	0.59034			6
2026.04.23	01:34:18.532	0.59032	0.59035			6
2026.04.23	01:34:20.034	0.59033	0.59036			6
2026.04.23	01:34:44.097	0.59032	0.59035			6
2026.04.23	01:34:46.796	0.59033	0.59036			6
2026.04.23	01:34:50.700	0.59034	0.59037			6
2026.04.23	01:34:54.006	0.59033	0.59036			6
2026.04.23	01:35:00.017	0.59033				2
2026.04.23	01:35:00.612	0.59034	0.59037			6
2026.04.23	01:35:01.217	0.59033	0.59036			6
2026.04.23	01:35:14.455	0.59032	0.59035			6
2026.04.23	01:35:18.664	0.59033	0.59036			6
2026.04.23	01:35:21.973	0.59032	0.59035			6
2026.04.23	01:35:23.176	0.59033	0.59036			6
2026.04.23	01:35:37.000	0.59032	0.59035			6
2026.04.23	01:35:38.208	0.59033	0.59036			6
2026.04.23	01:35:40.310	0.59032	0.59035			6
2026.04.23	01:35:41.212	0.59033	0.59036			6
2026.04.23	01:35:42.414	0.59032	0.59035			6
2026.04.23	01:35:49.633	0.59033	0.59036			6
2026.04.23	01:35:58.654	0.59034	0.59037			6
2026.04.23	01:36:00.162	0.59034				2
2026.04.23	01:36:01.662	0.59033	0.59036			6
2026.04.23	01:36:17.894	0.59034	0.59037			6
2026.04.23	01:36:19.698	0.59033	0.59036			6
2026.04.23	01:36:21.202	0.59034	0.59037			6
2026.04.23	01:36:36.540	0.59033	0.59036			6
2026.04.23	01:36:37.445	0.59032	0.59035			6
2026.04.23	01:36:41.952	0.59033	0.59036			6
2026.04.23	01:36:54.577	0.59032	0.59035			6
2026.04.23	01:37:00.291	0.59033	0.59036			6
2026.04.23	01:37:00.887	0.59032	0.59035			6
2026.04.23	01:37:04.197	0.59029	0.59032			6
2026.04.23	01:37:04.497	0.59030	0.59033			6
2026.04.23	01:37:05.100	0.59032	0.59035			6
2026.04.23	01:37:05.394	0.59033	0.59036			6
2026.04.23	01:37:06.900	0.59034	0.59037			6
2026.04.23	01:37:53.201	0.59032	0.59035			6
2026.04.23	01:38:00.120	0.59032				2
2026.04.23	01:38:07.645	0.59031	0.59034			6
2026.04.23	01:38:07.947	0.59030	0.59033			6
2026.04.23	01:38:17.266	0.59031	0.59034			6
2026.04.23	01:38:17.565	0.59034	0.59037			6
2026.04.23	01:38:20.866	0.59033	0.59036			6
2026.04.23	01:38:23.272	0.59032	0.59035			6
2026.04.23	01:38:23.569	0.59033	0.59036			6
2026.04.23	01:38:36.796	0.59032	0.59035			6
2026.04.23	01:38:42.207	0.59033	0.59036			6
2026.04.23	01:39:00.238	0.59033				2
2026.04.23	01:39:02.642	0.59032	0.59035			6
2026.04.23	01:39:20.679	0.59033	0.59036			6
2026.04.23	01:39:20.976	0.59034	0.59037			6
2026.04.23	01:39:27.892	0.59033	0.59036			6
2026.04.23	01:39:36.608	0.59034	0.59037			6
2026.04.23	01:39:38.709	0.59033	0.59036			6
2026.04.23	01:39:40.211	0.59034	0.59037			6
2026.04.23	01:40:00.041	0.59034				2
2026.04.23	01:40:04.551	0.59037	0.59040			6
2026.04.23	01:40:04.851	0.59036	0.59039			6
2026.04.23	01:40:13.866	0.59037	0.59040			6
2026.04.23	01:40:25.886	0.59035	0.59038			6
2026.04.23	01:40:26.486	0.59036	0.59039			6
2026.04.23	01:40:29.196	0.59035	0.59038			6
2026.04.23	01:40:40.336	0.59036	0.59039			6
2026.04.23	01:41:00.180	0.59036				2
2026.04.23	01:41:02.882	0.59038	0.59041			6
2026.04.23	01:41:04.681	0.59037	0.59040			6
2026.04.23	01:41:18.205	0.59038				2
2026.04.23	01:41:47.969	0.59037	0.59039			6
2026.04.23	01:41:53.979	0.59038	0.59040			6
2026.04.23	01:42:00.296	0.59038				2
2026.04.23	01:42:02.399	0.59037	0.59039			6
2026.04.23	01:42:03.900	0.59035	0.59037			6
2026.04.23	01:42:06.306	0.59036	0.59038			6
2026.04.23	01:42:11.714	0.59037	0.59039			6
2026.04.23	01:42:19.546	0.59036	0.59038			6
2026.04.23	01:42:20.751	0.59037	0.59039			6
2026.04.23	01:43:00.157	0.59037				2
2026.04.23	01:43:05.572	0.59036	0.59038			6
2026.04.23	01:43:05.868	0.59035	0.59037			6
2026.04.23	01:43:06.170	0.59034	0.59036			6
2026.04.23	01:43:07.376		0.59037			4
2026.04.23	01:43:10.689	0.59033	0.59036			6
2026.04.23	01:43:11.590	0.59032	0.59035			6
2026.04.23	01:43:27.244	0.59033				2
2026.04.23	01:43:38.071	0.59034	0.59036			6
2026.04.23	01:43:39.873	0.59033	0.59035			6
2026.04.23	01:43:41.374		0.59036			4
2026.04.23	01:43:51.303		0.59035			4
2026.04.23	01:44:00.023	0.59033				2
2026.04.23	01:44:05.736	0.59034	0.59036			6
2026.04.23	01:44:14.450	0.59033	0.59035			6
2026.04.23	01:44:27.378	0.59031	0.59033			6
2026.04.23	01:44:29.787	0.59032	0.59034			6
2026.04.23	01:44:38.208	0.59033	0.59035			6
2026.04.23	01:44:51.443	0.59032	0.59034			6
2026.04.23	01:44:54.151	0.59030	0.59032			6
2026.04.23	01:44:54.750	0.59033	0.59035			6
2026.04.23	01:44:56.253	0.59032				2
2026.04.23	01:45:00.162	0.59032				2
2026.04.23	01:45:06.169	0.59031	0.59034			6
2026.04.23	01:45:16.063	0.59032	0.59035			6
2026.04.23	01:45:22.365	0.59033				2
2026.04.23	01:45:22.664	0.59034	0.59036			6
2026.04.23	01:45:23.264	0.59033				2
2026.04.23	01:45:26.268	0.59034	0.59037			6
2026.04.23	01:45:28.376	0.59033	0.59035			6
2026.04.23	01:45:29.275	0.59032				2
2026.04.23	01:45:31.976	0.59033	0.59036			6
2026.04.23	01:45:42.197	0.59034				2
2026.04.23	01:45:51.529	0.59033	0.59035			6
2026.04.23	01:45:51.832	0.59034	0.59036			6
2026.04.23	01:45:58.452	0.59035	0.59037			6
2026.04.23	01:45:59.652	0.59034	0.59036			6
2026.04.23	01:46:00.255	0.59034				2
2026.04.23	01:46:05.655	0.59036	0.59037			6
2026.04.23	01:46:05.957	0.59034	0.59036			6
2026.04.23	01:46:12.568	0.59031	0.59033			6
2026.04.23	01:46:13.168	0.59030				2
2026.04.23	01:46:13.770	0.59029	0.59032			6
2026.04.23	01:46:14.670	0.59030	0.59033			6
2026.04.23	01:46:29.701	0.59029	0.59032			6
2026.04.23	01:46:30.603	0.59030	0.59033			6
2026.04.23	01:46:36.322	0.59033	0.59036			6
2026.04.23	01:46:55.863	0.59032	0.59035			6
2026.04.23	01:46:59.483	0.59031	0.59034			6
2026.04.23	01:47:00.087	0.59031				2
2026.04.23	01:47:00.389	0.59032	0.59035			6
2026.04.23	01:47:06.099	0.59033	0.59036			6
2026.04.23	01:47:06.399	0.59032	0.59035			6
2026.04.23	01:47:12.108	0.59033	0.59036			6
2026.04.23	01:47:30.460	0.59032	0.59035			6
2026.04.23	01:47:52.110	0.59031	0.59034			6
2026.04.23	01:48:00.224	0.59031				2
2026.04.23	01:48:02.331		0.59033			4
2026.04.23	01:48:16.460	0.59032				2
2026.04.23	01:48:16.760	0.59031				2
2026.04.23	01:48:17.063	0.59032				2
2026.04.23	01:48:17.362	0.59031				2
2026.04.23	01:48:17.666	0.59032				2
2026.04.23	01:48:17.966	0.59031				2
2026.04.23	01:49:00.063	0.59031				2
2026.04.23	01:49:01.560	0.59032	0.59034			6
2026.04.23	01:49:03.366	0.59033	0.59035			6
2026.04.23	01:49:03.966	0.59038	0.59040			6
2026.04.23	01:49:04.269		0.59041			4
2026.04.23	01:49:13.602	0.59037	0.59040			6
2026.04.23	01:49:20.810	0.59038	0.59041			6
2026.04.23	01:49:29.230	0.59039	0.59042			6
2026.04.23	01:49:29.533	0.59040	0.59043			6
2026.04.23	01:49:30.133	0.59039	0.59042			6
2026.04.23	01:49:36.148	0.59040	0.59043			6
2026.04.23	01:49:46.369	0.59042	0.59045			6
2026.04.23	01:49:46.670	0.59041	0.59044			6
2026.04.23	01:49:48.175	0.59042	0.59045			6
2026.04.23	01:49:48.772	0.59041	0.59044			6
2026.04.23	01:49:52.377	0.59042	0.59045			6
2026.04.23	01:49:53.577	0.59041	0.59044			6
2026.04.23	01:49:54.179	0.59040	0.59043			6
2026.04.23	01:49:55.384	0.59042	0.59045			6
2026.04.23	01:49:57.789	0.59041	0.59044			6
2026.04.23	01:50:00.198	0.59041				2
2026.04.23	01:50:05.603	0.59042	0.59045			6
2026.04.23	01:50:13.423	0.59041	0.59044			6
2026.04.23	01:50:14.326	0.59042	0.59045			6
2026.04.23	01:50:19.743	0.59041	0.59044			6
2026.04.23	01:50:29.065	0.59042	0.59045			6
2026.04.23	01:50:43.186	0.59041	0.59044			6
2026.04.23	01:50:43.490	0.59042	0.59045			6
2026.04.23	01:50:46.497	0.59041	0.59044			6
2026.04.23	01:50:46.798	0.59040	0.59043			6
2026.04.23	01:50:56.109	0.59039	0.59042			6
2026.04.23	01:50:56.408	0.59040	0.59043			6
2026.04.23	01:51:00.021	0.59040				2
2026.04.23	01:51:02.123	0.59041				2
2026.04.23	01:51:02.421	0.59043	0.59046			6
2026.04.23	01:51:02.722	0.59044	0.59047			6
2026.04.23	01:51:20.169	0.59043	0.59046			6
2026.04.23	01:51:20.768	0.59044	0.59047			6
2026.04.23	01:51:23.768	0.59043	0.59046			6
2026.04.23	01:51:30.686	0.59044	0.59047			6
2026.04.23	01:51:30.986	0.59043	0.59046			6
2026.04.23	01:52:00.167	0.59043				2
2026.04.23	01:52:11.584	0.59042	0.59045			6
2026.04.23	01:52:13.085	0.59041	0.59044			6
2026.04.23	01:52:13.386	0.59042	0.59045			6
2026.04.23	01:52:18.495	0.59041	0.59044			6
2026.04.23	01:52:19.698	0.59040	0.59043			6
2026.04.23	01:52:20.299	0.59042	0.59045			6
2026.04.23	01:52:24.205	0.59043	0.59046			6
2026.04.23	01:52:27.517	0.59042	0.59045			6
2026.04.23	01:52:35.042	0.59043	0.59046			6
2026.04.23	01:52:36.245	0.59042	0.59045			6
2026.04.23	01:52:53.372	0.59043				2
2026.04.23	01:53:00.290	0.59042	0.59044			6
2026.04.23	01:53:04.801	0.59043	0.59045			6
2026.04.23	01:53:06.003	0.59045	0.59047			6
2026.04.23	01:53:07.205	0.59044				2
2026.04.23	01:53:08.406	0.59045				2
2026.04.23	01:53:19.832	0.59044	0.59046			6
2026.04.23	01:53:24.641	0.59043	0.59045			6
2026.04.23	01:53:33.967	0.59041	0.59043			6
2026.04.23	01:53:35.167	0.59040				2
2026.04.23	01:53:35.470	0.59041	0.59044			6
2026.04.23	01:53:42.387		0.59043			4
2026.04.23	01:53:44.189	0.59040				2
2026.04.23	01:53:45.392	0.59041				2
2026.04.23	01:54:00.130	0.59041				2
2026.04.23	01:54:20.869	0.59042	0.59044			6
2026.04.23	01:54:26.279	0.59043	0.59045			6
2026.04.23	01:54:27.183	0.59042	0.59044			6
2026.04.23	01:54:40.408	0.59044	0.59046			6
2026.04.23	01:54:41.915	0.59043	0.59045			6
2026.04.23	01:54:42.519	0.59042	0.59044			6
2026.04.23	01:54:49.432	0.59043	0.59045			6
2026.04.23	01:54:53.947	0.59044	0.59046			6
2026.04.23	01:55:00.263	0.59044				2
2026.04.23	01:55:16.189	0.59045	0.59047			6
2026.04.23	01:55:36.345	0.59044	0.59046			6
2026.04.23	01:56:00.092	0.59044				2
2026.04.23	01:56:16.330	0.59042	0.59044			6
2026.04.23	01:56:19.335	0.59043	0.59045			6
2026.04.23	01:56:26.268	0.59042	0.59044			6
2026.04.23	01:56:28.074	0.59043	0.59045			6
2026.04.23	01:56:31.680	0.59042	0.59044			6
2026.04.23	01:56:31.977	0.59041	0.59043			6
2026.04.23	01:56:32.880	0.59042	0.59044			6
2026.04.23	01:56:40.707	0.59041	0.59043			6
2026.04.23	01:56:42.208	0.59042	0.59044			6
2026.04.23	01:56:42.509	0.59041	0.59043			6
2026.04.23	01:56:43.708	0.59042	0.59044			6
2026.04.23	01:56:45.514	0.59043	0.59045			6
2026.04.23	01:56:49.433	0.59042	0.59044			6
2026.04.23	01:56:53.644	0.59041	0.59043			6
2026.04.23	01:57:00.268	0.59041				2
2026.04.23	01:57:08.080	0.59042	0.59044			6
2026.04.23	01:57:08.684	0.59043	0.59045			6
2026.04.23	01:57:11.693	0.59044	0.59046			6
2026.04.23	01:57:13.193	0.59043	0.59045			6
2026.04.23	01:57:21.308	0.59042	0.59044			6
2026.04.23	01:58:00.103	0.59042				2
2026.04.23	01:58:21.452		0.59044			4
2026.04.23	01:59:00.219	0.59042				2
2026.04.23	01:59:08.952	0.59041	0.59043			6
2026.04.23	01:59:11.059	0.59040	0.59042			6
2026.04.23	01:59:15.570	0.59041	0.59043			6
2026.04.23	02:00:00.072	0.59041				2
2026.04.23	02:00:00.373	0.59042	0.59044			6
2026.04.23	02:00:00.672	0.59044	0.59046			6
2026.04.23	02:00:02.173	0.59045	0.59047			6
2026.04.23	02:00:09.989	0.59046	0.59048			6
2026.04.23	02:00:11.190	0.59045	0.59047			6
2026.04.23	02:00:12.094	0.59047	0.59049			6
2026.04.23	02:00:20.209	0.59046	0.59048			6
2026.04.23	02:00:20.812	0.59047	0.59049			6
2026.04.23	02:00:22.315	0.59046	0.59048			6
2026.04.23	02:00:22.917	0.59047	0.59049			6
2026.04.23	02:00:26.832	0.59045	0.59047			6
2026.04.23	02:00:36.764	0.59046	0.59048			6
2026.04.23	02:00:37.665	0.59045	0.59047			6
2026.04.23	02:00:37.960	0.59043	0.59045			6
2026.04.23	02:00:39.170	0.59042				2
2026.04.23	02:00:40.073	0.59041	0.59044			6
2026.04.23	02:00:40.374	0.59044	0.59047			6
2026.04.23	02:00:49.090	0.59043	0.59046			6
2026.04.23	02:00:50.289	0.59042	0.59045			6
2026.04.23	02:01:00.212	0.59042				2
2026.04.23	02:01:10.125	0.59043	0.59046			6
2026.04.23	02:01:10.727	0.59044	0.59047			6
2026.04.23	02:01:12.234	0.59043	0.59046			6
2026.04.23	02:01:16.753	0.59042	0.59045			6
2026.04.23	02:01:17.050	0.59040	0.59043			6
2026.04.23	02:01:17.651	0.59039	0.59042			6
2026.04.23	02:01:20.653	0.59038	0.59041			6
2026.04.23	02:01:21.855	0.59037	0.59040			6
2026.04.23	02:01:22.156		0.59041			4
2026.04.23	02:01:25.467	0.59036	0.59040			6
2026.04.23	02:01:28.776	0.59037	0.59041			6
2026.04.23	02:01:30.578	0.59038	0.59042			6
2026.04.23	02:01:46.516	0.59039	0.59043			6
2026.04.23	02:01:47.127	0.59041	0.59045			6
2026.04.23	02:01:48.324	0.59040	0.59044			6
2026.04.23	02:01:48.623	0.59041	0.59045			6
2026.04.23	02:01:52.532	0.59042	0.59046			6
2026.04.23	02:01:56.440	0.59041	0.59045			6
2026.04.23	02:02:00.048	0.59041				2
2026.04.23	02:02:07.562	0.59040	0.59044			6
2026.04.23	02:02:10.263	0.59041	0.59045			6
2026.04.23	02:02:10.564	0.59040	0.59044			6
2026.04.23	02:02:25.290	0.59041				2
2026.04.23	02:02:27.097	0.59040	0.59043			6
2026.04.23	02:02:29.498	0.59041	0.59044			6
2026.04.23	02:02:38.812	0.59040	0.59043			6
2026.04.23	02:02:57.454	0.59041	0.59044			6
2026.04.23	02:02:58.354	0.59042	0.59045			6
2026.04.23	02:03:00.160	0.59042				2
2026.04.23	02:03:02.863	0.59041	0.59044			6
2026.04.23	02:03:09.772	0.59042	0.59045			6
2026.04.23	02:03:16.377	0.59041	0.59044			6
2026.04.23	02:03:25.693	0.59040	0.59043			6
2026.04.23	02:03:36.512	0.59041	0.59044			6
2026.04.23	02:03:37.113	0.59040	0.59043			6
2026.04.23	02:03:39.217	0.59041	0.59044			6
2026.04.23	02:03:42.232	0.59040	0.59043			6
2026.04.23	02:03:46.743	0.59039	0.59042			6
2026.04.23	02:03:51.862	0.59040	0.59043			6
2026.04.23	02:04:00.281	0.59040				2
2026.04.23	02:04:23.147	0.59039	0.59042			6
2026.04.23	02:04:24.952	0.59040				2
2026.04.23	02:04:29.166		0.59043			4
2026.04.23	02:04:32.173	0.59039	0.59042			6
2026.04.23	02:04:33.673		0.59041			4
2026.04.23	02:04:33.978	0.59035	0.59038			6
2026.04.23	02:04:34.577		0.59037			4
2026.04.23	02:04:47.512		0.59038			4
2026.04.23	02:04:48.109	0.59037	0.59041			6
2026.04.23	02:04:49.551	0.59038				2
2026.04.23	02:04:50.472		0.59040			4
2026.04.23	02:04:51.973	0.59037				2
2026.04.23	02:04:52.273		0.59041			4
2026.04.23	02:04:53.160		0.59040			4
2026.04.23	02:04:59.172	0.59038	0.59041			6
2026.04.23	02:05:00.072	0.59038				2
2026.04.23	02:05:01.882	0.59037	0.59040			6
2026.04.23	02:05:08.191	0.59038	0.59041			6
2026.04.23	02:06:00.204	0.59038				2
2026.04.23	02:06:03.507	0.59039	0.59042			6
2026.04.23	02:06:10.428	0.59038	0.59041			6
2026.04.23	02:06:19.746	0.59039	0.59042			6
2026.04.23	02:06:28.770	0.59038	0.59041			6
2026.04.23	02:06:32.372	0.59039	0.59042			6
2026.04.23	02:06:32.972	0.59038	0.59041			6
2026.04.23	02:06:55.507	0.59040	0.59043			6
2026.04.23	02:06:58.213	0.59039	0.59041			6
2026.04.23	02:06:58.816		0.59042			4
2026.04.23	02:07:00.019	0.59039				2
2026.04.23	02:07:58.935		0.59042			4
2026.04.23	02:08:00.141	0.59039				2
2026.04.23	02:08:10.362	0.59040				2
2026.04.23	02:08:48.540	0.59039	0.59041			6
2026.04.23	02:08:53.059	0.59040				2
2026.04.23	02:09:00.272	0.59040	0.59042			6
2026.04.23	02:09:00.570	0.59038	0.59040			6
2026.04.23	02:09:00.871	0.59039	0.59041			6
2026.04.23	02:09:02.372	0.59038	0.59040			6
2026.04.23	02:09:02.972	0.59039	0.59041			6
2026.04.23	02:09:16.210	0.59038	0.59040			6
2026.04.23	02:09:30.945	0.59039	0.59041			6
2026.04.23	02:09:38.458	0.59038	0.59040			6
2026.04.23	02:09:42.970		0.59039			4
2026.04.23	02:09:52.592		0.59040			4
2026.04.23	02:09:52.893	0.59039	0.59041			6
2026.04.23	02:09:53.194	0.59038	0.59040			6
2026.04.23	02:10:00.102	0.59038				2
2026.04.23	02:10:01.604	0.59039	0.59041			6
2026.04.23	02:10:01.904	0.59040	0.59042			6
2026.04.23	02:10:07.323	0.59041	0.59043			6
2026.04.23	02:10:11.229	0.59040	0.59042			6
2026.04.23	02:10:12.730	0.59041	0.59043			6
2026.04.23	02:10:29.565		0.59042			4
2026.04.23	02:10:37.090		0.59043			4
2026.04.23	02:10:41.301		0.59042			4
2026.04.23	02:10:41.601	0.59042	0.59044			6
2026.04.23	02:10:44.604	0.59041	0.59042			6
2026.04.23	02:10:47.015		0.59043			4
2026.04.23	02:11:00.252	0.59041				2
2026.04.23	02:11:47.176		0.59043			4
2026.04.23	02:12:00.112	0.59041				2
2026.04.23	02:12:31.688	0.59040	0.59042			6
2026.04.23	02:12:58.737	0.59041				2
2026.04.23	02:12:59.037		0.59043			4
2026.04.23	02:13:00.243	0.59041				2
2026.04.23	02:13:06.257	0.59042	0.59044			6
2026.04.23	02:13:10.769	0.59041	0.59043			6
2026.04.23	02:13:20.389	0.59040	0.59042			6
2026.04.23	02:13:36.029	0.59041	0.59043			6
2026.04.23	02:13:51.064	0.59042	0.59044			6
2026.04.23	02:14:00.073	0.59042				2
2026.04.23	02:14:01.273	0.59041	0.59043			6
2026.04.23	02:14:07.892	0.59042	0.59044			6
2026.04.23	02:14:14.202	0.59041	0.59043			6
2026.04.23	02:14:16.307	0.59042	0.59044			6
2026.04.23	02:14:17.813	0.59040	0.59042			6
2026.04.23	02:14:52.385	0.59042	0.59044			6
2026.04.23	02:15:00.200	0.59041	0.59043			6
2026.04.23	02:15:00.503	0.59042	0.59044			6
2026.04.23	02:15:04.113	0.59043	0.59045			6
2026.04.23	02:15:07.128	0.59042	0.59044			6
2026.04.23	02:15:46.215	0.59041	0.59043			6
2026.04.23	02:15:49.523	0.59040	0.59042			6
2026.04.23	02:15:51.027	0.59039	0.59041			6
2026.04.23	02:15:51.327	0.59040	0.59042			6
2026.04.23	02:15:53.133	0.59041	0.59043			6
2026.04.23	02:15:59.150		0.59042			4
2026.04.23	02:15:59.450		0.59043			4
2026.04.23	02:16:00.055	0.59041				2
2026.04.23	02:16:00.354		0.59042			4
2026.04.23	02:16:01.256		0.59043			4
2026.04.23	02:16:02.157		0.59042			4
2026.04.23	02:16:07.564		0.59043			4
2026.04.23	02:16:11.768	0.59042	0.59044			6
2026.04.23	02:16:18.086	0.59041	0.59043			6
2026.04.23	02:16:27.411	0.59042	0.59044			6
2026.04.23	02:16:36.429	0.59044	0.59045			6
2026.04.23	02:16:36.729	0.59042	0.59044			6
2026.04.23	02:17:00.189	0.59042				2
2026.04.23	02:17:14.618	0.59043	0.59045			6
2026.04.23	02:17:17.021	0.59045	0.59047			6
2026.04.23	02:17:25.442	0.59046	0.59048			6
2026.04.23	02:17:26.045	0.59047	0.59049			6
2026.04.23	02:17:26.346	0.59046	0.59048			6
2026.04.23	02:17:26.649	0.59047	0.59049			6
2026.04.23	02:17:29.657	0.59046	0.59048			6
2026.04.23	02:17:35.368	0.59047	0.59049			6
2026.04.23	02:17:57.626	0.59046	0.59048			6
2026.04.23	02:17:57.928	0.59047	0.59049			6
2026.04.23	02:18:00.030	0.59047				2
2026.04.23	02:18:05.740	0.59048	0.59050			6
2026.04.23	02:18:06.041	0.59047	0.59049			6
2026.04.23	02:18:09.649	0.59048	0.59050			6
2026.04.23	02:18:17.764	0.59049	0.59051			6
2026.04.23	02:18:18.064	0.59050	0.59052			6
2026.04.23	02:18:48.736	0.59051	0.59053			6
2026.04.23	02:18:50.845	0.59050	0.59052			6
2026.04.23	02:18:51.749	0.59051	0.59053			6
2026.04.23	02:18:52.953	0.59050	0.59052			6
2026.04.23	02:19:00.165	0.59050				2
2026.04.23	02:19:02.267	0.59051	0.59053			6
2026.04.23	02:19:05.573	0.59050	0.59052			6
2026.04.23	02:19:13.088	0.59051				2
2026.04.23	02:19:28.417	0.59052	0.59054			6
2026.04.23	02:19:28.721		0.59053			4
2026.04.23	02:19:29.021	0.59051				2
2026.04.23	02:19:32.028	0.59052				2
2026.04.23	02:19:44.056		0.59054			4
2026.04.23	02:19:44.658	0.59053	0.59055			6
2026.04.23	02:20:00.294	0.59053				2
2026.04.23	02:20:02.696	0.59052	0.59054			6
2026.04.23	02:20:03.896	0.59053				2
2026.04.23	02:20:08.399	0.59052	0.59053			6
2026.04.23	02:20:13.213	0.59053	0.59054			6
2026.04.23	02:20:27.957	0.59052				2
2026.04.23	02:20:33.967		0.59053			4
2026.04.23	02:20:34.872		0.59054			4
2026.04.23	02:20:38.477		0.59053			4
2026.04.23	02:20:39.980		0.59054			4
2026.04.23	02:20:45.993	0.59049	0.59051			6
2026.04.23	02:20:52.005	0.59050	0.59052			6
2026.04.23	02:20:52.305	0.59049	0.59051			6
2026.04.23	02:20:55.314	0.59050				2
2026.04.23	02:21:00.126	0.59050				2
2026.04.23	02:21:00.428	0.59049				2
2026.04.23	02:21:52.440		0.59051			4
2026.04.23	02:22:00.249	0.59049				2
2026.04.23	02:22:36.339	0.59050				2
2026.04.23	02:22:37.542	0.59049				2
2026.04.23	02:22:52.568		0.59051			4
2026.04.23	02:22:59.783	0.59050				2
2026.04.23	02:23:00.084	0.59050				2
2026.04.23	02:23:40.996		0.59052			4
2026.04.23	02:24:00.253	0.59050				2
2026.04.23	02:24:14.072	0.59049	0.59051			6
2026.04.23	02:24:22.191	0.59050	0.59052			6
2026.04.23	02:24:45.937	0.59049	0.59050			6
2026.04.23	02:24:47.135		0.59051			4
2026.04.23	02:25:00.064	0.59049				2
2026.04.23	02:25:47.248		0.59051			4
2026.04.23	02:25:49.349	0.59050				2
2026.04.23	02:25:50.251	0.59049				2
2026.04.23	02:26:00.171	0.59049				2
2026.04.23	02:26:02.270	0.59050				2
2026.04.23	02:26:11.281	0.59049				2
2026.04.23	02:26:18.801	0.59050	0.59052			6
2026.04.23	02:26:29.041	0.59051				2
2026.04.23	02:26:29.343	0.59050				2
2026.04.23	02:27:00.008	0.59050				2
2026.04.23	02:27:01.211	0.59052	0.59053			6
2026.04.23	02:27:01.508	0.59050	0.59052			6
2026.04.23	02:27:03.018	0.59051	0.59053			6
2026.04.23	02:27:03.920		0.59052			4
2026.04.23	02:27:07.532	0.59050	0.59051			6
2026.04.23	02:27:29.773		0.59052			4
2026.04.23	02:27:41.195	0.59051				2
2026.04.23	02:27:41.796		0.59053			4
2026.04.23	02:28:00.158	0.59051				2
2026.04.23	02:28:10.075		0.59052			4
2026.04.23	02:28:10.369	0.59050				2
2026.04.23	02:28:16.991	0.59051	0.59053			6
2026.04.23	02:28:17.290	0.59050	0.59052			6
2026.04.23	02:28:38.337		0.59051			4
2026.04.23	02:29:00.274	0.59050				2
2026.04.23	02:29:13.800		0.59052			4
2026.04.23	02:29:15.603	0.59052	0.59053			6
2026.04.23	02:29:19.511	0.59051				2
2026.04.23	02:29:20.415	0.59052				2
2026.04.23	02:29:27.641		0.59054			4
2026.04.23	02:29:35.283		0.59053			4
2026.04.23	02:29:57.229	0.59051				2
2026.04.23	02:30:00.230	0.59051				2
2026.04.23	02:30:01.732	0.59052	0.59054			6
2026.04.23	02:30:02.033	0.59051	0.59053			6
2026.04.23	02:30:02.333	0.59052				2
2026.04.23	02:30:03.233	0.59051				2
2026.04.23	02:30:03.533	0.59052				2
2026.04.23	02:30:04.734	0.59051				2
2026.04.23	02:30:05.634	0.59052				2
2026.04.23	02:30:08.339	0.59051	0.59052			6
2026.04.23	02:30:08.639	0.59050				2
2026.04.23	02:30:11.342	0.59051	0.59053			6
2026.04.23	02:30:12.544	0.59050	0.59052			6
2026.04.23	02:30:18.860	0.59051	0.59053			6
2026.04.23	02:30:19.761	0.59050	0.59052			6
2026.04.23	02:30:29.379		0.59051			4
2026.04.23	02:30:29.679		0.59052			4
2026.04.23	02:30:30.280	0.59049	0.59051			6
2026.04.23	02:30:37.805	0.59046	0.59048			6
2026.04.23	02:30:38.105	0.59045	0.59047			6
2026.04.23	02:30:39.312	0.59044				2
2026.04.23	02:31:00.064	0.59044				2
2026.04.23	02:31:13.289	0.59045				2
2026.04.23	02:31:19.908		0.59048			4
2026.04.23	02:31:24.114	0.59046				2
2026.04.23	02:31:34.943	0.59045	0.59047			6
2026.04.23	02:31:37.648		0.59046			4
2026.04.23	02:31:43.058	0.59046	0.59048			6
2026.04.23	02:31:43.358	0.59047	0.59049			6
2026.04.23	02:31:44.260	0.59046				2
2026.04.23	02:32:00.185	0.59046				2
2026.04.23	02:32:28.438		0.59048			4
2026.04.23	02:32:31.142		0.59049			4
2026.04.23	02:32:33.247	0.59045	0.59048			6
2026.04.23	02:32:44.668	0.59046	0.59049			6
2026.04.23	02:32:44.969	0.59045	0.59048			6
2026.04.23	02:32:45.270	0.59046	0.59049			6
2026.04.23	02:32:45.570	0.59045	0.59048			6
2026.04.23	02:32:46.771	0.59046	0.59049			6
2026.04.23	02:32:48.272	0.59045	0.59048			6
2026.04.23	02:32:49.779	0.59046	0.59049			6
2026.04.23	02:32:50.080	0.59045	0.59048			6
2026.04.23	02:32:50.681	0.59046	0.59049			6
2026.04.23	02:32:50.981		0.59048			4
2026.04.23	02:32:58.501		0.59049			4
2026.04.23	02:33:00.003	0.59046				2
2026.04.23	02:33:03.607	0.59047	0.59050			6
2026.04.23	02:33:03.907		0.59049			4
2026.04.23	02:33:05.711		0.59050			4
2026.04.23	02:33:13.831	0.59048				2
2026.04.23	02:33:20.450	0.59049	0.59052			6
2026.04.23	02:33:34.874	0.59051	0.59054			6
2026.04.23	02:33:35.173	0.59053	0.59056			6
2026.04.23	02:33:36.677		0.59057			4
2026.04.23	02:33:37.155	0.59054				2
2026.04.23	02:33:44.448	0.59053				2
2026.04.23	02:34:00.569	0.59053				2
2026.04.23	02:34:00.869	0.59054				2
2026.04.23	02:34:18.476		0.59056			4
2026.04.23	02:34:18.776		0.59057			4
2026.04.23	02:34:19.077		0.59056			4
2026.04.23	02:34:19.378		0.59057			4
2026.04.23	02:34:19.678		0.59056			4
2026.04.23	02:34:20.281		0.59057			4
2026.04.23	02:34:40.100		0.59056			4
2026.04.23	02:34:50.619		0.59057			4
2026.04.23	02:34:51.221		0.59058			4
2026.04.23	02:34:56.105		0.59057			4
2026.04.23	02:35:00.015	0.59054				2
2026.04.23	02:35:33.679		0.59056			4
2026.04.23	02:35:45.105	0.59053				2
2026.04.23	02:35:52.643	0.59054				2
2026.04.23	02:35:53.244	0.59053				2
2026.04.23	02:35:55.458	0.59055	0.59058			6
2026.04.23	02:36:00.264	0.59055				2
2026.04.23	02:36:08.072	0.59054	0.59057			6
2026.04.23	02:36:18.524		0.59056			4
2026.04.23	02:36:18.825		0.59057			4
2026.04.23	02:36:33.910	0.59053	0.59056			6
2026.04.23	02:36:34.542	0.59054				2
2026.04.23	02:36:53.186		0.59057			4
2026.04.23	02:36:58.598	0.59053	0.59056			6
2026.04.23	02:36:59.801	0.59054				2
2026.04.23	02:37:00.101	0.59054				2
2026.04.23	02:37:03.106	0.59055	0.59058			6
2026.04.23	02:37:19.343	0.59054	0.59057			6
2026.04.23	02:37:22.049		0.59056			4
2026.04.23	02:37:22.350	0.59058	0.59059			6
2026.04.23	02:37:22.650		0.59061			4
2026.04.23	02:37:22.950		0.59060			4
2026.04.23	02:37:23.250		0.59061			4
2026.04.23	02:37:33.805	0.59057	0.59060			6
2026.04.23	02:37:34.106		0.59059			4
2026.04.23	02:37:34.407		0.59060			4
2026.04.23	02:37:38.816	0.59056				2
2026.04.23	02:37:39.461	0.59057				2
2026.04.23	02:37:39.762	0.59055	0.59059			6
2026.04.23	02:37:40.663	0.59056	0.59060			6
2026.04.23	02:37:42.240		0.59059			4
2026.04.23	02:37:45.193	0.59057				2
2026.04.23	02:37:46.394	0.59056				2
2026.04.23	02:37:46.694	0.59057				2
2026.04.23	02:37:46.994	0.59056				2
2026.04.23	02:37:50.438		0.59060			4
2026.04.23	02:38:00.283	0.59056				2
2026.04.23	02:38:03.286	0.59057				2
2026.04.23	02:38:03.587	0.59056				2
2026.04.23	02:38:07.192	0.59057				2
2026.04.23	02:38:23.136	0.59056	0.59059			6
2026.04.23	02:38:27.949	0.59058	0.59060			6
2026.04.23	02:38:28.250	0.59057				2
2026.04.23	02:38:29.757	0.59056	0.59059			6
2026.04.23	02:38:30.057	0.59057	0.59060			6
2026.04.23	02:39:00.118	0.59057				2
2026.04.23	02:39:07.628	0.59056	0.59059			6
2026.04.23	02:39:12.139	0.59057	0.59060			6
2026.04.23	02:39:47.916	0.59056	0.59059			6
2026.04.23	02:39:48.820	0.59057	0.59060			6
2026.04.23	02:39:54.239	0.59055	0.59058			6
2026.04.23	02:39:54.839	0.59054	0.59057			6
2026.04.23	02:39:58.449	0.59053				2
2026.04.23	02:40:00.249	0.59053				2
2026.04.23	02:40:18.874		0.59056			4
2026.04.23	02:40:24.293	0.59049	0.59053			6
2026.04.23	02:40:24.594		0.59052			4
2026.04.23	02:40:27.601	0.59050				2
2026.04.23	02:40:28.803		0.59053			4
2026.04.23	02:40:30.928	0.59051				2
2026.04.23	02:40:32.128		0.59054			4
2026.04.23	02:40:32.732	0.59052				2
2026.04.23	02:40:33.336	0.59051				2
2026.04.23	02:40:33.940	0.59052				2
2026.04.23	02:40:34.246	0.59051				2
2026.04.23	02:40:42.061		0.59053			4
2026.04.23	02:40:42.361	0.59050				2
2026.04.23	02:41:00.205	0.59050				2
2026.04.23	02:41:00.506	0.59049	0.59052			6
2026.04.23	02:41:00.806		0.59053			4
2026.04.23	02:41:01.153	0.59050				2
2026.04.23	02:41:23.114	0.59049				2
2026.04.23	02:41:28.839	0.59050	0.59052			6
2026.04.23	02:41:32.749		0.59053			4
2026.04.23	02:41:33.049	0.59049				2
2026.04.23	02:41:36.246		0.59052			4
2026.04.23	02:41:43.766	0.59050	0.59053			6
2026.04.23	02:41:53.987	0.59049				2
2026.04.23	02:41:55.173		0.59052			4
2026.04.23	02:42:00.285	0.59049				2
2026.04.23	02:42:13.374	0.59047	0.59051			6
2026.04.23	02:42:14.110	0.59048				2
2026.04.23	02:42:15.314	0.59049	0.59052			6
2026.04.23	02:42:18.402		0.59053			4
2026.04.23	02:42:32.446		0.59052			4
2026.04.23	02:42:33.348		0.59051			4
2026.04.23	02:42:58.605	0.59047				2
2026.04.23	02:42:59.513	0.59048				2
2026.04.23	02:43:00.116	0.59048				2
2026.04.23	02:43:34.725		0.59051			4
2026.04.23	02:43:46.371	0.59047				2
2026.04.23	02:43:50.515	0.59048				2
2026.04.23	02:43:59.188	0.59047				2
2026.04.23	02:44:05.087	0.59047				2
2026.04.23	02:44:05.387	0.59048				2
2026.04.23	02:44:24.324		0.59050			4
2026.04.23	02:44:29.442		0.59051			4
2026.04.23	02:44:42.420	0.59045	0.59048			6
2026.04.23	02:44:43.321	0.59044				2
2026.04.23	02:44:44.220	0.59045	0.59049			6
2026.04.23	02:45:00.157	0.59045				2
2026.04.23	02:45:01.358		0.59048			4
2026.04.23	02:45:01.958		0.59049			4
2026.04.23	02:45:03.459	0.59047	0.59050			6
2026.04.23	02:45:03.759	0.59046				2
2026.04.23	02:45:05.476	0.59047				2
2026.04.23	02:45:06.378	0.59048				2
2026.04.23	02:45:09.381		0.59051			4
2026.04.23	02:45:19.719	0.59049				2
2026.04.23	02:45:20.020		0.59052			4
2026.04.23	02:45:23.030	0.59048				2
2026.04.23	02:45:24.030	0.59049				2
2026.04.23	02:45:29.995		0.59051			4
2026.04.23	02:45:30.298		0.59052			4
2026.04.23	02:45:36.827	0.59048				2
2026.04.23	02:45:37.795		0.59051			4
2026.04.23	02:45:38.461		0.59052			4
2026.04.23	02:45:39.396	0.59049				2
2026.04.23	02:45:51.492		0.59051			4
2026.04.23	02:46:00.204	0.59048				2
2026.04.23	02:46:02.306	0.59049				2
2026.04.23	02:46:02.908	0.59048				2
2026.04.23	02:46:13.121	0.59049				2
2026.04.23	02:46:18.830	0.59050	0.59053			6
2026.04.23	02:46:19.129		0.59052			4
2026.04.23	02:46:19.430		0.59053			4
2026.04.23	02:46:20.632		0.59052			4
2026.04.23	02:46:26.050	0.59049				2
2026.04.23	02:47:00.148	0.59049				2
2026.04.23	02:47:21.280		0.59052			4
2026.04.23	02:47:59.083	0.59050				2
2026.04.23	02:48:00.285	0.59050				2
2026.04.23	02:48:11.102	0.59049	0.59051			6
2026.04.23	02:48:48.091	0.59050	0.59052			6
2026.04.23	02:48:49.291	0.59049	0.59051			6
2026.04.23	02:49:00.129	0.59049				2
2026.04.23	02:49:02.534	0.59050				2
2026.04.23	02:49:04.337	0.59051	0.59053			6
2026.04.23	02:49:07.649	0.59050	0.59052			6
2026.04.23	02:49:12.453	0.59049	0.59051			6
2026.04.23	02:49:13.356		0.59052			4
2026.04.23	02:49:19.392		0.59051			4
2026.04.23	02:50:00.276	0.59049				2
2026.04.23	02:50:03.282	0.59048	0.59050			6
2026.04.23	02:50:07.791	0.59049	0.59051			6
2026.04.23	02:50:08.994	0.59048				2
2026.04.23	02:50:12.197	0.59049				2
2026.04.23	02:50:24.820	0.59048	0.59050			6
2026.04.23	02:50:37.455	0.59049	0.59051			6
2026.04.23	02:50:55.490	0.59050	0.59052			6
2026.04.23	02:50:55.791	0.59049	0.59051			6
2026.04.23	02:51:00.005	0.59049				2
2026.04.23	02:51:19.239	0.59044	0.59046			6
2026.04.23	02:51:20.141	0.59043	0.59047			6
2026.04.23	02:51:44.962		0.59046			4
2026.04.23	02:51:55.276	0.59041	0.59044			6
2026.04.23	02:51:59.536		0.59045			4
2026.04.23	02:52:01.504	0.59041				2
2026.04.23	02:52:03.327	0.59039	0.59043			6
2026.04.23	02:52:03.926	0.59038	0.59042			6
2026.04.23	02:52:04.828		0.59041			4
2026.04.23	02:52:05.731		0.59042			4
2026.04.23	02:52:06.031		0.59041			4
2026.04.23	02:52:08.253	0.59037				2
2026.04.23	02:52:12.083	0.59038	0.59042			6
2026.04.23	02:52:12.383	0.59039	0.59043			6
2026.04.23	02:52:13.586	0.59038	0.59042			6
2026.04.23	02:52:16.887	0.59040				2
2026.04.23	02:52:17.191	0.59038				2
2026.04.23	02:52:17.489	0.59040				2
2026.04.23	02:52:17.790	0.59038				2
2026.04.23	02:52:18.089	0.59040				2
2026.04.23	02:52:18.386	0.59042	0.59043			6
2026.04.23	02:52:18.692	0.59038	0.59042			6
2026.04.23	02:52:25.298	0.59039				2
2026.04.23	02:52:25.903		0.59043			4
2026.04.23	02:52:26.201	0.59040				2
2026.04.23	02:52:29.814	0.59039				2
2026.04.23	02:52:37.064	0.59040				2
2026.04.23	02:52:42.170	0.59039				2
2026.04.23	02:52:44.272		0.59042			4
2026.04.23	02:52:47.883	0.59038				2
2026.04.23	02:52:55.195		0.59041			4
2026.04.23	02:53:01.036	0.59038				2
2026.04.23	02:53:02.230		0.59042			4
2026.04.23	02:53:02.531	0.59039				2
2026.04.23	02:53:02.832	0.59038				2
2026.04.23	02:53:10.355		0.59041			4
2026.04.23	02:53:18.359		0.59042			4
2026.04.23	02:53:25.417	0.59039				2
2026.04.23	02:53:30.175	0.59040				2
2026.04.23	02:53:30.475	0.59039				2
2026.04.23	02:53:30.777	0.59040				2
2026.04.23	02:53:31.378	0.59039				2
2026.04.23	02:53:31.682	0.59040				2
2026.04.23	02:53:31.983	0.59039				2
2026.04.23	02:53:41.300	0.59038	0.59041			6
2026.04.23	02:53:49.205		0.59042			4
2026.04.23	02:53:53.165	0.59039				2
2026.04.23	02:53:53.466	0.59038				2
2026.04.23	02:53:54.950		0.59041			4
2026.04.23	02:54:00.364	0.59038				2
2026.04.23	02:54:05.081	0.59039	0.59042			6
2026.04.23	02:54:08.171	0.59037	0.59040			6
2026.04.23	02:54:09.378		0.59041			4
2026.04.23	02:54:09.677		0.59040			4
2026.04.23	02:54:10.883	0.59039	0.59042			6
2026.04.23	02:54:19.441	0.59040	0.59043			6
2026.04.23	02:54:29.177	0.59042	0.59045			6
2026.04.23	02:54:32.579	0.59041	0.59044			6
2026.04.23	02:54:32.879	0.59040				2
2026.04.23	02:54:33.180		0.59042			4
2026.04.23	02:54:36.789		0.59043			4
2026.04.23	02:54:43.820		0.59042			4
2026.04.23	02:54:44.422		0.59043			4
2026.04.23	02:54:47.939		0.59042			4
2026.04.23	02:54:48.242		0.59043			4
2026.04.23	02:54:49.664	0.59043	0.59046			6
2026.04.23	02:54:55.384		0.59045			4
2026.04.23	02:54:58.956	0.59042				2
2026.04.23	02:55:00.446	0.59042				2
2026.04.23	02:55:01.642		0.59044			4
2026.04.23	02:55:01.942	0.59040				2
2026.04.23	02:55:02.244		0.59043			4
2026.04.23	02:55:03.764		0.59044			4
2026.04.23	02:55:04.065		0.59043			4
2026.04.23	02:55:05.866		0.59044			4
2026.04.23	02:55:06.167		0.59043			4
2026.04.23	02:55:09.217		0.59044			4
2026.04.23	02:55:11.924	0.59041				2
2026.04.23	02:55:15.687		0.59043			4
2026.04.23	02:55:15.987	0.59040	0.59044			6
2026.04.23	02:55:20.216		0.59043			4
2026.04.23	02:55:20.516		0.59044			4
2026.04.23	02:55:21.300		0.59043			4
2026.04.23	02:55:22.800		0.59044			4
2026.04.23	02:55:24.961		0.59043			4
2026.04.23	02:55:30.071	0.59039				2
2026.04.23	02:55:35.480		0.59042			4
2026.04.23	02:55:36.384		0.59043			4
2026.04.23	02:55:36.685		0.59042			4
2026.04.23	02:55:57.592	0.59040	0.59043			6
2026.04.23	02:55:57.893		0.59042			4
2026.04.23	02:55:58.194		0.59043			4
2026.04.23	02:56:00.296	0.59040				2
2026.04.23	02:56:03.483	0.59039				2
2026.04.23	02:56:07.385		0.59042			4
2026.04.23	02:56:10.089	0.59040				2
2026.04.23	02:56:11.594		0.59043			4
2026.04.23	02:56:13.379	0.59039				2
2026.04.23	02:56:18.128	0.59040				2
2026.04.23	02:56:18.427		0.59044			4
2026.04.23	02:56:19.379	0.59039	0.59043			6
2026.04.23	02:56:21.181		0.59042			4
2026.04.23	02:56:25.216		0.59041			4
2026.04.23	02:56:51.720	0.59040	0.59042			6
2026.04.23	02:56:56.556	0.59041	0.59043			6
2026.04.23	02:56:56.855	0.59040				2
2026.04.23	02:56:57.681		0.59042			4
2026.04.23	02:56:59.983	0.59041				2
2026.04.23	02:57:00.451	0.59041				2
2026.04.23	02:57:00.751		0.59043			4
2026.04.23	02:57:01.512	0.59040	0.59041			6
2026.04.23	02:57:02.113		0.59042			4
2026.04.23	02:57:08.392		0.59041			4
2026.04.23	02:57:21.326		0.59042			4
2026.04.23	02:57:23.935		0.59043			4
2026.04.23	02:57:36.502		0.59042			4
2026.04.23	02:57:38.010		0.59041			4
2026.04.23	02:57:38.307	0.59039	0.59042			6
2026.04.23	02:57:38.611		0.59041			4
2026.04.23	02:57:39.510	0.59037	0.59040			6
2026.04.23	02:57:39.815		0.59039			4
2026.04.23	02:57:45.032	0.59036				2
2026.04.23	02:57:58.596	0.59039	0.59042			6
2026.04.23	02:58:00.010	0.59039				2
2026.04.23	02:58:00.311	0.59040	0.59043			6
2026.04.23	02:58:03.016		0.59042			4
2026.04.23	02:58:07.569	0.59039				2
2026.04.23	02:58:08.305		0.59041			4
2026.04.23	02:58:10.141	0.59038				2
2026.04.23	02:58:20.415	0.59039				2
2026.04.23	02:58:22.321		0.59042			4
2026.04.23	02:58:25.173	0.59038				2
2026.04.23	02:58:25.474	0.59039				2
2026.04.23	02:58:26.978	0.59040				2
2026.04.23	02:58:30.285		0.59043			4
2026.04.23	02:58:41.298	0.59041	0.59044			6
2026.04.23	02:58:50.785	0.59042	0.59045			6
2026.04.23	02:58:52.331	0.59043	0.59046			6
2026.04.23	02:59:01.866	0.59043				2
2026.04.23	02:59:06.035		0.59045			4
2026.04.23	02:59:07.921		0.59046			4
2026.04.23	02:59:08.230	0.59044				2
2026.04.23	02:59:08.530		0.59047			4
2026.04.23	02:59:10.536	0.59046	0.59049			6
2026.04.23	02:59:10.836	0.59047				2
2026.04.23	02:59:14.010	0.59048	0.59050			6
2026.04.23	02:59:17.276	0.59047				2
2026.04.23	02:59:17.879		0.59049			4
2026.04.23	02:59:19.083	0.59046				2
2026.04.23	02:59:21.005	0.59047				2
2026.04.23	02:59:23.579		0.59050			4
2026.04.23	02:59:25.245	0.59048				2
2026.04.23	02:59:25.847		0.59051			4
2026.04.23	02:59:31.257	0.59047	0.59050			6
2026.04.23	02:59:31.557	0.59046				2
2026.04.23	02:59:32.158	0.59047	0.59049			6
2026.04.23	02:59:35.106		0.59050			4
2026.04.23	02:59:36.432		0.59049			4
2026.04.23	02:59:36.815		0.59050			4
2026.04.23	02:59:39.766		0.59049			4
2026.04.23	02:59:45.529	0.59046				2
2026.04.23	02:59:46.128	0.59047				2
2026.04.23	02:59:54.107		0.59050			4
2026.04.23	02:59:56.303	0.59048	0.59051			6
2026.04.23	02:59:58.144	0.59047				2
2026.04.23	02:59:58.855	0.59049				2
2026.04.23	02:59:59.755	0.59048				2
2026.04.23	03:00:00.057	0.59048				2
2026.04.23	03:00:00.362	0.59049				2
2026.04.23	03:00:00.664		0.59052			4
2026.04.23	03:00:00.960	0.59048				2
2026.04.23	03:00:01.262	0.59047	0.59050			6
2026.04.23	03:00:01.561	0.59046				2
2026.04.23	03:00:02.163	0.59048				2
2026.04.23	03:00:03.662		0.59051			4
2026.04.23	03:00:04.263		0.59050			4
2026.04.23	03:00:07.800	0.59047	0.59048			6
2026.04.23	03:00:08.098	0.59046	0.59049			6
2026.04.23	03:00:08.398		0.59048			4
2026.04.23	03:00:08.698	0.59045				2
2026.04.23	03:00:08.999	0.59043	0.59046			6
2026.04.23	03:00:09.299	0.59044				2
2026.04.23	03:00:09.599		0.59047			4
2026.04.23	03:00:10.501	0.59043	0.59046			6
2026.04.23	03:00:10.801	0.59045				2
2026.04.23	03:00:11.101		0.59047			4
2026.04.23	03:00:11.701	0.59047	0.59049			6
2026.04.23	03:00:12.302		0.59050			4
2026.04.23	03:00:13.203		0.59048			4
2026.04.23	03:00:13.503	0.59046				2
2026.04.23	03:00:13.803	0.59047				2
2026.04.23	03:00:14.104		0.59049			4
2026.04.23	03:00:14.403	0.59046				2
2026.04.23	03:00:15.004	0.59047				2
2026.04.23	03:00:15.305	0.59046				2
2026.04.23	03:00:15.605	0.59049	0.59051			6
2026.04.23	03:00:15.905		0.59052			4
2026.04.23	03:00:19.593	0.59053	0.59056			6
2026.04.23	03:00:21.206	0.59052	0.59055			6
2026.04.23	03:00:21.806	0.59051	0.59054			6
2026.04.23	03:00:22.719		0.59053			4
2026.04.23	03:00:23.020	0.59052				2
2026.04.23	03:00:23.320	0.59051	0.59054			6
2026.04.23	03:00:23.927		0.59053			4
2026.04.23	03:00:24.529	0.59050				2
2026.04.23	03:00:25.425	0.59051	0.59052			6
2026.04.23	03:00:25.729	0.59050	0.59053			6
2026.04.23	03:00:26.029		0.59052			4
2026.04.23	03:00:27.834		0.59053			4
2026.04.23	03:00:28.949	0.59051				2
2026.04.23	03:00:29.250		0.59054			4
2026.04.23	03:00:30.450	0.59050				2
2026.04.23	03:00:30.750		0.59053			4
2026.04.23	03:00:31.509	0.59052				2
2026.04.23	03:00:32.410	0.59050				2
2026.04.23	03:00:33.751	0.59049	0.59052			6
2026.04.23	03:00:34.351		0.59051			4
2026.04.23	03:00:35.551	0.59050	0.59052			6
2026.04.23	03:00:36.267		0.59053			4
2026.04.23	03:00:36.567	0.59049	0.59052			6
2026.04.23	03:00:36.866	0.59050				2
2026.04.23	03:00:37.167	0.59049				2
2026.04.23	03:00:38.069	0.59050				2
2026.04.23	03:00:38.370	0.59049				2
2026.04.23	03:00:38.971		0.59051			4
2026.04.23	03:00:40.140	0.59048				2
2026.04.23	03:00:40.441		0.59050			4
2026.04.23	03:00:42.693	0.59049				2
2026.04.23	03:00:43.594	0.59048				2
2026.04.23	03:00:44.195	0.59049	0.59051			6
2026.04.23	03:00:46.316		0.59052			4
2026.04.23	03:00:46.616		0.59051			4
2026.04.23	03:00:47.424	0.59048				2
2026.04.23	03:00:47.724		0.59050			4
2026.04.23	03:00:48.046		0.59051			4
2026.04.23	03:00:49.313	0.59047	0.59049			6
2026.04.23	03:00:49.614	0.59046	0.59048			6
2026.04.23	03:00:49.913	0.59045				2
2026.04.23	03:00:50.514	0.59044	0.59047			6
2026.04.23	03:00:50.814	0.59043				2
2026.04.23	03:00:51.115	0.59042	0.59045			6
2026.04.23	03:00:51.415	0.59041				2
2026.04.23	03:00:51.715	0.59042				2
2026.04.23	03:00:52.315		0.59046			4
2026.04.23	03:00:52.616	0.59043				2
2026.04.23	03:00:53.217		0.59047			4
2026.04.23	03:00:53.516		0.59046			4
2026.04.23	03:00:53.817		0.59047			4
2026.04.23	03:00:54.551		0.59046			4
2026.04.23	03:00:54.852	0.59042				2
2026.04.23	03:00:55.453	0.59040	0.59043			6
2026.04.23	03:00:55.752	0.59039	0.59042			6
2026.04.23	03:00:56.653	0.59041	0.59044			6
2026.04.23	03:00:56.954	0.59040				2
2026.04.23	03:00:57.254	0.59041				2
2026.04.23	03:00:59.057	0.59040	0.59043			6
2026.04.23	03:00:59.961		0.59042			4
2026.04.23	03:01:00.261	0.59040	0.59044			6
2026.04.23	03:01:00.561	0.59041				2
2026.04.23	03:01:01.463	0.59040	0.59043			6
2026.04.23	03:01:01.764	0.59039				2
2026.04.23	03:01:02.966		0.59042			4
2026.04.23	03:01:03.611		0.59043			4
2026.04.23	03:01:03.911	0.59040				2
2026.04.23	03:01:04.512		0.59042			4
2026.04.23	03:01:05.111	0.59039	0.59043			6
2026.04.23	03:01:05.412	0.59040				2
2026.04.23	03:01:06.013	0.59039				2
2026.04.23	03:01:07.838		0.59042			4
2026.04.23	03:01:09.211	0.59038	0.59039			6
2026.04.23	03:01:09.507	0.59034	0.59037			6
2026.04.23	03:01:11.721	0.59033	0.59034			6
2026.04.23	03:01:12.017	0.59030	0.59032			6
2026.04.23	03:01:12.318	0.59028				2
2026.04.23	03:01:15.487	0.59029				2
2026.04.23	03:01:15.787		0.59033			4
2026.04.23	03:01:16.992		0.59032			4
2026.04.23	03:01:17.293	0.59028				2
2026.04.23	03:01:20.679	0.59027	0.59031			6
2026.04.23	03:01:20.980	0.59028				2
2026.04.23	03:01:21.280	0.59027	0.59030			6
2026.04.23	03:01:21.881	0.59028				2
2026.04.23	03:01:22.182	0.59027	0.59031			6
2026.04.23	03:01:22.481	0.59028	0.59032			6
2026.04.23	03:01:22.781		0.59031			4
2026.04.23	03:01:23.382	0.59029				2
2026.04.23	03:01:23.983		0.59033			4
2026.04.23	03:01:25.378		0.59032			4
2026.04.23	03:01:30.487	0.59028				2
2026.04.23	03:01:30.788		0.59031			4
2026.04.23	03:01:31.391	0.59027				2
2026.04.23	03:01:31.691		0.59030			4
2026.04.23	03:01:33.001	0.59028				2
2026.04.23	03:01:33.302	0.59027				2
2026.04.23	03:01:33.601	0.59028				2
2026.04.23	03:01:34.202		0.59031			4
2026.04.23	03:01:34.802		0.59030			4
2026.04.23	03:01:36.008		0.59031			4
2026.04.23	03:01:37.879	0.59029	0.59032			6
2026.04.23	03:01:38.179		0.59033			4
2026.04.23	03:01:38.479		0.59032			4
2026.04.23	03:01:46.909	0.59028				2
2026.04.23	03:01:48.224	0.59029				2
2026.04.23	03:01:50.102		0.59033			4
2026.04.23	03:01:50.404	0.59033	0.59035			6
2026.04.23	03:01:50.702	0.59034	0.59038			6
2026.04.23	03:01:51.303		0.59037			4
2026.04.23	03:01:52.204		0.59038			4
2026.04.23	03:01:54.238	0.59036	0.59039			6
2026.04.23	03:01:54.837	0.59035				2
2026.04.23	03:01:56.039	0.59036				2
2026.04.23	03:01:56.340	0.59035				2
2026.04.23	03:01:57.377		0.59038			4
2026.04.23	03:01:57.677	0.59034				2
2026.04.23	03:01:57.977		0.59037			4
2026.04.23	03:02:00.196	0.59034				2
2026.04.23	03:02:01.723		0.59036			4
2026.04.23	03:02:03.224	0.59031	0.59034			6
2026.04.23	03:02:03.524	0.59030	0.59033			6
2026.04.23	03:02:04.128	0.59032	0.59036			6
2026.04.23	03:02:04.730	0.59034	0.59037			6
2026.04.23	03:02:05.027	0.59035	0.59038			6
2026.04.23	03:02:06.228	0.59036	0.59039			6
2026.04.23	03:02:06.529		0.59040			4
2026.04.23	03:02:06.829	0.59037				2
2026.04.23	03:02:07.731	0.59036	0.59039			6
2026.04.23	03:02:08.331	0.59037	0.59040			6
2026.04.23	03:02:08.932	0.59036				2
2026.04.23	03:02:09.232	0.59037				2
2026.04.23	03:02:13.522	0.59036	0.59039			6
2026.04.23	03:02:15.923		0.59040			4
2026.04.23	03:02:18.961		0.59039			4
2026.04.23	03:02:19.262		0.59040			4
2026.04.23	03:02:19.862	0.59037				2
2026.04.23	03:02:20.764	0.59038				2
2026.04.23	03:02:21.064	0.59037				2
2026.04.23	03:02:21.364	0.59038	0.59042			6
2026.04.23	03:02:25.443		0.59041			4
2026.04.23	03:02:27.210	0.59040	0.59044			6
2026.04.23	03:02:32.391	0.59042	0.59045			6
2026.04.23	03:02:34.191	0.59043	0.59046			6
2026.04.23	03:02:34.491	0.59045	0.59048			6
2026.04.23	03:02:34.791		0.59049			4
2026.04.23	03:02:35.092	0.59047	0.59050			6
2026.04.23	03:02:35.692		0.59049			4
2026.04.23	03:02:35.992		0.59050			4
2026.04.23	03:02:36.592	0.59046	0.59049			6
2026.04.23	03:02:36.893	0.59048	0.59051			6
2026.04.23	03:02:38.856	0.59050	0.59053			6
2026.04.23	03:02:40.362	0.59051	0.59054			6
2026.04.23	03:02:40.660	0.59052	0.59055			6
2026.04.23	03:02:41.260		0.59054			4
2026.04.23	03:02:41.561		0.59055			4
2026.04.23	03:02:41.861		0.59054			4
2026.04.23	03:02:42.162	0.59051				2
2026.04.23	03:02:45.467	0.59050	0.59053			6
2026.04.23	03:02:45.765	0.59049	0.59052			6
2026.04.23	03:02:49.526		0.59051			4
2026.04.23	03:02:51.367		0.59052			4
2026.04.23	03:02:51.668		0.59051			4
2026.04.23	03:02:53.470	0.59047	0.59050			6
