<DATE>	<TIME>	<BID>	<ASK>	<LAST>	<VOLUME>	<FLAGS>
2026.05.20	00:03:30.571	0.58352	0.58379			6
2026.05.20	00:04:00.120	0.58352				2
2026.05.20	00:04:30.853		0.58379			4
2026.05.20	00:05:00.056	0.58352				2
2026.05.20	00:05:31.087		0.58379			4
2026.05.20	00:06:00.000	0.58352				2
2026.05.20	00:06:31.328		0.58379			4
2026.05.20	00:07:00.239	0.58352				2
2026.05.20	00:07:31.567		0.58379			4
2026.05.20	00:08:00.176	0.58352				2
2026.05.20	00:08:28.482	0.58351	0.58378			6
2026.05.20	00:09:00.099	0.58351				2
2026.05.20	00:09:28.709		0.58378			4
2026.05.20	00:10:00.014	0.58351				2
2026.05.20	00:10:28.894		0.58378			4
2026.05.20	00:11:00.200	0.58351				2
2026.05.20	00:11:18.838	0.58342	0.58369			6
2026.05.20	00:11:25.462	0.58327				2
2026.05.20	00:11:56.745	0.58317				2
2026.05.20	00:12:00.055	0.58317				2
2026.05.20	00:12:19.008		0.58369			4
2026.05.20	00:13:00.275	0.58317				2
2026.05.20	00:13:19.229		0.58369			4
2026.05.20	00:14:00.164	0.58317				2
2026.05.20	00:14:19.433		0.58369			4
2026.05.20	00:15:00.057	0.58317				2
2026.05.20	00:15:19.621		0.58369			4
2026.05.20	00:16:00.257	0.58317				2
2026.05.20	00:16:19.820		0.58369			4
2026.05.20	00:17:00.152	0.58317				2
2026.05.20	00:17:06.783	0.58310				2
2026.05.20	00:17:20.027		0.58369			4
2026.05.20	00:18:00.059	0.58310				2
2026.05.20	00:18:02.770	0.58297	0.58368			6
2026.05.20	00:18:03.374	0.58294				2
2026.05.20	00:18:04.279	0.58280				2
2026.05.20	00:18:05.181	0.58275				2
2026.05.20	00:18:05.484	0.58280				2
2026.05.20	00:18:06.085	0.58275				2
2026.05.20	00:18:06.386	0.58280				2
2026.05.20	00:18:07.289	0.58275				2
2026.05.20	00:18:08.190	0.58293				2
2026.05.20	00:18:09.093	0.58275				2
2026.05.20	00:18:09.398	0.58289				2
2026.05.20	00:18:10.300	0.58280				2
2026.05.20	00:18:11.203	0.58275				2
2026.05.20	00:18:11.507	0.58280				2
2026.05.20	00:18:12.108	0.58275				2
2026.05.20	00:18:15.125	0.58295				2
2026.05.20	00:18:16.329	0.58280				2
2026.05.20	00:18:16.628	0.58287				2
2026.05.20	00:18:17.230	0.58280				2
2026.05.20	00:18:18.133	0.58275				2
2026.05.20	00:18:18.434	0.58280				2
2026.05.20	00:18:19.338	0.58275				2
2026.05.20	00:18:22.345	0.58295				2
2026.05.20	00:18:23.248	0.58280				2
2026.05.20	00:18:24.149	0.58275				2
2026.05.20	00:18:24.449	0.58282				2
2026.05.20	00:18:25.353	0.58275				2
2026.05.20	00:18:27.162	0.58295				2
2026.05.20	00:18:28.364	0.58280				2
2026.05.20	00:18:29.267	0.58275				2
2026.05.20	00:18:30.169	0.58293				2
2026.05.20	00:18:31.376	0.58280				2
2026.05.20	00:18:32.273	0.58275				2
2026.05.20	00:18:34.380	0.58295				2
2026.05.20	00:18:35.282	0.58280				2
2026.05.20	00:18:36.187	0.58275				2
2026.05.20	00:18:37.388	0.58292				2
2026.05.20	00:18:38.293	0.58280				2
2026.05.20	00:18:39.200	0.58275				2
2026.05.20	00:18:39.500	0.58280				2
2026.05.20	00:18:42.208	0.58275				2
2026.05.20	00:18:44.318	0.58295				2
2026.05.20	00:18:45.220	0.58275				2
2026.05.20	00:18:45.522	0.58280				2
2026.05.20	00:18:46.126	0.58275				2
2026.05.20	00:18:46.425	0.58280				2
2026.05.20	00:18:46.726	0.58287				2
2026.05.20	00:18:47.329	0.58280				2
2026.05.20	00:18:48.228	0.58275				2
2026.05.20	00:18:50.338	0.58295				2
2026.05.20	00:18:51.238	0.58275				2
2026.05.20	00:18:51.538	0.58280				2
2026.05.20	00:18:52.138	0.58275				2
2026.05.20	00:18:52.439	0.58280				2
2026.05.20	00:18:52.739	0.58286				2
2026.05.20	00:18:54.247	0.58275				2
2026.05.20	00:18:55.150	0.58293				2
2026.05.20	00:18:56.353	0.58280				2
2026.05.20	00:18:58.157	0.58275				2
2026.05.20	00:18:58.462	0.58280				2
2026.05.20	00:18:59.061	0.58291				2
2026.05.20	00:18:59.361	0.58275				2
2026.05.20	00:19:00.266	0.58275				2
2026.05.20	00:19:02.379	0.58295				2
2026.05.20	00:19:02.984		0.58368			4
2026.05.20	00:19:03.283	0.58280				2
2026.05.20	00:19:04.184	0.58275				2
2026.05.20	00:19:04.484	0.58280				2
2026.05.20	00:19:05.084		0.58367			4
2026.05.20	00:19:05.384		0.58368			4
2026.05.20	00:19:06.287	0.58275	0.58367			6
2026.05.20	00:19:07.489		0.58366			4
2026.05.20	00:19:07.789		0.58367			4
2026.05.20	00:19:09.291	0.58295	0.58368			6
2026.05.20	00:19:10.192	0.58275				2
2026.05.20	00:19:10.493	0.58280				2
2026.05.20	00:19:11.093	0.58275	0.58367			6
2026.05.20	00:19:11.394	0.58280	0.58368			6
2026.05.20	00:19:12.299	0.58275	0.58367			6
2026.05.20	00:19:12.599	0.58325	0.58368			6
2026.05.20	00:19:13.503	0.58343	0.58370			6
2026.05.20	00:19:14.707	0.58345				2
2026.05.20	00:20:00.139	0.58345				2
2026.05.20	00:20:00.436	0.58330				2
2026.05.20	00:20:02.074	0.58329				2
2026.05.20	00:20:06.923	0.58331				2
2026.05.20	00:20:14.923		0.58370			4
2026.05.20	00:20:17.025	0.58341				2
2026.05.20	00:20:21.843	0.58343				2
2026.05.20	00:20:37.184	0.58349				2
2026.05.20	00:20:53.735	0.58351				2
2026.05.20	00:20:54.337	0.58346				2
2026.05.20	00:21:00.060	0.58346				2
2026.05.20	00:21:04.878	0.58350				2
2026.05.20	00:21:15.106		0.58370			4
2026.05.20	00:21:25.644	0.58348				2
2026.05.20	00:21:28.354	0.58352				2
2026.05.20	00:22:00.259	0.58352				2
2026.05.20	00:22:15.318		0.58370			4
2026.05.20	00:22:34.901	0.58339				2
2026.05.20	00:22:40.325	0.58340				2
2026.05.20	00:22:40.925	0.58339				2
2026.05.20	00:23:00.823	0.58339				2
2026.05.20	00:23:01.125	0.58340				2
2026.05.20	00:23:15.824		0.58370			4
2026.05.20	00:23:25.426	0.58341				2
2026.05.20	00:23:53.024	0.58342				2
2026.05.20	00:24:00.524	0.58342				2
2026.05.20	00:24:16.124		0.58370			4
2026.05.20	00:24:21.524	0.58343				2
2026.05.20	00:24:56.024	0.58344				2
2026.05.20	00:25:00.524	0.58344				2
2026.05.20	00:25:17.323		0.58370			4
2026.05.20	00:25:23.024	0.58340	0.58365			6
2026.05.20	00:25:33.263	0.58337				2
2026.05.20	00:26:00.073	0.58337				2
2026.05.20	00:26:23.244		0.58365			4
2026.05.20	00:26:34.072	0.58338	0.58382			6
2026.05.20	00:26:45.812	0.58353	0.58389			6
2026.05.20	00:27:02.094	0.58353				2
2026.05.20	00:27:06.472	0.58351				2
2026.05.20	00:27:06.774	0.58350				2
2026.05.20	00:27:11.423	0.58352				2
2026.05.20	00:27:21.686	0.58350				2
2026.05.20	00:27:21.986	0.58349				2
2026.05.20	00:27:36.609		0.58390			4
2026.05.20	00:27:45.225		0.58389			4
2026.05.20	00:27:45.525	0.58352				2
2026.05.20	00:27:45.825		0.58388			4
2026.05.20	00:27:49.144	0.58359	0.58390			6
2026.05.20	00:27:50.050	0.58360				2
2026.05.20	00:27:52.160	0.58363	0.58399			6
2026.05.20	00:28:00.285	0.58363				2
2026.05.20	00:28:07.805		0.58391			4
2026.05.20	00:28:09.305	0.58362				2
2026.05.20	00:28:14.121	0.58363				2
2026.05.20	00:28:16.238		0.58393			4
2026.05.20	00:28:16.838	0.58372	0.58410			6
2026.05.20	00:28:17.138	0.58373				2
2026.05.20	00:28:17.742	0.58371				2
2026.05.20	00:28:21.352		0.58409			4
2026.05.20	00:28:22.858	0.58372				2
2026.05.20	00:28:24.964		0.58411			4
2026.05.20	00:28:25.866	0.58371				2
2026.05.20	00:28:34.591	0.58372				2
2026.05.20	00:28:40.918	0.58371				2
2026.05.20	00:28:42.427		0.58412			4
2026.05.20	00:28:55.076	0.58369				2
2026.05.20	00:28:56.279		0.58402			4
2026.05.20	00:29:00.192	0.58369				2
2026.05.20	00:29:13.743	0.58368				2
2026.05.20	00:29:17.963	0.58367				2
2026.05.20	00:29:26.388	0.58368	0.58405			6
2026.05.20	00:29:36.331	0.58367				2
2026.05.20	00:29:54.685	0.58368				2
2026.05.20	00:29:56.487	0.58367				2
2026.05.20	00:29:59.496	0.58366				2
2026.05.20	00:30:00.099	0.58366				2
2026.05.20	00:30:00.396	0.58362				2
2026.05.20	00:30:04.615	0.58360				2
2026.05.20	00:30:04.915	0.58361	0.58430			6
2026.05.20	00:30:06.425		0.58420			4
2026.05.20	00:30:08.828	0.58362				2
2026.05.20	00:30:09.729		0.58429			4
2026.05.20	00:30:11.231	0.58361	0.58408			6
2026.05.20	00:30:16.350	0.58362	0.58409			6
2026.05.20	00:30:16.651	0.58361	0.58408			6
2026.05.20	00:30:23.275	0.58360				2
2026.05.20	00:30:27.188	0.58361				2
2026.05.20	00:30:31.100	0.58360				2
2026.05.20	00:30:32.004		0.58407			4
2026.05.20	00:31:00.290	0.58360				2
2026.05.20	00:31:03.597	0.58361				2
2026.05.20	00:31:04.198		0.58430			4
2026.05.20	00:31:09.030		0.58420			4
2026.05.20	00:31:13.541	0.58359	0.58426			6
2026.05.20	00:31:13.844		0.58411			4
2026.05.20	00:31:23.787		0.58430			4
2026.05.20	00:31:32.811		0.58415			4
2026.05.20	00:31:58.403		0.58419			4
2026.05.20	00:31:58.703		0.58409			4
2026.05.20	00:32:00.212	0.58359				2
2026.05.20	00:32:04.728		0.58423			4
2026.05.20	00:32:07.147		0.58422			4
2026.05.20	00:32:08.650		0.58421			4
2026.05.20	00:32:10.754		0.58411			4
2026.05.20	00:32:13.464		0.58420			4
2026.05.20	00:32:14.368		0.58410			4
2026.05.20	00:32:21.593		0.58422			4
2026.05.20	00:32:21.892		0.58410			4
2026.05.20	00:32:37.852		0.58426			4
2026.05.20	00:32:41.171		0.58409			4
2026.05.20	00:32:42.675		0.58416			4
2026.05.20	00:32:49.591		0.58407			4
2026.05.20	00:32:52.908		0.58425			4
2026.05.20	00:32:57.730		0.58416			4
2026.05.20	00:33:00.140	0.58359	0.58409			6
2026.05.20	00:33:07.662		0.58427			4
2026.05.20	00:33:09.162		0.58419			4
2026.05.20	00:33:09.463		0.58413			4
2026.05.20	00:33:16.398		0.58409			4
2026.05.20	00:33:16.997	0.58365	0.58412			6
2026.05.20	00:33:17.300	0.58369				2
2026.05.20	00:33:19.107	0.58365	0.58418			6
2026.05.20	00:33:29.329	0.58364	0.58430			6
2026.05.20	00:33:29.628		0.58429			4
2026.05.20	00:33:30.826		0.58423			4
2026.05.20	00:33:33.533		0.58425			4
2026.05.20	00:33:44.684		0.58412			4
2026.05.20	00:33:47.087		0.58430			4
2026.05.20	00:33:51.899		0.58425			4
2026.05.20	00:33:53.107		0.58426			4
2026.05.20	00:34:00.030	0.58364				2
2026.05.20	00:34:01.533		0.58417			4
2026.05.20	00:34:03.339		0.58423			4
2026.05.20	00:34:03.639		0.58427			4
2026.05.20	00:34:09.362		0.58421			4
2026.05.20	00:34:13.884		0.58425			4
2026.05.20	00:34:18.691		0.58423			4
2026.05.20	00:34:18.991		0.58424			4
2026.05.20	00:34:24.112		0.58419			4
2026.05.20	00:34:36.762	0.58365	0.58422			6
2026.05.20	00:34:39.472	0.58364				2
2026.05.20	00:34:40.082	0.58365				2
2026.05.20	00:34:40.686		0.58423			4
2026.05.20	00:34:41.585	0.58364				2
2026.05.20	00:34:44.295	0.58365				2
2026.05.20	00:34:48.509	0.58364				2
2026.05.20	00:34:50.011	0.58365				2
2026.05.20	00:34:51.519	0.58370				2
2026.05.20	00:34:51.817	0.58373	0.58425			6
2026.05.20	00:34:52.428		0.58416			4
2026.05.20	00:34:52.726	0.58370				2
2026.05.20	00:35:00.251	0.58370				2
2026.05.20	00:35:15.300		0.58437			4
2026.05.20	00:35:15.904		0.58429			4
2026.05.20	00:35:24.638		0.58430			4
2026.05.20	00:35:26.141		0.58432			4
2026.05.20	00:35:36.375		0.58433			4
2026.05.20	00:35:40.285		0.58421			4
2026.05.20	00:35:41.186		0.58432			4
2026.05.20	00:35:45.093		0.58421			4
2026.05.20	00:35:52.912	0.58373	0.58431			6
2026.05.20	00:35:53.213		0.58419			4
2026.05.20	00:36:00.136	0.58373				2
2026.05.20	00:36:02.247		0.58433			4
2026.05.20	00:36:02.546		0.58412			4
2026.05.20	00:36:06.456		0.58417			4
2026.05.20	00:36:27.199		0.58412			4
2026.05.20	00:36:27.501		0.58417			4
2026.05.20	00:36:28.401		0.58418			4
2026.05.20	00:36:28.702		0.58417			4
2026.05.20	00:36:29.306		0.58411			4
2026.05.20	00:36:29.607		0.58417			4
2026.05.20	00:36:31.710		0.58426			4
2026.05.20	00:36:32.912		0.58417			4
2026.05.20	00:36:33.515		0.58418			4
2026.05.20	00:36:36.827		0.58412			4
2026.05.20	00:36:37.128		0.58418			4
2026.05.20	00:36:43.137		0.58411			4
2026.05.20	00:36:43.437		0.58417			4
2026.05.20	00:36:56.662		0.58432			4
2026.05.20	00:36:58.176		0.58411			4
2026.05.20	00:37:00.288	0.58373				2
2026.05.20	00:37:03.888		0.58432			4
2026.05.20	00:37:04.188		0.58417			4
2026.05.20	00:37:06.292		0.58411			4
2026.05.20	00:37:06.892		0.58417			4
2026.05.20	00:37:07.495		0.58411			4
2026.05.20	00:37:07.797		0.58417			4
2026.05.20	00:37:11.404		0.58411			4
2026.05.20	00:37:11.710		0.58417			4
2026.05.20	00:37:13.513		0.58411			4
2026.05.20	00:37:13.812		0.58417			4
2026.05.20	00:37:16.817		0.58420			4
2026.05.20	00:37:20.125		0.58417			4
2026.05.20	00:37:24.330		0.58424			4
2026.05.20	00:37:24.630	0.58374	0.58435			6
2026.05.20	00:37:24.937	0.58375				2
2026.05.20	00:37:26.443	0.58373	0.58425			6
2026.05.20	00:37:26.743		0.58420			4
2026.05.20	00:37:28.246		0.58409			4
2026.05.20	00:37:28.548		0.58417			4
2026.05.20	00:37:29.148		0.58418			4
2026.05.20	00:37:29.450		0.58420			4
2026.05.20	00:37:30.352		0.58409			4
2026.05.20	00:37:30.652		0.58420			4
2026.05.20	00:37:30.953		0.58408			4
2026.05.20	00:37:31.252		0.58409			4
2026.05.20	00:37:31.553		0.58420			4
2026.05.20	00:37:31.854		0.58419			4
2026.05.20	00:37:32.755		0.58417			4
2026.05.20	00:37:33.356		0.58409			4
2026.05.20	00:37:33.657		0.58417			4
2026.05.20	00:37:35.159		0.58405			4
2026.05.20	00:37:35.461		0.58420			4
2026.05.20	00:37:35.760		0.58424			4
2026.05.20	00:37:36.662		0.58418			4
2026.05.20	00:38:00.133	0.58373				2
2026.05.20	00:38:35.953		0.58417			4
2026.05.20	00:38:37.755		0.58409			4
2026.05.20	00:38:38.058		0.58410			4
2026.05.20	00:38:38.657		0.58417			4
2026.05.20	00:38:39.560		0.58410			4
2026.05.20	00:38:39.858		0.58418			4
2026.05.20	00:38:42.561		0.58408			4
2026.05.20	00:38:42.861		0.58418			4
2026.05.20	00:38:54.901		0.58419			4
2026.05.20	00:38:55.205		0.58418			4
2026.05.20	00:38:56.106		0.58407			4
2026.05.20	00:38:56.407		0.58418			4
2026.05.20	00:38:57.308		0.58420			4
2026.05.20	00:38:58.810		0.58419			4
2026.05.20	00:39:00.020	0.58373				2
2026.05.20	00:39:02.122		0.58418			4
2026.05.20	00:39:14.768		0.58417			4
2026.05.20	00:39:21.087		0.58418			4
2026.05.20	00:39:23.490		0.58407			4
2026.05.20	00:39:23.789		0.58418			4
2026.05.20	00:39:30.700		0.58420			4
2026.05.20	00:39:31.001		0.58419			4
2026.05.20	00:39:31.602		0.58418			4
2026.05.20	00:39:33.413	0.58374				2
2026.05.20	00:39:33.715	0.58373				2
2026.05.20	00:39:34.015		0.58420			4
2026.05.20	00:39:36.124		0.58419			4
2026.05.20	00:39:36.726	0.58374				2
2026.05.20	00:39:46.950		0.58428			4
2026.05.20	00:39:48.754		0.58419			4
2026.05.20	00:39:56.886	0.58373				2
2026.05.20	00:39:58.087		0.58418			4
2026.05.20	00:40:00.193	0.58373				2
2026.05.20	00:40:00.792		0.58408			4
2026.05.20	00:40:01.090		0.58418			4
2026.05.20	00:40:01.992		0.58409			4
2026.05.20	00:40:03.200		0.58438			4
2026.05.20	00:40:06.811		0.58440			4
2026.05.20	00:40:11.928		0.58438			4
2026.05.20	00:40:13.130		0.58435			4
2026.05.20	00:40:18.108		0.58439			4
2026.05.20	00:40:24.732		0.58435			4
2026.05.20	00:40:25.032		0.58439			4
2026.05.20	00:40:25.633		0.58435			4
2026.05.20	00:40:25.934		0.58434			4
2026.05.20	00:40:26.621		0.58439			4
2026.05.20	00:40:27.826		0.58433			4
2026.05.20	00:40:28.470		0.58436			4
2026.05.20	00:40:28.770		0.58433			4
2026.05.20	00:40:29.072		0.58440			4
2026.05.20	00:40:29.672		0.58439			4
2026.05.20	00:40:30.875		0.58432			4
2026.05.20	00:40:31.175		0.58433			4
2026.05.20	00:40:41.978		0.58434			4
2026.05.20	00:40:42.280		0.58433			4
2026.05.20	00:40:44.626		0.58440			4
2026.05.20	00:40:51.544	0.58374				2
2026.05.20	00:40:56.056		0.58438			4
2026.05.20	00:41:00.273	0.58374				2
2026.05.20	00:41:04.782		0.58439			4
2026.05.20	00:41:06.583		0.58440			4
2026.05.20	00:41:21.924		0.58439			4
2026.05.20	00:41:44.791		0.58440			4
2026.05.20	00:41:46.299		0.58438			4
2026.05.20	00:41:50.524		0.58440			4
2026.05.20	00:42:00.147	0.58374				2
2026.05.20	00:42:14.583		0.58434			4
2026.05.20	00:42:20.936		0.58440			4
2026.05.20	00:43:00.053	0.58374				2
2026.05.20	00:43:14.506	0.58371	0.58425			6
2026.05.20	00:43:14.807	0.58344	0.58403			6
2026.05.20	00:43:17.515		0.58385			4
2026.05.20	00:43:22.425		0.58386			4
2026.05.20	00:43:22.725		0.58381			4
2026.05.20	00:43:23.026	0.58359	0.58444			6
2026.05.20	00:43:23.326	0.58366	0.58461			6
2026.05.20	00:43:24.211	0.58358	0.58402			6
2026.05.20	00:43:24.512	0.58350	0.58433			6
2026.05.20	00:43:24.811	0.58348	0.58397			6
2026.05.20	00:43:25.112	0.58358	0.58459			6
2026.05.20	00:43:25.413	0.58354	0.58445			6
2026.05.20	00:43:25.713	0.58361				2
2026.05.20	00:43:26.014	0.58346	0.58438			6
2026.05.20	00:43:26.314	0.58350				2
2026.05.20	00:43:27.218	0.58346	0.58423			6
2026.05.20	00:43:27.522	0.58344	0.58400			6
2026.05.20	00:43:27.825		0.58398			4
2026.05.20	00:43:29.489		0.58390			4
2026.05.20	00:43:33.151		0.58391			4
2026.05.20	00:44:00.109	0.58344	0.58390			6
2026.05.20	00:44:08.627	0.58345	0.58389			6
2026.05.20	00:44:08.927	0.58350				2
2026.05.20	00:44:11.324		0.58390			4
2026.05.20	00:44:11.625	0.58344	0.58389			6
2026.05.20	00:44:17.234	0.58354	0.58400			6
2026.05.20	00:44:18.250		0.58399			4
2026.05.20	00:44:44.365	0.58359	0.58400			6
2026.05.20	00:44:50.444	0.58361	0.58441			6
2026.05.20	00:44:50.745	0.58360	0.58447			6
2026.05.20	00:44:51.050		0.58461			4
2026.05.20	00:44:51.759	0.58362	0.58451			6
2026.05.20	00:44:52.059	0.58359	0.58434			6
2026.05.20	00:44:52.892		0.58436			4
2026.05.20	00:44:53.191		0.58434			4
2026.05.20	00:45:00.120	0.58359				2
2026.05.20	00:45:02.827	0.58352	0.58408			6
2026.05.20	00:45:05.841	0.58359	0.58400			6
2026.05.20	00:45:31.192	0.58360	0.58399			6
2026.05.20	00:45:36.490	0.58361	0.58400			6
2026.05.20	00:45:46.719	0.58360	0.58399			6
2026.05.20	00:45:52.272	0.58359	0.58400			6
2026.05.20	00:45:53.925	0.58360	0.58399			6
2026.05.20	00:46:00.399	0.58360				2
2026.05.20	00:46:06.490	0.58361	0.58400			6
2026.05.20	00:46:16.739	0.58360	0.58399			6
2026.05.20	00:46:51.481	0.58361	0.58400			6
2026.05.20	00:47:01.575	0.58361				2
2026.05.20	00:47:01.876	0.58360	0.58399			6
2026.05.20	00:47:02.706	0.58359	0.58400			6
2026.05.20	00:47:03.006	0.58350	0.58408			6
2026.05.20	00:47:04.814	0.58360	0.58399			6
2026.05.20	00:47:06.481	0.58361	0.58400			6
2026.05.20	00:47:06.782	0.58363	0.58401			6
2026.05.20	00:47:17.090	0.58360	0.58399			6
2026.05.20	00:47:19.565	0.58363	0.58401			6
2026.05.20	00:47:31.628	0.58360	0.58399			6
2026.05.20	00:47:36.497	0.58362	0.58400			6
2026.05.20	00:47:46.834	0.58360	0.58399			6
2026.05.20	00:48:00.420	0.58360				2
2026.05.20	00:48:21.481	0.58363	0.58400			6
2026.05.20	00:48:21.781	0.58364				2
2026.05.20	00:48:31.676	0.58360	0.58399			6
2026.05.20	00:48:36.491	0.58363	0.58400			6
2026.05.20	00:48:38.044	0.58362				2
2026.05.20	00:48:45.571	0.58364	0.58401			6
2026.05.20	00:49:01.125	0.58364				2
2026.05.20	00:49:13.145	0.58369	0.58434			6
2026.05.20	00:49:13.447	0.58368	0.58409			6
2026.05.20	00:49:13.750	0.58367	0.58442			6
2026.05.20	00:49:14.050	0.58372	0.58448			6
2026.05.20	00:49:14.350	0.58363	0.58444			6
2026.05.20	00:49:14.650	0.58367	0.58461			6
2026.05.20	00:49:14.951	0.58364	0.58465			6
2026.05.20	00:49:15.251	0.58361	0.58447			6
2026.05.20	00:49:15.551	0.58364				2
2026.05.20	00:49:15.851		0.58462			4
2026.05.20	00:49:16.152	0.58361	0.58486			6
2026.05.20	00:49:16.452	0.58357	0.58449			6
2026.05.20	00:49:16.753	0.58361	0.58462			6
2026.05.20	00:49:17.054		0.58449			4
2026.05.20	00:49:17.354		0.58465			4
2026.05.20	00:49:17.654	0.58359	0.58456			6
2026.05.20	00:49:17.955	0.58364	0.58453			6
2026.05.20	00:49:18.255	0.58357	0.58464			6
2026.05.20	00:49:18.555	0.58358	0.58462			6
2026.05.20	00:49:18.856	0.58364	0.58419			6
2026.05.20	00:49:19.158	0.58358	0.58462			6
2026.05.20	00:49:19.459	0.58357	0.58465			6
2026.05.20	00:49:19.759	0.58364	0.58418			6
2026.05.20	00:49:20.059		0.58464			4
2026.05.20	00:49:20.359		0.58419			4
2026.05.20	00:49:20.659		0.58416			4
2026.05.20	00:49:21.262	0.58352	0.58421			6
2026.05.20	00:49:21.562	0.58364	0.58451			6
2026.05.20	00:49:21.863		0.58421			4
2026.05.20	00:49:22.164		0.58451			4
2026.05.20	00:49:22.464		0.58439			4
2026.05.20	00:49:22.768	0.58351	0.58463			6
2026.05.20	00:49:23.073	0.58364	0.58417			6
2026.05.20	00:49:23.374		0.58446			4
2026.05.20	00:49:23.675	0.58351	0.58462			6
2026.05.20	00:49:23.978	0.58364	0.58447			6
2026.05.20	00:49:24.689	0.58357	0.58462			6
2026.05.20	00:49:24.992	0.58364	0.58460			6
2026.05.20	00:49:25.292	0.58347	0.58456			6
2026.05.20	00:49:25.593	0.58361	0.58465			6
2026.05.20	00:49:25.895	0.58357				2
2026.05.20	00:49:26.196	0.58364				2
2026.05.20	00:49:26.495		0.58451			4
2026.05.20	00:49:26.796		0.58460			4
2026.05.20	00:49:27.096		0.58415			4
2026.05.20	00:49:27.396	0.58357	0.58454			6
2026.05.20	00:49:27.696	0.58349	0.58418			6
2026.05.20	00:49:27.996	0.58355	0.58460			6
2026.05.20	00:49:28.298	0.58360	0.58457			6
2026.05.20	00:49:28.597	0.58356	0.58458			6
2026.05.20	00:49:28.898	0.58351	0.58466			6
2026.05.20	00:49:29.199	0.58357	0.58454			6
2026.05.20	00:49:29.500	0.58356	0.58423			6
2026.05.20	00:49:29.800	0.58358	0.58457			6
2026.05.20	00:49:30.100	0.58365				2
2026.05.20	00:49:30.400	0.58360	0.58465			6
2026.05.20	00:49:30.700	0.58350	0.58456			6
2026.05.20	00:49:31.000	0.58351	0.58464			6
2026.05.20	00:49:31.304	0.58358	0.58454			6
2026.05.20	00:49:31.603	0.58357	0.58422			6
2026.05.20	00:49:31.904		0.58419			4
2026.05.20	00:49:32.205		0.58454			4
2026.05.20	00:49:32.507	0.58351	0.58466			6
2026.05.20	00:49:32.806	0.58352				2
2026.05.20	00:49:33.407	0.58365	0.58467			6
2026.05.20	00:49:35.216	0.58360	0.58468			6
2026.05.20	00:49:35.516	0.58365	0.58446			6
2026.05.20	00:49:35.816	0.58366	0.58462			6
2026.05.20	00:49:36.117	0.58367	0.58464			6
2026.05.20	00:49:36.417	0.58361	0.58463			6
2026.05.20	00:49:36.718	0.58360	0.58459			6
2026.05.20	00:49:37.018	0.58364	0.58470			6
2026.05.20	00:49:37.319		0.58458			4
2026.05.20	00:49:37.619	0.58366	0.58459			6
2026.05.20	00:49:37.918	0.58367	0.58455			6
2026.05.20	00:49:38.220	0.58365	0.58444			6
2026.05.20	00:49:38.522		0.58467			4
2026.05.20	00:49:38.822		0.58447			4
2026.05.20	00:49:39.122	0.58368	0.58478			6
2026.05.20	00:49:39.424	0.58370	0.58467			6
2026.05.20	00:49:39.724	0.58369	0.58463			6
2026.05.20	00:49:40.025		0.58467			4
2026.05.20	00:49:40.325	0.58365	0.58459			6
2026.05.20	00:49:40.625	0.58368	0.58439			6
2026.05.20	00:49:40.927		0.58469			4
2026.05.20	00:49:41.877	0.58364	0.58465			6
2026.05.20	00:49:42.178	0.58366	0.58466			6
2026.05.20	00:49:42.477	0.58365	0.58467			6
2026.05.20	00:49:43.082	0.58363				2
2026.05.20	00:49:43.382	0.58365	0.58457			6
2026.05.20	00:49:43.682	0.58368	0.58467			6
2026.05.20	00:49:43.982	0.58366				2
2026.05.20	00:49:44.283		0.58461			4
2026.05.20	00:49:44.582	0.58365	0.58467			6
2026.05.20	00:49:45.183	0.58369	0.58470			6
2026.05.20	00:49:46.837	0.58368	0.58467			6
2026.05.20	00:49:47.138	0.58365	0.58458			6
2026.05.20	00:49:47.438	0.58368	0.58459			6
2026.05.20	00:49:47.740	0.58365	0.58455			6
2026.05.20	00:49:48.041		0.58453			4
2026.05.20	00:49:48.341		0.58440			4
2026.05.20	00:49:48.642	0.58363	0.58472			6
2026.05.20	00:49:48.942	0.58365	0.58440			6
2026.05.20	00:49:49.243		0.58456			4
2026.05.20	00:49:49.543	0.58368	0.58453			6
2026.05.20	00:49:49.843	0.58365	0.58440			6
2026.05.20	00:49:50.144		0.58459			4
2026.05.20	00:49:50.444		0.58440			4
2026.05.20	00:49:50.744		0.58458			4
2026.05.20	00:49:51.044		0.58440			4
2026.05.20	00:49:51.345	0.58368	0.58446			6
2026.05.20	00:49:51.645	0.58365	0.58438			6
2026.05.20	00:49:51.946	0.58357	0.58455			6
2026.05.20	00:49:52.247	0.58365	0.58438			6
2026.05.20	00:49:52.549	0.58368	0.58469			6
2026.05.20	00:49:52.850	0.58365	0.58440			6
2026.05.20	00:49:53.151		0.58470			4
2026.05.20	00:49:53.452		0.58440			4
2026.05.20	00:49:53.753		0.58455			4
2026.05.20	00:49:54.054		0.58467			4
2026.05.20	00:49:54.356		0.58440			4
2026.05.20	00:49:54.658	0.58369	0.58467			6
2026.05.20	00:49:54.960	0.58365	0.58440			6
2026.05.20	00:49:55.261		0.58454			4
2026.05.20	00:49:55.561		0.58458			4
2026.05.20	00:49:56.168		0.58454			4
2026.05.20	00:49:56.468		0.58438			4
2026.05.20	00:49:57.069		0.58447			4
2026.05.20	00:49:57.371		0.58438			4
2026.05.20	00:49:57.671		0.58439			4
2026.05.20	00:49:57.971		0.58440			4
2026.05.20	00:49:58.272		0.58450			4
2026.05.20	00:49:58.573		0.58440			4
2026.05.20	00:50:00.143	0.58365				2
2026.05.20	00:50:12.290		0.58459			4
2026.05.20	00:50:12.591	0.58364	0.58447			6
2026.05.20	00:50:12.891		0.58445			4
2026.05.20	00:50:13.193		0.58452			4
2026.05.20	00:50:13.492		0.58447			4
2026.05.20	00:50:13.864		0.58442			4
2026.05.20	00:50:14.165		0.58448			4
2026.05.20	00:50:14.466		0.58445			4
2026.05.20	00:50:15.370		0.58437			4
2026.05.20	00:50:15.670	0.58361	0.58448			6
2026.05.20	00:50:15.971	0.58364				2
2026.05.20	00:50:16.270		0.58444			4
2026.05.20	00:50:16.571	0.58363	0.58447			6
2026.05.20	00:50:16.872		0.58449			4
2026.05.20	00:50:17.172	0.58364	0.58444			6
2026.05.20	00:50:18.556		0.58461			4
2026.05.20	00:50:18.856		0.58449			4
2026.05.20	00:50:19.157		0.58440			4
2026.05.20	00:50:19.459		0.58450			4
2026.05.20	00:50:19.758		0.58448			4
2026.05.20	00:50:20.059		0.58444			4
2026.05.20	00:50:20.359		0.58450			4
2026.05.20	00:50:20.660		0.58444			4
2026.05.20	00:50:21.260		0.58442			4
2026.05.20	00:50:21.559		0.58453			4
2026.05.20	00:50:21.861		0.58438			4
2026.05.20	00:50:22.161		0.58442			4
2026.05.20	00:50:22.462		0.58454			4
2026.05.20	00:50:22.762		0.58448			4
2026.05.20	00:50:23.063		0.58449			4
2026.05.20	00:50:23.363	0.58359	0.58451			6
2026.05.20	00:50:23.663	0.58364	0.58437			6
2026.05.20	00:50:23.963	0.58358	0.58463			6
2026.05.20	00:50:24.264	0.58364	0.58450			6
2026.05.20	00:50:24.570		0.58448			4
2026.05.20	00:50:25.471		0.58441			4
2026.05.20	00:50:26.072		0.58440			4
2026.05.20	00:50:26.672		0.58441			4
2026.05.20	00:50:28.747		0.58440			4
2026.05.20	00:50:44.892		0.58439			4
2026.05.20	00:51:00.108	0.58364				2
2026.05.20	00:51:14.115		0.58441			4
2026.05.20	00:51:15.191		0.58439			4
2026.05.20	00:51:22.482		0.58438			4
2026.05.20	00:51:26.686		0.58439			4
2026.05.20	00:51:40.529		0.58441			4
2026.05.20	00:51:45.154		0.58439			4
2026.05.20	00:52:00.005	0.58364				2
2026.05.20	00:52:24.719	0.58348				2
2026.05.20	00:52:25.924	0.58349				2
2026.05.20	00:52:30.135	0.58348				2
2026.05.20	00:52:45.185		0.58439			4
2026.05.20	00:52:55.395	0.58350	0.58464			6
2026.05.20	00:52:55.696	0.58365	0.58437			6
2026.05.20	00:52:55.996	0.58364	0.58445			6
2026.05.20	00:52:56.600		0.58440			4
2026.05.20	00:52:57.203		0.58446			4
2026.05.20	00:52:58.107		0.58436			4
2026.05.20	00:52:58.407		0.58441			4
2026.05.20	00:52:58.707	0.58350	0.58446			6
2026.05.20	00:52:59.008	0.58364	0.58440			6
2026.05.20	00:52:59.309		0.58444			4
2026.05.20	00:52:59.609		0.58437			4
2026.05.20	00:52:59.909		0.58444			4
2026.05.20	00:53:00.212	0.58364	0.58437			6
2026.05.20	00:53:00.513		0.58461			4
2026.05.20	00:53:00.813		0.58439			4
2026.05.20	00:53:01.113		0.58454			4
2026.05.20	00:53:01.414		0.58448			4
2026.05.20	00:53:02.014		0.58443			4
2026.05.20	00:53:02.314		0.58441			4
2026.05.20	00:53:02.615		0.58459			4
2026.05.20	00:53:02.916		0.58445			4
2026.05.20	00:53:03.217		0.58437			4
2026.05.20	00:53:03.517		0.58454			4
2026.05.20	00:53:03.823		0.58437			4
2026.05.20	00:53:04.124		0.58440			4
2026.05.20	00:53:14.506		0.58439			4
2026.05.20	00:53:17.968		0.58436			4
2026.05.20	00:53:24.723		0.58438			4
2026.05.20	00:53:29.506		0.58436			4
2026.05.20	00:53:39.536		0.58438			4
2026.05.20	00:53:57.969		0.58439			4
2026.05.20	00:54:00.075	0.58364				2
2026.05.20	00:54:03.082		0.58438			4
2026.05.20	00:54:13.019		0.58440			4
2026.05.20	00:54:17.967		0.58438			4
2026.05.20	00:54:44.506		0.58437			4
2026.05.20	00:54:55.102		0.58439			4
2026.05.20	00:55:02.596	0.58364				2
2026.05.20	00:55:03.883	0.58365				2
2026.05.20	00:55:06.585		0.58438			4
2026.05.20	00:55:12.792		0.58396			4
2026.05.20	00:55:14.317		0.58400			4
2026.05.20	00:55:15.204		0.58398			4
2026.05.20	00:55:15.804		0.58420			4
2026.05.20	00:55:16.104		0.58422			4
2026.05.20	00:55:19.112		0.58402			4
2026.05.20	00:55:27.532		0.58405			4
2026.05.20	00:55:28.732		0.58401			4
2026.05.20	00:55:29.029		0.58424			4
2026.05.20	00:55:29.332		0.58426			4
2026.05.20	00:55:29.632		0.58424			4
2026.05.20	00:55:31.434		0.58426			4
2026.05.20	00:55:31.737		0.58423			4
2026.05.20	00:55:45.264		0.58420			4
2026.05.20	00:55:58.805		0.58413			4
2026.05.20	00:56:00.019	0.58365				2
2026.05.20	00:56:03.928		0.58402			4
2026.05.20	00:56:04.231		0.58399			4
2026.05.20	00:56:09.360		0.58397			4
2026.05.20	00:56:09.659		0.58417			4
2026.05.20	00:56:09.959		0.58411			4
2026.05.20	00:56:10.262		0.58399			4
2026.05.20	00:56:12.071		0.58398			4
2026.05.20	00:56:20.192		0.58396			4
2026.05.20	00:56:20.491		0.58412			4
2026.05.20	00:56:20.793		0.58398			4
2026.05.20	00:56:21.093		0.58402			4
2026.05.20	00:56:22.898		0.58413			4
2026.05.20	00:56:31.954		0.58411			4
2026.05.20	00:56:42.485		0.58399			4
2026.05.20	00:56:43.985		0.58398			4
2026.05.20	00:56:48.489		0.58410			4
2026.05.20	00:56:48.792		0.58415			4
2026.05.20	00:56:53.007		0.58399			4
2026.05.20	00:56:56.312		0.58398			4
2026.05.20	00:57:00.224	0.58365				2
2026.05.20	00:57:01.725		0.58417			4
2026.05.20	00:57:03.830		0.58402			4
2026.05.20	00:57:04.130	0.58364				2
2026.05.20	00:57:05.328		0.58399			4
2026.05.20	00:57:14.059		0.58411			4
2026.05.20	00:57:17.065		0.58402			4
2026.05.20	00:57:17.966		0.58399			4
2026.05.20	00:57:23.984		0.58398			4
2026.05.20	00:57:31.501		0.58396			4
2026.05.20	00:57:31.798		0.58398			4
2026.05.20	00:57:33.918		0.58424			4
2026.05.20	00:57:34.218		0.58421			4
2026.05.20	00:57:43.861		0.58420			4
2026.05.20	00:57:48.979		0.58421			4
2026.05.20	00:57:53.188		0.58420			4
2026.05.20	00:57:59.207		0.58422			4
2026.05.20	00:58:00.110	0.58364				2
2026.05.20	00:58:01.311		0.58421			4
2026.05.20	00:58:03.717		0.58420			4
2026.05.20	00:58:32.013		0.58419			4
2026.05.20	00:58:33.825		0.58417			4
2026.05.20	00:58:54.581		0.58413			4
2026.05.20	00:59:00.299	0.58364				2
2026.05.20	00:59:04.508		0.58418			4
2026.05.20	00:59:05.407		0.58419			4
2026.05.20	00:59:10.217		0.58413			4
2026.05.20	00:59:13.830		0.58421			4
2026.05.20	00:59:21.048		0.58413			4
2026.05.20	00:59:24.652		0.58415			4
2026.05.20	00:59:33.689		0.58413			4
2026.05.20	00:59:48.733		0.58415			4
2026.05.20	01:00:00.167	0.58369	0.58409			6
2026.05.20	01:00:00.464		0.58404			4
2026.05.20	01:00:00.765		0.58402			4
2026.05.20	01:00:01.366	0.58374	0.58398			6
2026.05.20	01:00:01.663	0.58375	0.58396			6
2026.05.20	01:00:01.966		0.58394			4
2026.05.20	01:00:02.269		0.58387			4
2026.05.20	01:00:02.869	0.58357	0.58376			6
2026.05.20	01:00:03.169		0.58384			4
2026.05.20	01:00:04.370	0.58352	0.58385			6
2026.05.20	01:00:04.671		0.58374			4
2026.05.20	01:00:04.972	0.58350	0.58380			6
2026.05.20	01:00:05.272	0.58346	0.58369			6
2026.05.20	01:00:05.575	0.58359	0.58374			6
2026.05.20	01:00:05.871	0.58353	0.58370			6
2026.05.20	01:00:06.173	0.58351	0.58374			6
2026.05.20	01:00:06.472	0.58352	0.58371			6
2026.05.20	01:00:06.771	0.58357				2
2026.05.20	01:00:07.070	0.58356	0.58369			6
2026.05.20	01:00:07.371	0.58351				2
2026.05.20	01:00:07.671	0.58355	0.58374			6
2026.05.20	01:00:08.273	0.58354	0.58375			6
2026.05.20	01:00:08.573	0.58352	0.58369			6
2026.05.20	01:00:08.874	0.58354	0.58373			6
2026.05.20	01:00:09.773	0.58353	0.58371			6
2026.05.20	01:00:10.076	0.58354				2
2026.05.20	01:00:10.375	0.58352	0.58370			6
2026.05.20	01:00:10.976	0.58353				2
2026.05.20	01:00:11.275	0.58352				2
2026.05.20	01:00:11.573	0.58365				2
2026.05.20	01:00:18.182	0.58349	0.58368			6
2026.05.20	01:00:19.982	0.58350	0.58367			6
2026.05.20	01:00:20.583	0.58347	0.58363			6
2026.05.20	01:00:20.881	0.58346				2
2026.05.20	01:00:21.181	0.58345				2
2026.05.20	01:00:21.485	0.58348				2
2026.05.20	01:00:21.784	0.58345	0.58366			6
2026.05.20	01:00:22.083	0.58344	0.58367			6
2026.05.20	01:00:22.382	0.58346	0.58366			6
2026.05.20	01:00:22.683	0.58345	0.58367			6
2026.05.20	01:00:22.981		0.58363			4
2026.05.20	01:00:23.883	0.58346				2
2026.05.20	01:00:24.185	0.58345				2
2026.05.20	01:00:25.987	0.58346	0.58364			6
2026.05.20	01:00:26.589	0.58348				2
2026.05.20	01:00:28.988	0.58349	0.58365			6
2026.05.20	01:00:31.994		0.58364			4
2026.05.20	01:00:33.493	0.58347	0.58368			6
2026.05.20	01:00:33.797	0.58348	0.58363			6
2026.05.20	01:00:34.095		0.58364			4
2026.05.20	01:00:41.302	0.58359	0.58362			6
2026.05.20	01:00:42.212	0.58357	0.58360			6
2026.05.20	01:00:42.507	0.58347	0.58362			6
2026.05.20	01:00:42.809	0.58357	0.58360			6
2026.05.20	01:00:43.108	0.58347	0.58362			6
2026.05.20	01:00:43.408	0.58357	0.58360			6
2026.05.20	01:00:52.416	0.58356	0.58359			6
2026.05.20	01:00:57.219	0.58357	0.58360			6
2026.05.20	01:01:00.232	0.58354	0.58356			6
2026.05.20	01:01:00.533	0.58356	0.58357			6
2026.05.20	01:01:00.831	0.58350	0.58353			6
2026.05.20	01:01:03.531	0.58356	0.58357			6
2026.05.20	01:01:03.831	0.58350	0.58353			6
2026.05.20	01:01:04.735	0.58355	0.58356			6
2026.05.20	01:01:05.036	0.58350	0.58353			6
2026.05.20	01:01:10.142	0.58351	0.58354			6
2026.05.20	01:01:11.342	0.58356	0.58357			6
2026.05.20	01:01:11.640	0.58357	0.58358			6
2026.05.20	01:01:11.941	0.58351	0.58354			6
2026.05.20	01:01:12.241	0.58357	0.58358			6
2026.05.20	01:01:14.043	0.58352	0.58355			6
2026.05.20	01:01:14.343	0.58357	0.58358			6
2026.05.20	01:01:14.645	0.58352	0.58355			6
2026.05.20	01:01:14.943	0.58357	0.58358			6
2026.05.20	01:01:16.447	0.58351	0.58354			6
2026.05.20	01:01:17.349	0.58350	0.58353			6
2026.05.20	01:01:17.648	0.58357	0.58358			6
2026.05.20	01:01:17.949	0.58350	0.58353			6
2026.05.20	01:01:18.550	0.58357	0.58358			6
2026.05.20	01:01:18.853	0.58356	0.58357			6
2026.05.20	01:01:19.454	0.58350	0.58353			6
2026.05.20	01:01:21.256	0.58357	0.58358			6
2026.05.20	01:01:21.557	0.58350	0.58353			6
2026.05.20	01:01:23.663	0.58351	0.58354			6
2026.05.20	01:01:23.961	0.58350	0.58353			6
2026.05.20	01:01:26.365	0.58353	0.58356			6
2026.05.20	01:01:26.667	0.58351	0.58354			6
2026.05.20	01:01:29.977	0.58357	0.58358			6
2026.05.20	01:01:31.176	0.58356	0.58357			6
2026.05.20	01:01:31.774	0.58351	0.58354			6
2026.05.20	01:01:32.077	0.58356	0.58357			6
2026.05.20	01:01:32.376	0.58351	0.58354			6
2026.05.20	01:01:32.675	0.58352	0.58355			6
2026.05.20	01:01:32.976	0.58356	0.58357			6
2026.05.20	01:01:33.277	0.58357	0.58358			6
2026.05.20	01:01:33.581	0.58356	0.58357			6
2026.05.20	01:01:33.879	0.58354	0.58355			6
2026.05.20	01:01:34.779	0.58355	0.58356			6
2026.05.20	01:01:37.479	0.58356	0.58357			6
2026.05.20	01:01:37.782	0.58355	0.58356			6
2026.05.20	01:01:38.082	0.58356	0.58357			6
2026.05.20	01:01:39.284	0.58354	0.58355			6
2026.05.20	01:01:40.185	0.58353	0.58354			6
2026.05.20	01:01:40.486	0.58354	0.58355			6
2026.05.20	01:01:41.083	0.58355	0.58356			6
2026.05.20	01:01:41.386	0.58354	0.58355			6
2026.05.20	01:01:41.685	0.58355	0.58356			6
2026.05.20	01:01:41.987	0.58354	0.58355			6
2026.05.20	01:01:42.288	0.58355	0.58356			6
2026.05.20	01:01:42.589	0.58354	0.58355			6
2026.05.20	01:01:48.601	0.58355	0.58356			6
2026.05.20	01:01:48.899	0.58351	0.58354			6
2026.05.20	01:01:50.098	0.58350	0.58353			6
2026.05.20	01:01:50.399	0.58351	0.58354			6
2026.05.20	01:01:51.306	0.58349	0.58352			6
2026.05.20	01:02:00.022	0.58349				2
2026.05.20	01:02:08.430	0.58346	0.58349			6
2026.05.20	01:02:10.535	0.58345	0.58348			6
2026.05.20	01:02:11.134	0.58344	0.58347			6
2026.05.20	01:02:21.947	0.58343	0.58346			6
2026.05.20	01:02:22.248	0.58342	0.58345			6
2026.05.20	01:02:37.570	0.58341	0.58344			6
2026.05.20	01:03:00.106	0.58341				2
2026.05.20	01:03:00.404	0.58342	0.58345			6
2026.05.20	01:03:12.429	0.58343	0.58346			6
2026.05.20	01:03:15.132	0.58341	0.58344			6
2026.05.20	01:03:15.429	0.58342	0.58345			6
2026.05.20	01:03:34.369	0.58341	0.58344			6
2026.05.20	01:03:39.486	0.58342	0.58345			6
2026.05.20	01:03:44.291	0.58344	0.58347			6
2026.05.20	01:03:45.496	0.58345	0.58348			6
2026.05.20	01:03:54.212	0.58343	0.58346			6
2026.05.20	01:04:00.221	0.58343				2
2026.05.20	01:04:54.289		0.58346			4
2026.05.20	01:05:00.004	0.58343				2
2026.05.20	01:05:06.313	0.58342	0.58345			6
2026.05.20	01:05:20.139	0.58343	0.58346			6
2026.05.20	01:05:49.896	0.58344	0.58347			6
2026.05.20	01:05:50.795	0.58343	0.58346			6
2026.05.20	01:05:53.801	0.58344	0.58347			6
2026.05.20	01:05:55.004	0.58343	0.58346			6
2026.05.20	01:06:00.120	0.58343				2
2026.05.20	01:06:55.131		0.58346			4
2026.05.20	01:07:00.237	0.58343				2
2026.05.20	01:07:55.253		0.58346			4
2026.05.20	01:08:00.060	0.58343				2
2026.05.20	01:08:08.783	0.58353	0.58356			6
2026.05.20	01:08:09.080	0.58351	0.58354			6
2026.05.20	01:08:10.883	0.58360	0.58363			6
2026.05.20	01:08:11.781	0.58357	0.58360			6
2026.05.20	01:08:12.086	0.58358	0.58361			6
2026.05.20	01:08:16.888	0.58360	0.58363			6
2026.05.20	01:08:20.196		0.58362			4
2026.05.20	01:08:21.098	0.58358	0.58361			6
2026.05.20	01:08:22.601	0.58354	0.58357			6
2026.05.20	01:08:33.418	0.58355	0.58358			6
2026.05.20	01:08:40.031	0.58354	0.58357			6
2026.05.20	01:08:44.241	0.58355	0.58358			6
2026.05.20	01:08:44.537	0.58356	0.58359			6
2026.05.20	01:08:49.645	0.58354	0.58357			6
2026.05.20	01:08:49.947	0.58355	0.58358			6
2026.05.20	01:08:57.463	0.58354	0.58357			6
2026.05.20	01:08:58.971	0.58353	0.58356			6
2026.05.20	01:09:00.178	0.58353				2
2026.05.20	01:09:10.392	0.58354	0.58357			6
2026.05.20	01:09:28.117	0.58355	0.58358			6
2026.05.20	01:09:28.420	0.58356	0.58359			6
2026.05.20	01:09:28.717	0.58354	0.58357			6
2026.05.20	01:09:31.429	0.58352	0.58355			6
2026.05.20	01:09:32.628	0.58354	0.58357			6
2026.05.20	01:09:32.929	0.58353	0.58356			6
2026.05.20	01:09:38.937	0.58354	0.58357			6
2026.05.20	01:09:40.442	0.58353	0.58356			6
2026.05.20	01:10:00.293	0.58353				2
2026.05.20	01:10:22.230	0.58354	0.58357			6
2026.05.20	01:10:42.372	0.58349	0.58352			6
2026.05.20	01:10:44.173	0.58350	0.58353			6
2026.05.20	01:11:00.110	0.58350				2
2026.05.20	01:11:18.457	0.58352	0.58355			6
2026.05.20	01:11:19.357	0.58354	0.58357			6
2026.05.20	01:11:19.654	0.58353	0.58356			6
2026.05.20	01:11:33.189	0.58354	0.58357			6
2026.05.20	01:11:36.195	0.58353	0.58356			6
2026.05.20	01:11:52.140	0.58354	0.58357			6
2026.05.20	01:11:52.438	0.58353	0.58356			6
2026.05.20	01:11:56.650	0.58354	0.58357			6
2026.05.20	01:11:56.951	0.58353	0.58356			6
2026.05.20	01:12:00.265	0.58354	0.58357			6
2026.05.20	01:13:00.143	0.58354				2
2026.05.20	01:13:00.441		0.58357			4
2026.05.20	01:14:00.291	0.58354				2
2026.05.20	01:14:00.591		0.58357			4
2026.05.20	01:14:05.399	0.58351	0.58354			6
2026.05.20	01:14:43.595	0.58346	0.58349			6
2026.05.20	01:14:43.894	0.58349	0.58352			6
2026.05.20	01:14:44.190	0.58346	0.58349			6
2026.05.20	01:15:00.135	0.58346				2
2026.05.20	01:15:44.298		0.58349			4
2026.05.20	01:15:51.505	0.58347	0.58350			6
2026.05.20	01:15:53.308	0.58348	0.58351			6
2026.05.20	01:16:00.229	0.58346	0.58349			6
2026.05.20	01:16:24.889	0.58347	0.58350			6
2026.05.20	01:16:39.927	0.58346	0.58349			6
2026.05.20	01:16:50.440	0.58348	0.58351			6
2026.05.20	01:16:50.736	0.58346	0.58349			6
2026.05.20	01:16:52.241	0.58347	0.58350			6
2026.05.20	01:16:57.049	0.58346	0.58349			6
2026.05.20	01:16:59.453	0.58347	0.58350			6
2026.05.20	01:17:00.057	0.58347				2
2026.05.20	01:17:00.353	0.58348	0.58351			6
2026.05.20	01:17:10.879	0.58353	0.58356			6
2026.05.20	01:17:11.179	0.58354	0.58357			6
2026.05.20	01:17:11.486	0.58355	0.58358			6
2026.05.20	01:17:12.685	0.58353	0.58356			6
2026.05.20	01:17:12.984	0.58351	0.58354			6
2026.05.20	01:17:15.387	0.58352	0.58355			6
2026.05.20	01:17:17.794	0.58353				2
2026.05.20	01:17:18.094	0.58351	0.58354			6
2026.05.20	01:17:27.410	0.58353	0.58356			6
2026.05.20	01:17:27.713	0.58351	0.58354			6
2026.05.20	01:17:48.154	0.58353	0.58356			6
2026.05.20	01:17:48.456	0.58351	0.58354			6
2026.05.20	01:17:56.586	0.58350	0.58353			6
2026.05.20	01:17:56.885	0.58351	0.58354			6
2026.05.20	01:18:00.193	0.58351				2
2026.05.20	01:18:02.897	0.58347	0.58350			6
2026.05.20	01:18:03.494	0.58349	0.58352			6
2026.05.20	01:18:17.631	0.58348	0.58351			6
2026.05.20	01:18:43.484	0.58350	0.58352			6
2026.05.20	01:18:43.781	0.58349				2
2026.05.20	01:18:52.199	0.58352	0.58354			6
2026.05.20	01:18:58.816	0.58356	0.58358			6
2026.05.20	01:18:59.116	0.58358	0.58359			6
2026.05.20	01:19:00.019	0.58358				2
2026.05.20	01:19:01.218	0.58352	0.58355			6
2026.05.20	01:19:02.724	0.58353	0.58356			6
2026.05.20	01:19:03.027	0.58352	0.58355			6
2026.05.20	01:19:39.395	0.58351	0.58354			6
2026.05.20	01:19:39.695	0.58352	0.58355			6
2026.05.20	01:19:40.902	0.58351	0.58354			6
2026.05.20	01:19:43.303	0.58354	0.58357			6
2026.05.20	01:19:43.603	0.58355	0.58358			6
2026.05.20	01:20:00.163	0.58355				2
2026.05.20	01:20:01.661	0.58354	0.58357			6
2026.05.20	01:20:02.865	0.58355	0.58358			6
2026.05.20	01:20:12.196	0.58356	0.58359			6
2026.05.20	01:20:16.405	0.58355	0.58358			6
2026.05.20	01:20:16.707	0.58356	0.58359			6
2026.05.20	01:20:20.011	0.58355	0.58358			6
2026.05.20	01:20:23.015	0.58356	0.58359			6
2026.05.20	01:20:25.418	0.58355	0.58358			6
2026.05.20	01:20:31.127	0.58356	0.58359			6
2026.05.20	01:21:00.298	0.58356				2
2026.05.20	01:21:00.898	0.58355	0.58358			6
2026.05.20	01:21:02.701	0.58356	0.58359			6
2026.05.20	01:21:49.935	0.58355	0.58358			6
2026.05.20	01:21:50.233	0.58352	0.58355			6
2026.05.20	01:21:56.252	0.58350	0.58353			6
2026.05.20	01:21:56.544	0.58351	0.58354			6
2026.05.20	01:22:00.153	0.58351				2
2026.05.20	01:22:02.862	0.58350	0.58353			6
2026.05.20	01:22:04.065	0.58351	0.58354			6
2026.05.20	01:22:22.403	0.58352	0.58355			6
2026.05.20	01:22:29.626	0.58351	0.58354			6
2026.05.20	01:22:30.531	0.58352	0.58355			6
2026.05.20	01:22:32.035	0.58353	0.58356			6
2026.05.20	01:22:32.340	0.58352	0.58355			6
2026.05.20	01:22:35.943	0.58354	0.58357			6
2026.05.20	01:22:36.845	0.58353	0.58356			6
2026.05.20	01:22:37.741	0.58354	0.58357			6
2026.05.20	01:22:43.462	0.58355	0.58358			6
2026.05.20	01:22:43.761	0.58354	0.58357			6
2026.05.20	01:22:50.386	0.58353	0.58356			6
2026.05.20	01:23:00.022	0.58353				2
2026.05.20	01:23:15.353	0.58354	0.58357			6
2026.05.20	01:23:16.254	0.58355	0.58358			6
2026.05.20	01:23:37.003	0.58352	0.58355			6
2026.05.20	01:23:57.150	0.58353	0.58356			6
2026.05.20	01:24:00.157	0.58353				2
2026.05.20	01:24:01.661	0.58352	0.58355			6
2026.05.20	01:24:07.077	0.58353	0.58356			6
2026.05.20	01:24:12.791	0.58352	0.58355			6
2026.05.20	01:25:00.289	0.58352				2
2026.05.20	01:25:01.485	0.58350	0.58353			6
2026.05.20	01:25:05.098	0.58348	0.58351			6
2026.05.20	01:25:11.412	0.58349	0.58352			6
2026.05.20	01:25:16.525	0.58350	0.58353			6
2026.05.20	01:26:00.107	0.58350				2
2026.05.20	01:26:16.644		0.58353			4
2026.05.20	01:26:20.554	0.58349	0.58352			6
2026.05.20	01:26:25.065	0.58353	0.58356			6
2026.05.20	01:26:25.664	0.58354	0.58357			6
2026.05.20	01:26:30.177	0.58353	0.58356			6
2026.05.20	01:26:52.434	0.58354	0.58357			6
2026.05.20	01:26:53.638	0.58356	0.58359			6
2026.05.20	01:27:00.249	0.58356				2
2026.05.20	01:27:06.855	0.58357	0.58360			6
2026.05.20	01:27:08.059	0.58358	0.58361			6
2026.05.20	01:27:28.800	0.58357	0.58360			6
2026.05.20	01:28:00.065	0.58357				2
2026.05.20	01:28:06.673	0.58356	0.58359			6
2026.05.20	01:28:12.683	0.58357	0.58360			6
2026.05.20	01:28:12.980	0.58358	0.58361			6
2026.05.20	01:28:32.811	0.58357	0.58360			6
2026.05.20	01:28:34.314	0.58358	0.58361			6
2026.05.20	01:28:34.917	0.58357	0.58360			6
2026.05.20	01:28:46.645	0.58356	0.58359			6
2026.05.20	01:28:47.546	0.58357	0.58360			6
2026.05.20	01:29:00.186	0.58357				2
2026.05.20	01:29:01.083	0.58356	0.58359			6
2026.05.20	01:29:20.923	0.58355	0.58358			6
2026.05.20	01:30:00.051	0.58355				2
2026.05.20	01:30:00.649	0.58356	0.58359			6
2026.05.20	01:30:03.357	0.58352	0.58355			6
2026.05.20	01:30:03.652	0.58351	0.58354			6
2026.05.20	01:30:06.365	0.58349	0.58352			6
2026.05.20	01:30:15.677	0.58350	0.58353			6
2026.05.20	01:30:18.679	0.58351	0.58354			6
2026.05.20	01:30:18.976	0.58350	0.58353			6
2026.05.20	01:30:21.383	0.58351	0.58354			6
2026.05.20	01:30:33.403	0.58352	0.58355			6
2026.05.20	01:30:40.008	0.58351	0.58354			6
2026.05.20	01:30:45.120	0.58352	0.58355			6
2026.05.20	01:30:46.322	0.58351	0.58352			6
2026.05.20	01:30:47.526	0.58352	0.58355			6
2026.05.20	01:30:53.238	0.58353				2
2026.05.20	01:30:57.141	0.58354	0.58356			6
2026.05.20	01:30:57.440	0.58356	0.58359			6
2026.05.20	01:30:57.742	0.58357	0.58360			6
2026.05.20	01:30:58.642	0.58358	0.58361			6
2026.05.20	01:31:00.152	0.58358				2
2026.05.20	01:31:03.154	0.58356	0.58359			6
2026.05.20	01:31:03.453	0.58354	0.58357			6
2026.05.20	01:31:04.354	0.58353				2
2026.05.20	01:31:23.910		0.58356			4
2026.05.20	01:31:24.509	0.58354				2
2026.05.20	01:31:24.811	0.58353				2
2026.05.20	01:31:25.414	0.58354	0.58357			6
2026.05.20	01:31:26.618	0.58355	0.58358			6
2026.05.20	01:31:26.915	0.58356	0.58360			6
2026.05.20	01:31:38.642		0.58359			4
2026.05.20	01:31:38.945	0.58355				2
2026.05.20	01:31:46.765	0.58354	0.58358			6
2026.05.20	01:31:47.668	0.58355	0.58359			6
2026.05.20	01:31:50.673	0.58354	0.58358			6
2026.05.20	01:31:53.081	0.58356	0.58359			6
2026.05.20	01:31:53.383	0.58355				2
2026.05.20	01:32:00.293	0.58356				2
2026.05.20	01:32:02.992	0.58355	0.58358			6
2026.05.20	01:32:03.295	0.58353	0.58356			6
2026.05.20	01:32:03.597	0.58350	0.58353			6
2026.05.20	01:32:04.194	0.58349				2
2026.05.20	01:32:04.496		0.58352			4
2026.05.20	01:32:10.816		0.58353			4
2026.05.20	01:32:20.437	0.58350				2
2026.05.20	01:32:21.348	0.58351	0.58354			6
2026.05.20	01:32:28.269	0.58350				2
2026.05.20	01:32:29.770		0.58352			4
2026.05.20	01:32:30.679		0.58353			4
2026.05.20	01:32:32.179	0.58349				2
2026.05.20	01:32:44.497	0.58350				2
2026.05.20	01:33:00.142	0.58350				2
2026.05.20	01:33:01.353	0.58352	0.58355			6
2026.05.20	01:33:08.856	0.58353				2
2026.05.20	01:33:19.071		0.58356			4
2026.05.20	01:33:22.380		0.58355			4
2026.05.20	01:33:29.000	0.58352				2
2026.05.20	01:33:44.336	0.58353				2
2026.05.20	01:33:50.351		0.58356			4
2026.05.20	01:34:00.280	0.58353				2
2026.05.20	01:34:05.986	0.58352	0.58355			6
2026.05.20	01:34:06.893	0.58353	0.58356			6
2026.05.20	01:34:17.111		0.58355			4
2026.05.20	01:34:23.730	0.58354	0.58357			6
2026.05.20	01:34:26.429	0.58355	0.58358			6
2026.05.20	01:34:32.739	0.58356				2
2026.05.20	01:34:37.850	0.58355				2
2026.05.20	01:34:49.263	0.58357	0.58360			6
2026.05.20	01:34:50.165	0.58356	0.58359			6
2026.05.20	01:34:51.365	0.58357	0.58360			6
2026.05.20	01:34:56.782	0.58358	0.58361			6
2026.05.20	01:34:57.080	0.58359				2
2026.05.20	01:34:57.678		0.58362			4
2026.05.20	01:34:58.284	0.58357	0.58360			6
2026.05.20	01:35:00.089	0.58356	0.58359			6
2026.05.20	01:35:02.486	0.58357	0.58360			6
2026.05.20	01:35:03.993		0.58359			4
2026.05.20	01:35:04.288	0.58356				2
2026.05.20	01:35:56.313	0.58358	0.58361			6
2026.05.20	01:36:00.226	0.58358				2
2026.05.20	01:36:01.729	0.58357	0.58360			6
2026.05.20	01:36:06.239	0.58358	0.58361			6
2026.05.20	01:36:07.443	0.58356	0.58359			6
2026.05.20	01:36:09.548	0.58355	0.58358			6
2026.05.20	01:36:10.150	0.58356	0.58359			6
2026.05.20	01:36:11.351	0.58357				2
2026.05.20	01:36:12.254	0.58355	0.58358			6
2026.05.20	01:36:14.957	0.58354	0.58357			6
2026.05.20	01:36:19.167	0.58355	0.58358			6
2026.05.20	01:36:21.268	0.58354	0.58357			6
2026.05.20	01:36:22.470	0.58353	0.58356			6
2026.05.20	01:36:28.785	0.58351	0.58354			6
2026.05.20	01:36:39.301	0.58348	0.58351			6
2026.05.20	01:36:40.201		0.58352			4
2026.05.20	01:36:42.311		0.58351			4
2026.05.20	01:36:49.226	0.58351	0.58354			6
2026.05.20	01:36:50.126		0.58355			4
2026.05.20	01:36:54.032	0.58349	0.58353			6
2026.05.20	01:36:54.637	0.58351	0.58355			6
2026.05.20	01:37:00.061	0.58351				2
2026.05.20	01:37:00.960	0.58352	0.58356			6
2026.05.20	01:37:08.177		0.58355			4
2026.05.20	01:37:14.192	0.58351	0.58354			6
2026.05.20	01:37:15.997	0.58352	0.58355			6
2026.05.20	01:38:00.230	0.58352				2
2026.05.20	01:38:16.176		0.58355			4
2026.05.20	01:38:24.292	0.58353	0.58356			6
2026.05.20	01:38:35.715		0.58354			4
2026.05.20	01:38:36.316		0.58356			4
2026.05.20	01:38:36.617		0.58354			4
2026.05.20	01:38:36.918		0.58356			4
2026.05.20	01:39:00.073	0.58353				2
2026.05.20	01:39:15.398	0.58352	0.58355			6
2026.05.20	01:39:31.042	0.58351	0.58354			6
2026.05.20	01:39:33.141	0.58352	0.58355			6
2026.05.20	01:39:34.644	0.58354	0.58357			6
2026.05.20	01:39:40.356	0.58355	0.58358			6
2026.05.20	01:39:52.986	0.58352	0.58355			6
2026.05.20	01:39:54.187	0.58353	0.58356			6
2026.05.20	01:39:58.401	0.58354	0.58357			6
2026.05.20	01:40:00.215	0.58354				2
2026.05.20	01:40:17.640	0.58353	0.58356			6
2026.05.20	01:40:18.544	0.58354	0.58357			6
2026.05.20	01:40:23.356	0.58352	0.58355			6
2026.05.20	01:40:23.952	0.58350	0.58353			6
2026.05.20	01:40:25.155	0.58351	0.58354			6
2026.05.20	01:40:29.665	0.58352	0.58355			6
2026.05.20	01:40:29.960	0.58353	0.58356			6
2026.05.20	01:40:31.463	0.58354	0.58357			6
2026.05.20	01:40:38.378	0.58355	0.58358			6
2026.05.20	01:40:39.881	0.58354	0.58357			6
2026.05.20	01:40:41.686	0.58353	0.58356			6
2026.05.20	01:40:47.090		0.58354			4
2026.05.20	01:40:47.690		0.58356			4
2026.05.20	01:40:47.990		0.58354			4
2026.05.20	01:40:48.590		0.58356			4
2026.05.20	01:40:48.895		0.58354			4
2026.05.20	01:40:49.498		0.58356			4
2026.05.20	01:41:00.026	0.58353				2
2026.05.20	01:41:02.431	0.58352	0.58355			6
2026.05.20	01:41:04.236	0.58353	0.58356			6
2026.05.20	01:41:11.150	0.58354	0.58357			6
2026.05.20	01:41:27.401	0.58350	0.58353			6
2026.05.20	01:41:27.691	0.58348	0.58351			6
2026.05.20	01:41:28.294		0.58352			4
2026.05.20	01:41:30.697	0.58347	0.58351			6
2026.05.20	01:41:32.805	0.58348	0.58352			6
2026.05.20	01:41:43.032	0.58349	0.58353			6
2026.05.20	01:41:43.633		0.58352			4
2026.05.20	01:41:48.740		0.58353			4
2026.05.20	01:42:00.168	0.58349				2
2026.05.20	01:42:02.571	0.58348	0.58352			6
2026.05.20	01:42:03.480	0.58349	0.58353			6
2026.05.20	01:42:04.682	0.58348	0.58352			6
2026.05.20	01:42:12.495	0.58349	0.58353			6
2026.05.20	01:42:15.808	0.58348	0.58352			6
2026.05.20	01:42:32.645	0.58349	0.58353			6
2026.05.20	01:42:44.377	0.58350				2
2026.05.20	01:43:00.009	0.58349	0.58352			6
2026.05.20	01:43:03.909	0.58350	0.58353			6
2026.05.20	01:43:17.148	0.58351	0.58354			6
2026.05.20	01:43:34.879	0.58350	0.58353			6
2026.05.20	01:43:42.693	0.58351	0.58354			6
2026.05.20	01:43:43.899	0.58352	0.58355			6
2026.05.20	01:43:44.799	0.58351	0.58354			6
2026.05.20	01:44:00.151	0.58351				2
2026.05.20	01:44:31.112	0.58350	0.58353			6
2026.05.20	01:44:31.716	0.58351	0.58354			6
2026.05.20	01:44:34.123		0.58352			4
2026.05.20	01:44:34.726		0.58354			4
2026.05.20	01:44:35.628		0.58352			4
2026.05.20	01:44:35.930		0.58354			4
2026.05.20	01:44:36.530	0.58350	0.58353			6
2026.05.20	01:44:44.043	0.58351	0.58354			6
2026.05.20	01:44:51.871	0.58348	0.58351			6
2026.05.20	01:45:00.289	0.58348				2
2026.05.20	01:45:05.392	0.58347	0.58350			6
2026.05.20	01:45:20.506	0.58348	0.58351			6
2026.05.20	01:45:30.728	0.58347	0.58350			6
2026.05.20	01:45:33.137	0.58348	0.58351			6
2026.05.20	01:45:38.852	0.58349	0.58352			6
2026.05.20	01:45:46.062	0.58350	0.58353			6
2026.05.20	01:45:46.663	0.58351	0.58354			6
2026.05.20	01:45:51.780	0.58349	0.58352			6
2026.05.20	01:45:55.086	0.58348	0.58351			6
2026.05.20	01:46:00.200	0.58348				2
2026.05.20	01:46:55.236		0.58351			4
2026.05.20	01:47:00.045	0.58348				2
2026.05.20	01:47:06.355	0.58347	0.58350			6
2026.05.20	01:47:14.173	0.58346	0.58349			6
2026.05.20	01:47:14.472	0.58345	0.58348			6
2026.05.20	01:47:19.283	0.58346	0.58349			6
2026.05.20	01:47:32.205	0.58345	0.58348			6
2026.05.20	01:47:40.029	0.58346	0.58349			6
2026.05.20	01:47:40.331	0.58347	0.58350			6
2026.05.20	01:48:00.173	0.58347				2
2026.05.20	01:48:21.526	0.58348	0.58351			6
2026.05.20	01:48:24.535		0.58350			4
2026.05.20	01:48:24.835		0.58351			4
2026.05.20	01:48:33.851	0.58347	0.58350			6
2026.05.20	01:48:38.663	0.58348	0.58351			6
2026.05.20	01:48:55.197	0.58349	0.58352			6
2026.05.20	01:48:57.007	0.58350	0.58353			6
2026.05.20	01:48:57.307	0.58349	0.58352			6
2026.05.20	01:49:00.012	0.58349				2
2026.05.20	01:49:02.419	0.58348	0.58351			6
2026.05.20	01:49:15.959	0.58347	0.58350			6
2026.05.20	01:49:18.969	0.58348	0.58351			6
2026.05.20	01:49:28.591	0.58347	0.58350			6
2026.05.20	01:50:00.159	0.58347				2
2026.05.20	01:50:23.009	0.58346	0.58349			6
2026.05.20	01:50:24.516	0.58347	0.58350			6
2026.05.20	01:50:25.717	0.58348	0.58351			6
2026.05.20	01:50:48.886	0.58347	0.58350			6
2026.05.20	01:50:50.990	0.58348	0.58351			6
2026.05.20	01:51:00.020	0.58348				2
2026.05.20	01:51:01.823	0.58347	0.58350			6
2026.05.20	01:51:09.351	0.58348				2
2026.05.20	01:51:11.157	0.58347				2
2026.05.20	01:51:12.361	0.58348				2
2026.05.20	01:52:00.187	0.58348				2
2026.05.20	01:52:01.988		0.58350			4
2026.05.20	01:52:21.845	0.58347	0.58349			6
2026.05.20	01:52:29.061	0.58348	0.58350			6
2026.05.20	01:52:54.918	0.58347	0.58349			6
2026.05.20	01:53:00.030	0.58347				2
2026.05.20	01:53:00.330	0.58348	0.58350			6
2026.05.20	01:53:51.146	0.58349	0.58351			6
2026.05.20	01:53:55.055	0.58350	0.58352			6
2026.05.20	01:53:55.658	0.58351	0.58353			6
2026.05.20	01:53:56.259	0.58350				2
2026.05.20	01:54:00.173	0.58350				2
2026.05.20	01:54:00.473	0.58351	0.58354			6
2026.05.20	01:54:20.327	0.58352	0.58355			6
2026.05.20	01:54:24.546	0.58348	0.58351			6
2026.05.20	01:54:32.673	0.58349	0.58352			6
2026.05.20	01:54:41.997	0.58350	0.58353			6
2026.05.20	01:54:43.200	0.58351	0.58354			6
2026.05.20	01:55:00.051	0.58351				2
2026.05.20	01:55:00.651	0.58350	0.58353			6
2026.05.20	01:55:03.060	0.58351	0.58354			6
2026.05.20	01:55:22.914		0.58352			4
2026.05.20	01:55:23.517		0.58354			4
2026.05.20	01:55:24.117		0.58352			4
2026.05.20	01:55:24.421		0.58353			4
2026.05.20	01:55:24.724		0.58354			4
2026.05.20	01:56:00.210	0.58351				2
2026.05.20	01:56:02.013	0.58350	0.58353			6
2026.05.20	01:56:03.214	0.58351	0.58354			6
2026.05.20	01:56:04.715	0.58352	0.58355			6
2026.05.20	01:56:07.726		0.58353			4
2026.05.20	01:56:08.327		0.58355			4
2026.05.20	01:56:09.229		0.58353			4
2026.05.20	01:56:09.533		0.58355			4
2026.05.20	01:56:13.743	0.58353	0.58356			6
2026.05.20	01:56:17.652	0.58354	0.58357			6
2026.05.20	01:56:17.953	0.58355	0.58358			6
2026.05.20	01:56:18.556	0.58354	0.58357			6
2026.05.20	01:56:24.278	0.58353	0.58356			6
2026.05.20	01:57:00.078	0.58353				2
2026.05.20	01:57:24.444		0.58356			4
2026.05.20	01:58:00.226	0.58353				2
2026.05.20	01:58:08.049	0.58354	0.58357			6
2026.05.20	01:58:08.949	0.58355	0.58358			6
2026.05.20	01:58:09.250	0.58354	0.58357			6
2026.05.20	01:58:42.327	0.58355				2
2026.05.20	01:58:49.847	0.58354	0.58356			6
2026.05.20	01:59:00.084	0.58354				2
2026.05.20	01:59:00.383	0.58355	0.58357			6
2026.05.20	01:59:01.586	0.58356	0.58358			6
2026.05.20	01:59:04.288		0.58359			4
2026.05.20	01:59:06.393		0.58358			4
2026.05.20	01:59:13.004	0.58357	0.58359			6
2026.05.20	01:59:33.462	0.58356	0.58358			6
2026.05.20	02:00:00.221	0.58356				2
2026.05.20	02:00:00.821	0.58357	0.58359			6
2026.05.20	02:00:02.327	0.58356	0.58358			6
2026.05.20	02:00:03.228	0.58360	0.58362			6
2026.05.20	02:00:04.130		0.58363			4
2026.05.20	02:00:07.140	0.58359	0.58362			6
2026.05.20	02:00:15.562	0.58360	0.58363			6
2026.05.20	02:00:15.862	0.58361	0.58364			6
2026.05.20	02:00:28.486	0.58362	0.58365			6
2026.05.20	02:00:28.787	0.58363	0.58366			6
2026.05.20	02:00:29.087	0.58362	0.58365			6
2026.05.20	02:00:33.602	0.58363	0.58366			6
2026.05.20	02:00:36.615	0.58362	0.58365			6
2026.05.20	02:00:42.635	0.58361	0.58364			6
2026.05.20	02:00:52.876	0.58360	0.58363			6
2026.05.20	02:00:53.174	0.58358	0.58361			6
2026.05.20	02:00:54.376		0.58362			4
2026.05.20	02:00:54.978	0.58357	0.58361			6
2026.05.20	02:01:00.088	0.58357				2
2026.05.20	02:01:08.210	0.58358	0.58362			6
2026.05.20	02:01:10.916	0.58357	0.58361			6
2026.05.20	02:01:20.837	0.58358				2
2026.05.20	02:01:21.137	0.58357				2
2026.05.20	02:01:21.438	0.58358				2
2026.05.20	02:01:21.740	0.58357				2
2026.05.20	02:01:22.040		0.58360			4
2026.05.20	02:01:22.644	0.58356	0.58359			6
2026.05.20	02:01:22.945		0.58360			4
2026.05.20	02:01:27.155	0.58357	0.58361			6
2026.05.20	02:01:30.464	0.58356	0.58360			6
2026.05.20	02:01:34.674	0.58357	0.58361			6
2026.05.20	02:01:37.981	0.58356	0.58360			6
2026.05.20	02:01:44.897	0.58357	0.58361			6
2026.05.20	02:01:54.228		0.58360			4
2026.05.20	02:02:00.246	0.58357				2
2026.05.20	02:02:01.752	0.58358	0.58361			6
2026.05.20	02:02:15.884	0.58359	0.58362			6
2026.05.20	02:02:16.484	0.58360	0.58363			6
2026.05.20	02:02:17.386	0.58359				2
2026.05.20	02:02:18.886	0.58358	0.58362			6
2026.05.20	02:02:22.795	0.58359	0.58363			6
2026.05.20	02:02:27.304	0.58358	0.58362			6
2026.05.20	02:02:30.908	0.58359	0.58363			6
2026.05.20	02:02:41.127	0.58360	0.58364			6
2026.05.20	02:02:45.036	0.58361	0.58365			6
2026.05.20	02:02:53.160		0.58364			4
2026.05.20	02:03:00.081	0.58361				2
2026.05.20	02:03:10.599	0.58360	0.58363			6
2026.05.20	02:03:13.005	0.58361	0.58364			6
2026.05.20	02:03:32.248	0.58360	0.58363			6
2026.05.20	02:03:42.770	0.58361	0.58364			6
2026.05.20	02:04:00.214	0.58361				2
2026.05.20	02:04:00.514	0.58360	0.58363			6
2026.05.20	02:04:01.714	0.58361	0.58364			6
2026.05.20	02:04:20.060	0.58360	0.58363			6
2026.05.20	02:04:30.284	0.58361	0.58364			6
2026.05.20	02:04:41.999	0.58360	0.58363			6
2026.05.20	02:04:42.599	0.58359	0.58362			6
2026.05.20	02:04:44.707	0.58360	0.58363			6
2026.05.20	02:04:45.006	0.58359	0.58362			6
2026.05.20	02:04:47.712	0.58360	0.58363			6
2026.05.20	02:05:00.040	0.58360				2
2026.05.20	02:05:05.752	0.58359	0.58362			6
2026.05.20	02:05:11.466	0.58358	0.58361			6
2026.05.20	02:05:12.066	0.58357	0.58360			6
2026.05.20	02:05:40.629	0.58358	0.58361			6
2026.05.20	02:05:44.240	0.58357	0.58360			6
2026.05.20	02:05:57.173	0.58356	0.58359			6
2026.05.20	02:05:57.473	0.58358	0.58361			6
2026.05.20	02:06:00.183	0.58358				2
2026.05.20	02:06:17.027	0.58359				2
2026.05.20	02:06:18.829		0.58362			4
2026.05.20	02:06:22.737	0.58360	0.58363			6
2026.05.20	02:06:27.851	0.58361	0.58364			6
2026.05.20	02:07:00.055	0.58361				2
2026.05.20	02:07:22.296		0.58363			4
2026.05.20	02:07:23.197	0.58360				2
2026.05.20	02:07:25.301	0.58361				2
2026.05.20	02:07:34.627	0.58362	0.58364			6
2026.05.20	02:07:51.782	0.58361	0.58363			6
2026.05.20	02:07:55.685	0.58359	0.58361			6
2026.05.20	02:08:00.191	0.58359				2
2026.05.20	02:08:03.198		0.58362			4
2026.05.20	02:08:10.428	0.58361	0.58364			6
2026.05.20	02:08:16.144	0.58360	0.58363			6
2026.05.20	02:08:28.179	0.58359	0.58362			6
2026.05.20	02:08:40.509	0.58360	0.58363			6
2026.05.20	02:08:45.627	0.58361	0.58364			6
2026.05.20	02:08:47.729	0.58360	0.58363			6
2026.05.20	02:09:00.071	0.58360				2
2026.05.20	02:09:02.181	0.58361	0.58364			6
2026.05.20	02:09:42.182	0.58362				2
2026.05.20	02:09:50.895	0.58363	0.58365			6
2026.05.20	02:09:51.494	0.58362	0.58364			6
2026.05.20	02:09:53.299	0.58363	0.58365			6
2026.05.20	02:09:54.200	0.58362				2
2026.05.20	02:09:54.801	0.58363	0.58366			6
2026.05.20	02:09:57.206		0.58365			4
2026.05.20	02:10:00.210	0.58363				2
2026.05.20	02:10:06.529	0.58364	0.58366			6
2026.05.20	02:10:06.832	0.58365	0.58367			6
2026.05.20	02:10:07.130	0.58364				2
2026.05.20	02:10:11.334	0.58365	0.58368			6
2026.05.20	02:10:14.944	0.58366	0.58369			6
2026.05.20	02:10:15.244	0.58364	0.58367			6
2026.05.20	02:10:16.148	0.58365	0.58368			6
2026.05.20	02:10:18.853	0.58366	0.58369			6
2026.05.20	02:10:37.489	0.58367				2
2026.05.20	02:10:38.991	0.58366				2
2026.05.20	02:10:39.290	0.58367				2
2026.05.20	02:10:39.891	0.58366				2
2026.05.20	02:10:44.104	0.58367	0.58370			6
2026.05.20	02:10:58.851	0.58366	0.58369			6
2026.05.20	02:11:00.048	0.58366				2
2026.05.20	02:11:00.650	0.58367	0.58370			6
2026.05.20	02:11:02.453	0.58368	0.58371			6
2026.05.20	02:11:02.755	0.58367	0.58370			6
2026.05.20	02:11:04.558	0.58369	0.58371			6
2026.05.20	02:11:09.672	0.58367	0.58370			6
2026.05.20	02:11:14.783	0.58368				2
2026.05.20	02:11:15.082	0.58367				2
2026.05.20	02:11:15.984	0.58368	0.58371			6
2026.05.20	02:11:18.388		0.58370			4
2026.05.20	02:11:21.400	0.58367				2
2026.05.20	02:11:22.598	0.58368				2
2026.05.20	02:11:22.899	0.58367				2
2026.05.20	02:11:24.705	0.58366	0.58369			6
2026.05.20	02:11:27.416	0.58367	0.58370			6
2026.05.20	02:11:30.129	0.58366	0.58369			6
2026.05.20	02:11:32.235		0.58368			4
2026.05.20	02:11:43.975	0.58365				2
2026.05.20	02:11:53.309	0.58366	0.58369			6
2026.05.20	02:11:56.616	0.58364	0.58367			6
2026.05.20	02:11:59.027	0.58365	0.58368			6
2026.05.20	02:12:00.229	0.58365				2
2026.05.20	02:12:09.553	0.58366	0.58369			6
2026.05.20	02:12:13.160	0.58367	0.58370			6
2026.05.20	02:12:23.385	0.58366	0.58369			6
2026.05.20	02:12:27.594	0.58367	0.58370			6
2026.05.20	02:12:28.196	0.58366	0.58369			6
2026.05.20	02:12:29.397	0.58367	0.58370			6
2026.05.20	02:12:35.413	0.58366	0.58369			6
2026.05.20	02:12:47.269	0.58365	0.58368			6
2026.05.20	02:12:59.891	0.58364	0.58367			6
2026.05.20	02:13:00.192	0.58364				2
2026.05.20	02:13:00.793	0.58365	0.58368			6
2026.05.20	02:13:16.425	0.58364	0.58367			6
2026.05.20	02:13:22.441	0.58365	0.58368			6
2026.05.20	02:13:25.447	0.58366	0.58369			6
2026.05.20	02:14:00.073	0.58366				2
2026.05.20	02:14:00.374		0.58368			4
2026.05.20	02:14:00.674	0.58364	0.58367			6
2026.05.20	02:14:00.974	0.58363	0.58366			6
2026.05.20	02:14:05.787	0.58362	0.58365			6
2026.05.20	02:14:06.991	0.58363				2
2026.05.20	02:14:07.292	0.58362				2
2026.05.20	02:14:07.592	0.58365	0.58368			6
2026.05.20	02:14:11.801	0.58366				2
2026.05.20	02:14:14.505	0.58364				2
2026.05.20	02:14:15.405		0.58367			4
2026.05.20	02:14:16.194	0.58365	0.58368			6
2026.05.20	02:14:18.897	0.58364				2
2026.05.20	02:14:23.181	0.58365				2
2026.05.20	02:14:27.691	0.58364				2
2026.05.20	02:14:36.326	0.58366	0.58369			6
2026.05.20	02:14:57.076	0.58365				2
2026.05.20	02:14:57.677	0.58366	0.58370			6
2026.05.20	02:14:59.344	0.58367				2
2026.05.20	02:14:59.643		0.58371			4
2026.05.20	02:15:00.243	0.58367				2
2026.05.20	02:15:04.154		0.58370			4
2026.05.20	02:15:04.456		0.58371			4
2026.05.20	02:15:04.757		0.58370			4
2026.05.20	02:15:09.264		0.58371			4
2026.05.20	02:15:13.760		0.58370			4
2026.05.20	02:15:23.079	0.58366	0.58369			6
2026.05.20	02:15:28.484	0.58367	0.58370			6
2026.05.20	02:15:39.915	0.58366	0.58369			6
2026.05.20	02:15:41.117	0.58367	0.58370			6
2026.05.20	02:15:41.419	0.58366	0.58369			6
2026.05.20	02:15:42.020	0.58368	0.58370			6
2026.05.20	02:15:43.522	0.58367				2
2026.05.20	02:15:45.326	0.58368				2
2026.05.20	02:15:46.228	0.58367				2
2026.05.20	02:16:00.060	0.58367				2
2026.05.20	02:16:02.161		0.58369			4
2026.05.20	02:16:06.063	0.58366				2
2026.05.20	02:16:07.869		0.58368			4
2026.05.20	02:16:21.103		0.58369			4
2026.05.20	02:16:47.154	0.58367	0.58370			6
2026.05.20	02:16:54.962	0.58368				2
2026.05.20	02:16:57.666		0.58371			4
2026.05.20	02:16:57.966	0.58367	0.58370			6
2026.05.20	02:17:00.075	0.58367				2
2026.05.20	02:17:04.887	0.58366	0.58369			6
2026.05.20	02:17:10.897	0.58367	0.58370			6
2026.05.20	02:17:22.034	0.58370	0.58373			6
2026.05.20	02:17:29.255	0.58369	0.58372			6
2026.05.20	02:17:29.855	0.58368	0.58371			6
2026.05.20	02:17:30.156	0.58367				2
2026.05.20	02:17:31.362	0.58368				2
2026.05.20	02:17:36.568		0.58372			4
2026.05.20	02:17:37.169	0.58367	0.58371			6
2026.05.20	02:17:39.515		0.58370			4
2026.05.20	02:17:57.603	0.58368	0.58371			6
2026.05.20	02:17:57.903	0.58367	0.58370			6
2026.05.20	02:17:58.203	0.58368	0.58371			6
2026.05.20	02:18:00.007	0.58368				2
2026.05.20	02:18:08.435	0.58367	0.58370			6
2026.05.20	02:18:10.241	0.58368	0.58371			6
2026.05.20	02:18:10.542	0.58367	0.58370			6
2026.05.20	02:18:17.464	0.58368				2
2026.05.20	02:18:29.795		0.58371			4
2026.05.20	02:18:49.658	0.58367	0.58370			6
2026.05.20	02:18:50.260	0.58368	0.58371			6
2026.05.20	02:19:00.182	0.58368				2
2026.05.20	02:19:02.586	0.58370	0.58373			6
2026.05.20	02:19:03.186		0.58374			4
2026.05.20	02:19:07.894	0.58371				2
2026.05.20	02:19:10.297		0.58373			4
2026.05.20	02:19:11.800	0.58370				2
2026.05.20	02:19:16.125	0.58371				2
2026.05.20	02:19:19.428		0.58374			4
2026.05.20	02:19:21.233		0.58373			4
2026.05.20	02:19:29.952	0.58370				2
2026.05.20	02:19:33.565	0.58371				2
2026.05.20	02:19:34.168	0.58369	0.58372			6
2026.05.20	02:19:35.072	0.58370	0.58373			6
2026.05.20	02:19:36.876	0.58369				2
2026.05.20	02:19:37.427	0.58370				2
2026.05.20	02:19:37.728	0.58369				2
2026.05.20	02:19:43.824	0.58370				2
2026.05.20	02:19:44.124	0.58369				2
2026.05.20	02:19:45.276	0.58370				2
2026.05.20	02:19:51.314	0.58369				2
2026.05.20	02:19:52.619	0.58370	0.58374			6
2026.05.20	02:19:53.481		0.58373			4
2026.05.20	02:19:53.781	0.58369				2
2026.05.20	02:20:00.910	0.58369				2
2026.05.20	02:20:01.213	0.58370				2
2026.05.20	02:20:05.119		0.58374			4
2026.05.20	02:20:06.022	0.58371				2
2026.05.20	02:20:06.625		0.58375			4
2026.05.20	02:20:16.480	0.58372				2
2026.05.20	02:20:16.780	0.58371				2
2026.05.20	02:20:17.682	0.58372	0.58376			6
2026.05.20	02:20:17.982	0.58371	0.58375			6
2026.05.20	02:20:20.178	0.58372				2
2026.05.20	02:20:20.480	0.58371				2
2026.05.20	02:20:21.406	0.58372				2
2026.05.20	02:20:22.006	0.58371				2
2026.05.20	02:20:28.459	0.58372				2
2026.05.20	02:20:29.059	0.58371				2
2026.05.20	02:20:40.760	0.58372				2
2026.05.20	02:20:51.974		0.58374			4
2026.05.20	02:20:53.478	0.58371				2
2026.05.20	02:21:00.087	0.58371				2
2026.05.20	02:21:19.929	0.58372	0.58375			6
2026.05.20	02:21:27.750	0.58371	0.58374			6
2026.05.20	02:21:30.154	0.58372				2
2026.05.20	02:21:30.454		0.58375			4
2026.05.20	02:21:32.560	0.58371	0.58374			6
2026.05.20	02:21:43.990	0.58372	0.58375			6
2026.05.20	02:21:47.614	0.58371	0.58374			6
2026.05.20	02:21:50.620	0.58372	0.58375			6
2026.05.20	02:22:00.238	0.58372				2
2026.05.20	02:22:10.186	0.58373	0.58376			6
2026.05.20	02:22:10.486	0.58374				2
2026.05.20	02:22:10.787	0.58372	0.58374			6
2026.05.20	02:22:12.288		0.58375			4
2026.05.20	02:22:15.307		0.58374			4
2026.05.20	02:22:22.225		0.58375			4
2026.05.20	02:22:26.212	0.58371	0.58374			6
2026.05.20	02:22:27.112	0.58372	0.58375			6
2026.05.20	02:22:28.013	0.58371	0.58374			6
2026.05.20	02:22:28.916	0.58372	0.58375			6
2026.05.20	02:22:29.216	0.58371				2
2026.05.20	02:22:33.083		0.58374			4
2026.05.20	02:22:39.395	0.58372	0.58375			6
2026.05.20	02:22:42.100	0.58371	0.58374			6
2026.05.20	02:23:00.150	0.58371				2
2026.05.20	02:23:07.960	0.58370	0.58373			6
2026.05.20	02:23:14.878	0.58371				2
2026.05.20	02:23:15.179	0.58370				2
2026.05.20	02:23:19.984	0.58371	0.58374			6
2026.05.20	02:24:00.285	0.58371				2
2026.05.20	02:24:03.892	0.58372				2
2026.05.20	02:24:05.095	0.58373	0.58375			6
2026.05.20	02:24:10.508		0.58376			4
2026.05.20	02:24:14.116	0.58372	0.58375			6
2026.05.20	02:24:21.027	0.58371	0.58374			6
2026.05.20	02:24:25.541	0.58372	0.58375			6
2026.05.20	02:24:30.951	0.58371	0.58374			6
2026.05.20	02:24:59.825	0.58372	0.58375			6
2026.05.20	02:25:00.125	0.58371	0.58374			6
2026.05.20	02:25:30.182		0.58373			4
2026.05.20	02:25:40.400	0.58372	0.58374			6
2026.05.20	02:25:40.701	0.58371	0.58373			6
2026.05.20	02:25:41.003	0.58372	0.58374			6
2026.05.20	02:25:41.304	0.58371				2
2026.05.20	02:25:44.308	0.58372				2
2026.05.20	02:25:53.027	0.58373	0.58375			6
2026.05.20	02:25:53.327	0.58372				2
2026.05.20	02:25:55.728	0.58371	0.58374			6
2026.05.20	02:26:00.239	0.58371				2
2026.05.20	02:26:09.259	0.58372				2
2026.05.20	02:26:19.778	0.58373	0.58375			6
2026.05.20	02:26:24.286		0.58374			4
2026.05.20	02:26:24.887		0.58375			4
2026.05.20	02:26:25.791		0.58374			4
2026.05.20	02:26:26.092		0.58375			4
2026.05.20	02:26:26.392		0.58374			4
2026.05.20	02:26:26.693		0.58375			4
2026.05.20	02:26:27.295	0.58372	0.58374			6
2026.05.20	02:26:27.596	0.58373	0.58375			6
2026.05.20	02:26:28.197	0.58372	0.58374			6
2026.05.20	02:26:28.496	0.58373	0.58375			6
2026.05.20	02:26:29.097	0.58372	0.58374			6
2026.05.20	02:26:38.414	0.58373	0.58375			6
2026.05.20	02:26:39.015	0.58372	0.58374			6
2026.05.20	02:26:39.317	0.58373	0.58375			6
2026.05.20	02:27:00.082	0.58373				2
2026.05.20	02:27:01.284	0.58372	0.58374			6
2026.05.20	02:27:12.408	0.58375	0.58377			6
2026.05.20	02:27:13.309		0.58378			4
2026.05.20	02:27:17.527	0.58374	0.58377			6
2026.05.20	02:27:25.037	0.58375	0.58378			6
2026.05.20	02:27:43.973	0.58374	0.58377			6
2026.05.20	02:28:00.206	0.58374				2
2026.05.20	02:28:11.326	0.58375	0.58378			6
2026.05.20	02:28:11.626	0.58374	0.58377			6
2026.05.20	02:28:17.335	0.58375	0.58378			6
2026.05.20	02:28:19.742	0.58376	0.58379			6
2026.05.20	02:28:20.042	0.58378	0.58381			6
2026.05.20	02:28:20.343		0.58382			4
2026.05.20	02:28:20.944	0.58377	0.58381			6
2026.05.20	02:28:21.244		0.58380			4
2026.05.20	02:28:21.845		0.58381			4
2026.05.20	02:28:23.650		0.58380			4
2026.05.20	02:28:25.454		0.58381			4
2026.05.20	02:28:27.384		0.58380			4
2026.05.20	02:28:30.992	0.58376				2
2026.05.20	02:28:35.256		0.58379			4
2026.05.20	02:29:00.560	0.58376				2
2026.05.20	02:29:01.984		0.58378			4
2026.05.20	02:29:04.387	0.58375				2
2026.05.20	02:29:14.002	0.58374	0.58377			6
2026.05.20	02:29:24.204	0.58372	0.58375			6
2026.05.20	02:29:25.106		0.58376			4
2026.05.20	02:29:42.146		0.58375			4
2026.05.20	02:29:42.446		0.58376			4
2026.05.20	02:29:44.145		0.58375			4
2026.05.20	02:29:57.973	0.58373	0.58376			6
2026.05.20	02:30:00.294	0.58373				2
2026.05.20	02:30:04.095	0.58372	0.58375			6
2026.05.20	02:30:07.413	0.58373				2
2026.05.20	02:30:08.916	0.58372				2
2026.05.20	02:30:23.954	0.58373	0.58376			6
2026.05.20	02:30:26.659	0.58372	0.58375			6
2026.05.20	02:30:30.269	0.58373				2
2026.05.20	02:30:30.569	0.58372				2
2026.05.20	02:30:46.023	0.58373	0.58376			6
2026.05.20	02:30:47.525	0.58376	0.58378			6
2026.05.20	02:30:49.326	0.58375				2
2026.05.20	02:30:57.582	0.58374				2
2026.05.20	02:30:57.882	0.58375	0.58379			6
2026.05.20	02:30:58.785		0.58378			4
2026.05.20	02:31:00.397	0.58375				2
2026.05.20	02:31:06.354	0.58376				2
2026.05.20	02:31:17.485		0.58379			4
2026.05.20	02:31:20.497		0.58378			4
2026.05.20	02:31:28.325		0.58379			4
2026.05.20	02:31:29.527		0.58378			4
2026.05.20	02:31:30.131		0.58379			4
2026.05.20	02:31:31.035		0.58378			4
2026.05.20	02:31:39.751		0.58379			4
2026.05.20	02:32:01.303	0.58376				2
2026.05.20	02:32:04.310		0.58378			4
2026.05.20	02:32:09.122		0.58379			4
2026.05.20	02:32:23.259	0.58377				2
2026.05.20	02:32:29.572	0.58376	0.58378			6
2026.05.20	02:33:00.241	0.58376				2
2026.05.20	02:33:23.688	0.58375	0.58377			6
2026.05.20	02:33:23.988	0.58374	0.58376			6
2026.05.20	02:33:53.162	0.58375	0.58377			6
2026.05.20	02:33:57.381	0.58376	0.58378			6
2026.05.20	02:33:57.677	0.58381	0.58383			6
2026.05.20	02:33:58.278	0.58380	0.58384			6
2026.05.20	02:33:59.190		0.58383			4
2026.05.20	02:34:00.091	0.58380				2
2026.05.20	02:34:01.292	0.58378	0.58382			6
2026.05.20	02:34:02.193	0.58380	0.58384			6
2026.05.20	02:34:03.095		0.58383			4
2026.05.20	02:34:03.395		0.58384			4
2026.05.20	02:34:04.295		0.58383			4
2026.05.20	02:34:04.596	0.58378	0.58382			6
2026.05.20	02:34:04.897	0.58377	0.58381			6
2026.05.20	02:34:06.103	0.58376	0.58380			6
2026.05.20	02:34:06.401	0.58375	0.58379			6
2026.05.20	02:34:09.705	0.58374	0.58378			6
2026.05.20	02:34:10.605	0.58375	0.58379			6
2026.05.20	02:34:11.208	0.58376	0.58380			6
2026.05.20	02:34:12.410	0.58377	0.58381			6
2026.05.20	02:34:15.120	0.58376	0.58380			6
2026.05.20	02:34:15.420	0.58377	0.58381			6
2026.05.20	02:34:20.534	0.58379	0.58383			6
2026.05.20	02:34:20.835	0.58380	0.58384			6
2026.05.20	02:34:23.237	0.58381	0.58385			6
2026.05.20	02:34:23.539	0.58382	0.58386			6
2026.05.20	02:34:25.338	0.58381	0.58385			6
2026.05.20	02:34:27.445	0.58382	0.58386			6
2026.05.20	02:34:29.549	0.58383	0.58387			6
2026.05.20	02:34:36.160	0.58386	0.58390			6
2026.05.20	02:34:37.664	0.58390	0.58394			6
2026.05.20	02:34:41.573	0.58389	0.58393			6
2026.05.20	02:34:41.873	0.58388	0.58392			6
2026.05.20	02:34:42.477	0.58389	0.58393			6
2026.05.20	02:34:43.679	0.58386	0.58390			6
2026.05.20	02:34:45.781	0.58390	0.58394			6
2026.05.20	02:34:46.089	0.58394	0.58398			6
2026.05.20	02:34:46.388	0.58398	0.58402			6
2026.05.20	02:34:46.687	0.58400	0.58404			6
2026.05.20	02:34:47.888	0.58395	0.58399			6
2026.05.20	02:34:48.489	0.58394	0.58398			6
2026.05.20	02:34:49.990	0.58393	0.58397			6
2026.05.20	02:34:50.891	0.58395	0.58399			6
2026.05.20	02:34:51.191	0.58393	0.58397			6
2026.05.20	02:34:52.695	0.58392	0.58396			6
2026.05.20	02:34:54.796	0.58393	0.58397			6
2026.05.20	02:34:55.697	0.58392	0.58396			6
2026.05.20	02:34:56.900	0.58393	0.58397			6
2026.05.20	02:34:57.500	0.58395	0.58399			6
2026.05.20	02:34:57.800	0.58396	0.58400			6
2026.05.20	02:34:58.400	0.58395	0.58399			6
2026.05.20	02:35:00.206	0.58394	0.58398			6
2026.05.20	02:35:00.506	0.58395	0.58399			6
2026.05.20	02:35:01.107	0.58396	0.58400			6
2026.05.20	02:35:02.612	0.58395	0.58399			6
2026.05.20	02:35:02.910	0.58396	0.58400			6
2026.05.20	02:35:06.213	0.58397	0.58401			6
2026.05.20	02:35:06.813	0.58398	0.58402			6
2026.05.20	02:35:09.220	0.58397	0.58401			6
2026.05.20	02:35:09.521	0.58396	0.58400			6
2026.05.20	02:35:13.303	0.58395	0.58399			6
2026.05.20	02:35:18.711	0.58396				2
2026.05.20	02:35:19.011	0.58393	0.58397			6
2026.05.20	02:35:19.311	0.58394	0.58398			6
2026.05.20	02:35:20.213		0.58397			4
2026.05.20	02:35:20.513		0.58398			4
2026.05.20	02:35:22.996	0.58393	0.58397			6
2026.05.20	02:35:31.423	0.58392	0.58396			6
2026.05.20	02:35:32.026	0.58390	0.58394			6
2026.05.20	02:35:32.324	0.58391	0.58395			6
2026.05.20	02:35:33.524		0.58394			4
2026.05.20	02:35:41.645	0.58392	0.58396			6
2026.05.20	02:35:43.401	0.58390	0.58394			6
2026.05.20	02:35:44.303	0.58389	0.58393			6
2026.05.20	02:35:45.371	0.58390				2
2026.05.20	02:35:45.672	0.58389				2
2026.05.20	02:35:46.873		0.58392			4
2026.05.20	02:35:47.477		0.58393			4
2026.05.20	02:35:48.590		0.58392			4
2026.05.20	02:35:49.706		0.58393			4
2026.05.20	02:35:50.006		0.58392			4
2026.05.20	02:35:53.835		0.58393			4
2026.05.20	02:35:59.335		0.58392			4
2026.05.20	02:36:00.237	0.58389				2
2026.05.20	02:36:01.437		0.58393			4
2026.05.20	02:36:02.594	0.58390				2
2026.05.20	02:36:04.200	0.58389				2
2026.05.20	02:36:07.026		0.58392			4
2026.05.20	02:36:11.677		0.58393			4
2026.05.20	02:36:15.980		0.58392			4
2026.05.20	02:36:17.484	0.58387	0.58391			6
2026.05.20	02:36:17.782	0.58388	0.58392			6
2026.05.20	02:36:18.983	0.58389	0.58393			6
2026.05.20	02:36:19.282	0.58388	0.58392			6
2026.05.20	02:36:27.407	0.58386	0.58390			6
2026.05.20	02:36:30.422	0.58387	0.58391			6
2026.05.20	02:36:36.134	0.58386	0.58390			6
2026.05.20	02:36:38.242	0.58387	0.58391			6
2026.05.20	02:36:44.254	0.58386	0.58390			6
2026.05.20	02:36:44.555	0.58385	0.58389			6
2026.05.20	02:36:46.959	0.58384	0.58388			6
2026.05.20	02:36:48.760		0.58387			4
2026.05.20	02:36:52.670	0.58382	0.58384			6
2026.05.20	02:36:52.969	0.58379	0.58383			6
2026.05.20	02:36:54.171	0.58380				2
2026.05.20	02:36:54.471	0.58381	0.58384			6
2026.05.20	02:36:56.276	0.58380	0.58382			6
2026.05.20	02:36:56.878		0.58384			4
2026.05.20	02:36:58.257		0.58383			4
2026.05.20	02:37:00.060	0.58380	0.58384			6
2026.05.20	02:37:00.360	0.58383	0.58386			6
2026.05.20	02:37:00.660	0.58382				2
2026.05.20	02:37:06.382		0.58385			4
2026.05.20	02:37:09.087	0.58381				2
2026.05.20	02:37:09.387	0.58382				2
2026.05.20	02:37:09.688	0.58381				2
2026.05.20	02:37:11.943	0.58382				2
2026.05.20	02:37:12.544	0.58381				2
2026.05.20	02:37:13.397	0.58382				2
2026.05.20	02:37:15.202		0.58386			4
2026.05.20	02:37:16.177	0.58383	0.58387			6
2026.05.20	02:37:17.078		0.58386			4
2026.05.20	02:37:18.676	0.58382				2
2026.05.20	02:37:19.876	0.58383				2
2026.05.20	02:37:22.618		0.58387			4
2026.05.20	02:37:24.563	0.58384				2
2026.05.20	02:37:33.686	0.58385	0.58389			6
2026.05.20	02:37:36.595		0.58388			4
2026.05.20	02:37:36.896		0.58389			4
2026.05.20	02:37:38.397		0.58388			4
2026.05.20	02:37:38.698		0.58389			4
2026.05.20	02:37:40.258	0.58384	0.58388			6
2026.05.20	02:37:40.558	0.58383	0.58387			6
2026.05.20	02:37:49.406	0.58385	0.58388			6
2026.05.20	02:37:53.014		0.58389			4
2026.05.20	02:37:53.616	0.58386	0.58390			6
2026.05.20	02:37:55.120	0.58385	0.58389			6
2026.05.20	02:37:55.720	0.58386				2
2026.05.20	02:37:56.626		0.58390			4
2026.05.20	02:37:59.028	0.58387				2
2026.05.20	02:37:59.328	0.58386				2
2026.05.20	02:37:59.630		0.58389			4
2026.05.20	02:38:00.231	0.58386				2
2026.05.20	02:38:02.334		0.58390			4
2026.05.20	02:38:02.935		0.58389			4
2026.05.20	02:38:03.235	0.58385				2
2026.05.20	02:38:04.489	0.58386				2
2026.05.20	02:38:07.197		0.58388			4
2026.05.20	02:38:07.497	0.58385	0.58389			6
2026.05.20	02:38:09.605		0.58387			4
2026.05.20	02:38:09.907	0.58382	0.58386			6
2026.05.20	02:38:11.671		0.58385			4
2026.05.20	02:38:14.672		0.58386			4
2026.05.20	02:38:16.235	0.58383				2
2026.05.20	02:38:16.536	0.58382				2
2026.05.20	02:38:18.206	0.58383				2
2026.05.20	02:38:20.311	0.58384	0.58387			6
2026.05.20	02:38:26.934	0.58383	0.58386			6
2026.05.20	02:38:47.411	0.58382				2
2026.05.20	02:38:49.793	0.58383				2
2026.05.20	02:38:51.296	0.58384				2
2026.05.20	02:38:52.200	0.58383				2
2026.05.20	02:38:52.498	0.58382	0.58385			6
2026.05.20	02:38:52.798		0.58386			4
2026.05.20	02:38:53.701		0.58385			4
2026.05.20	02:38:54.604	0.58383				2
2026.05.20	02:39:00.014	0.58383				2
2026.05.20	02:39:03.623	0.58382				2
2026.05.20	02:39:25.572		0.58384			4
2026.05.20	02:39:25.872	0.58381				2
2026.05.20	02:39:27.981	0.58382				2
2026.05.20	02:39:31.588		0.58385			4
2026.05.20	02:39:32.791	0.58383				2
2026.05.20	02:39:34.596	0.58382				2
2026.05.20	02:39:37.297		0.58384			4
2026.05.20	02:39:38.506		0.58385			4
2026.05.20	02:39:39.107	0.58381	0.58384			6
2026.05.20	02:39:39.707	0.58382	0.58385			6
2026.05.20	02:39:40.608	0.58383				2
2026.05.20	02:39:40.909		0.58386			4
2026.05.20	02:39:41.809	0.58384	0.58388			6
2026.05.20	02:39:57.748		0.58387			4
2026.05.20	02:39:59.724	0.58383				2
2026.05.20	02:40:00.024	0.58383				2
2026.05.20	02:40:00.324	0.58380	0.58383			6
2026.05.20	02:40:01.527	0.58377	0.58380			6
2026.05.20	02:40:01.826		0.58379			4
2026.05.20	02:40:02.427	0.58376				2
2026.05.20	02:40:02.727		0.58377			4
2026.05.20	02:40:03.028		0.58378			4
2026.05.20	02:40:09.640	0.58375				2
2026.05.20	02:40:09.940		0.58377			4
2026.05.20	02:40:28.877		0.58376			4
2026.05.20	02:40:29.477		0.58377			4
2026.05.20	02:40:31.279		0.58376			4
2026.05.20	02:40:34.282		0.58377			4
2026.05.20	02:40:35.784		0.58378			4
2026.05.20	02:41:01.283	0.58375				2
2026.05.20	02:41:07.204	0.58374				2
2026.05.20	02:41:13.215	0.58373	0.58376			6
2026.05.20	02:41:20.429		0.58377			4
2026.05.20	02:41:22.533	0.58374	0.58378			6
2026.05.20	02:41:29.749		0.58377			4
2026.05.20	02:41:30.950	0.58373				2
2026.05.20	02:41:37.867		0.58376			4
2026.05.20	02:41:42.377		0.58375			4
2026.05.20	02:42:00.109	0.58373				2
2026.05.20	02:42:27.485		0.58376			4
2026.05.20	02:42:36.497	0.58374				2
2026.05.20	02:42:36.800	0.58373				2
2026.05.20	02:42:37.101	0.58374				2
2026.05.20	02:42:37.702	0.58373				2
2026.05.20	02:42:40.710	0.58374				2
2026.05.20	02:42:41.010		0.58377			4
2026.05.20	02:42:53.331	0.58373	0.58376			6
2026.05.20	02:42:55.134	0.58374				2
2026.05.20	02:43:00.245	0.58374				2
2026.05.20	02:43:53.458		0.58376			4
2026.05.20	02:44:00.072	0.58374				2
2026.05.20	02:44:02.476	0.58375				2
2026.05.20	02:44:02.777	0.58374				2
2026.05.20	02:44:13.895	0.58373	0.58375			6
2026.05.20	02:44:46.656	0.58374	0.58376			6
2026.05.20	02:44:47.559	0.58375				2
2026.05.20	02:44:48.459	0.58374				2
2026.05.20	02:45:00.190	0.58374				2
2026.05.20	02:45:00.490	0.58373	0.58375			6
2026.05.20	02:45:01.693	0.58372	0.58374			6
2026.05.20	02:45:01.993	0.58374	0.58376			6
2026.05.20	02:45:02.895	0.58375				2
2026.05.20	02:45:03.497	0.58374				2
2026.05.20	02:45:03.797	0.58375	0.58377			6
2026.05.20	02:45:07.705		0.58376			4
2026.05.20	02:45:08.004	0.58374	0.58375			6
2026.05.20	02:45:15.219		0.58376			4
2026.05.20	02:45:16.425	0.58372	0.58374			6
2026.05.20	02:45:16.725		0.58373			4
2026.05.20	02:45:17.026	0.58371				2
2026.05.20	02:45:18.527	0.58370	0.58372			6
2026.05.20	02:45:56.706	0.58369	0.58371			6
2026.05.20	02:46:00.014	0.58369				2
2026.05.20	02:46:02.717	0.58367	0.58369			6
2026.05.20	02:46:03.017	0.58366	0.58368			6
2026.05.20	02:46:03.918	0.58367	0.58369			6
2026.05.20	02:46:04.217	0.58366	0.58368			6
2026.05.20	02:46:05.118	0.58367	0.58369			6
2026.05.20	02:46:06.319	0.58366	0.58368			6
2026.05.20	02:46:06.619	0.58367	0.58369			6
2026.05.20	02:46:06.923	0.58366	0.58368			6
2026.05.20	02:46:14.144	0.58367	0.58369			6
2026.05.20	02:46:15.345	0.58368	0.58370			6
2026.05.20	02:46:15.645	0.58367	0.58369			6
2026.05.20	02:46:20.151	0.58368	0.58370			6
2026.05.20	02:46:20.452	0.58367	0.58369			6
2026.05.20	02:46:24.360	0.58368				2
2026.05.20	02:46:24.661		0.58370			4
2026.05.20	02:46:25.262	0.58369	0.58371			6
2026.05.20	02:46:28.874	0.58365	0.58367			6
2026.05.20	02:46:30.378	0.58364				2
2026.05.20	02:46:33.812	0.58361	0.58363			6
2026.05.20	02:46:41.025		0.58364			4
2026.05.20	02:46:41.830	0.58362				2
2026.05.20	02:46:44.836		0.58365			4
2026.05.20	02:46:45.135	0.58360	0.58363			6
2026.05.20	02:46:45.436	0.58358	0.58362			6
2026.05.20	02:46:45.736	0.58355	0.58358			6
2026.05.20	02:46:46.337		0.58359			4
2026.05.20	02:46:46.636	0.58354	0.58357			6
2026.05.20	02:46:47.239		0.58358			4
2026.05.20	02:46:47.854		0.58357			4
2026.05.20	02:46:49.657	0.58353				2
2026.05.20	02:46:51.211	0.58354				2
2026.05.20	02:46:55.125	0.58353	0.58356			6
2026.05.20	02:46:55.425	0.58354				2
2026.05.20	02:46:55.726		0.58357			4
2026.05.20	02:46:56.927		0.58356			4
2026.05.20	02:47:00.125	0.58354				2
2026.05.20	02:47:02.398		0.58357			4
2026.05.20	02:47:04.643		0.58356			4
2026.05.20	02:47:05.844	0.58349	0.58352			6
2026.05.20	02:47:06.145	0.58350	0.58353			6
2026.05.20	02:47:10.952	0.58349				2
2026.05.20	02:47:11.687		0.58352			4
2026.05.20	02:47:21.221		0.58351			4
2026.05.20	02:47:24.130		0.58352			4
2026.05.20	02:47:28.848		0.58351			4
2026.05.20	02:47:37.819		0.58352			4
2026.05.20	02:47:39.922	0.58348	0.58351			6
2026.05.20	02:47:40.222	0.58349	0.58352			6
2026.05.20	02:47:57.929	0.58348				2
2026.05.20	02:47:58.229	0.58346	0.58349			6
2026.05.20	02:47:58.536	0.58347	0.58351			6
2026.05.20	02:47:59.437	0.58348				2
2026.05.20	02:48:00.512	0.58348				2
2026.05.20	02:48:01.112	0.58345	0.58348			6
2026.05.20	02:48:07.988	0.58344	0.58346			6
2026.05.20	02:48:12.096		0.58347			4
2026.05.20	02:48:12.396		0.58346			4
2026.05.20	02:48:14.203		0.58347			4
2026.05.20	02:48:20.215		0.58348			4
2026.05.20	02:48:23.219		0.58347			4
2026.05.20	02:48:23.821	0.58343				2
2026.05.20	02:48:24.124	0.58344				2
2026.05.20	02:48:28.033		0.58348			4
2026.05.20	02:48:30.207		0.58347			4
2026.05.20	02:48:34.719		0.58346			4
2026.05.20	02:48:35.620		0.58347			4
2026.05.20	02:48:52.456		0.58346			4
2026.05.20	02:48:58.167	0.58349	0.58352			6
2026.05.20	02:49:00.272	0.58349				2
2026.05.20	02:49:02.373		0.58351			4
2026.05.20	02:49:02.674		0.58352			4
2026.05.20	02:49:03.743	0.58347	0.58350			6
2026.05.20	02:49:04.042	0.58348				2
2026.05.20	02:49:04.644		0.58351			4
2026.05.20	02:49:13.425	0.58347				2
2026.05.20	02:49:16.592		0.58350			4
2026.05.20	02:49:16.893		0.58351			4
2026.05.20	02:49:18.247		0.58350			4
2026.05.20	02:49:18.548	0.58348				2
2026.05.20	02:49:18.848	0.58347				2
2026.05.20	02:49:19.148	0.58348				2
2026.05.20	02:49:20.651		0.58351			4
2026.05.20	02:49:22.831		0.58352			4
2026.05.20	02:49:23.765	0.58349				2
2026.05.20	02:49:28.179	0.58348	0.58351			6
2026.05.20	02:49:31.784	0.58349	0.58352			6
2026.05.20	02:49:34.045		0.58353			4
2026.05.20	02:49:34.348	0.58350				2
2026.05.20	02:49:36.302	0.58349	0.58352			6
2026.05.20	02:49:45.922	0.58350				2
2026.05.20	02:49:46.223		0.58353			4
2026.05.20	02:49:46.888	0.58349				2
2026.05.20	02:49:47.190		0.58352			4
2026.05.20	02:50:00.114	0.58349				2
2026.05.20	02:50:02.514		0.58353			4
2026.05.20	02:50:07.123	0.58350				2
2026.05.20	02:50:08.625	0.58351	0.58354			6
2026.05.20	02:50:08.926	0.58353	0.58357			6
2026.05.20	02:50:20.893	0.58354				2
2026.05.20	02:50:24.332	0.58353				2
2026.05.20	02:50:25.233	0.58354				2
2026.05.20	02:50:26.734	0.58353				2
2026.05.20	02:50:27.035	0.58354				2
2026.05.20	02:50:33.351	0.58353				2
2026.05.20	02:50:42.369	0.58354	0.58358			6
2026.05.20	02:50:44.720		0.58357			4
2026.05.20	02:50:54.633	0.58353	0.58356			6
2026.05.20	02:50:54.934		0.58355			4
2026.05.20	02:50:55.235		0.58356			4
2026.05.20	02:50:55.574	0.58352				2
2026.05.20	02:50:59.092		0.58355			4
2026.05.20	02:51:00.294	0.58352				2
2026.05.20	02:51:00.595	0.58353				2
2026.05.20	02:51:02.396		0.58356			4
2026.05.20	02:51:02.696		0.58355			4
2026.05.20	02:51:02.996		0.58356			4
2026.05.20	02:51:03.958	0.58352	0.58355			6
2026.05.20	02:51:05.459	0.58353	0.58356			6
2026.05.20	02:51:16.318	0.58354	0.58357			6
2026.05.20	02:51:16.919	0.58353	0.58356			6
2026.05.20	02:51:35.282		0.58355			4
2026.05.20	02:51:35.580		0.58356			4
2026.05.20	02:51:54.211	0.58354				2
2026.05.20	02:52:00.230	0.58354				2
2026.05.20	02:52:06.838	0.58353	0.58355			6
2026.05.20	02:52:07.440	0.58352	0.58354			6
2026.05.20	02:52:07.739	0.58353	0.58355			6
2026.05.20	02:52:08.343	0.58351	0.58352			6
2026.05.20	02:52:09.248		0.58353			4
2026.05.20	02:52:11.351	0.58350	0.58352			6
2026.05.20	02:52:11.650		0.58351			4
2026.05.20	02:52:13.157	0.58348				2
2026.05.20	02:52:13.455	0.58349	0.58352			6
2026.05.20	02:52:14.358	0.58348	0.58351			6
2026.05.20	02:52:16.463	0.58349	0.58352			6
2026.05.20	02:52:19.170	0.58350				2
2026.05.20	02:52:19.775	0.58349				2
2026.05.20	02:52:20.378	0.58350				2
2026.05.20	02:52:20.677	0.58349				2
2026.05.20	02:52:21.277	0.58350				2
2026.05.20	02:52:21.579	0.58349				2
2026.05.20	02:52:28.491	0.58350	0.58353			6
2026.05.20	02:52:28.792	0.58349	0.58352			6
2026.05.20	02:52:36.319		0.58351			4
2026.05.20	02:52:38.723	0.58348				2
2026.05.20	02:52:39.620	0.58349				2
2026.05.20	02:52:43.229		0.58352			4
2026.05.20	02:52:51.347		0.58351			4
2026.05.20	02:52:58.564	0.58350	0.58352			6
2026.05.20	02:53:00.068	0.58350				2
2026.05.20	02:53:01.574	0.58349	0.58351			6
2026.05.20	02:53:03.374	0.58350	0.58352			6
2026.05.20	02:53:09.389	0.58344	0.58346			6
2026.05.20	02:53:09.688	0.58343	0.58345			6
2026.05.20	02:53:10.286		0.58346			4
2026.05.20	02:53:14.197		0.58347			4
2026.05.20	02:53:19.309		0.58346			4
2026.05.20	02:53:45.186	0.58344				2
2026.05.20	02:53:45.487		0.58347			4
2026.05.20	02:53:53.598		0.58346			4
2026.05.20	02:54:00.212	0.58344				2
2026.05.20	02:54:00.514	0.58343				2
2026.05.20	02:54:01.417		0.58345			4
2026.05.20	02:54:05.633	0.58344				2
2026.05.20	02:54:09.837		0.58346			4
2026.05.20	02:54:10.437	0.58341	0.58343			6
2026.05.20	02:54:11.339		0.58344			4
2026.05.20	02:54:11.641	0.58342				2
2026.05.20	02:54:17.657		0.58343			4
2026.05.20	02:54:17.958		0.58344			4
2026.05.20	02:54:23.969		0.58345			4
2026.05.20	02:54:24.270	0.58343				2
2026.05.20	02:54:24.571	0.58342				2
2026.05.20	02:54:26.378		0.58344			4
2026.05.20	02:54:26.676	0.58341				2
2026.05.20	02:54:26.977	0.58340	0.58343			6
2026.05.20	02:54:28.780	0.58339	0.58342			6
2026.05.20	02:54:30.283		0.58341			4
2026.05.20	02:54:31.485	0.58340				2
2026.05.20	02:54:36.589	0.58339				2
2026.05.20	02:54:41.405	0.58340				2
2026.05.20	02:54:47.124		0.58342			4
2026.05.20	02:54:47.427	0.58339	0.58341			6
2026.05.20	02:54:47.728	0.58340	0.58342			6
2026.05.20	02:54:48.026	0.58339	0.58341			6
2026.05.20	02:54:48.627		0.58342			4
2026.05.20	02:54:49.531		0.58341			4
2026.05.20	02:54:50.731		0.58342			4
2026.05.20	02:54:51.034	0.58338	0.58341			6
2026.05.20	02:54:51.332		0.58340			4
2026.05.20	02:54:51.631		0.58341			4
2026.05.20	02:54:51.932		0.58340			4
2026.05.20	02:54:54.338	0.58339	0.58341			6
2026.05.20	02:54:54.638	0.58338	0.58340			6
2026.05.20	02:55:00.051	0.58338				2
2026.05.20	02:55:05.165		0.58341			4
2026.05.20	02:55:05.463		0.58340			4
2026.05.20	02:55:18.083	0.58339				2
2026.05.20	02:55:18.986	0.58338				2
2026.05.20	02:55:20.186		0.58341			4
2026.05.20	02:55:20.789	0.58339	0.58342			6
2026.05.20	02:55:21.089		0.58341			4
2026.05.20	02:55:27.698	0.58340				2
2026.05.20	02:55:29.198		0.58342			4
2026.05.20	02:55:30.561		0.58341			4
2026.05.20	02:55:37.172	0.58339				2
2026.05.20	02:55:38.978	0.58340				2
2026.05.20	02:55:39.278	0.58339				2
2026.05.20	02:55:46.785	0.58340				2
2026.05.20	02:55:47.086	0.58339				2
2026.05.20	02:55:47.385	0.58340				2
2026.05.20	02:55:47.987	0.58339				2
2026.05.20	02:55:48.287	0.58340				2
2026.05.20	02:55:48.588	0.58339				2
2026.05.20	02:55:49.789	0.58340				2
2026.05.20	02:55:50.390	0.58339				2
2026.05.20	02:56:00.026	0.58339				2
2026.05.20	02:56:19.865	0.58338	0.58340			6
2026.05.20	02:56:20.165	0.58339	0.58341			6
2026.05.20	02:56:27.680	0.58338	0.58340			6
2026.05.20	02:56:27.983	0.58339	0.58341			6
2026.05.20	02:56:34.293		0.58340			4
2026.05.20	02:56:34.894		0.58341			4
2026.05.20	02:56:35.194		0.58340			4
2026.05.20	02:56:38.500	0.58338				2
2026.05.20	02:56:41.205		0.58339			4
2026.05.20	02:56:42.406		0.58340			4
2026.05.20	02:56:43.009		0.58339			4
2026.05.20	02:56:50.826		0.58340			4
2026.05.20	02:56:51.126	0.58339				2
2026.05.20	02:56:52.330	0.58338				2
2026.05.20	02:57:00.146	0.58338				2
2026.05.20	02:57:08.266		0.58339			4
2026.05.20	02:57:11.580		0.58340			4
2026.05.20	02:57:14.583	0.58337	0.58339			6
2026.05.20	02:57:14.884	0.58339	0.58340			6
2026.05.20	02:57:24.204	0.58338	0.58339			6
2026.05.20	02:57:33.226	0.58339	0.58340			6
2026.05.20	02:57:33.526	0.58338	0.58339			6
2026.05.20	02:57:38.336	0.58329	0.58331			6
2026.05.20	02:57:38.636		0.58330			4
2026.05.20	02:57:38.936	0.58328				2
2026.05.20	02:57:39.237		0.58331			4
2026.05.20	02:57:41.745		0.58330			4
2026.05.20	02:57:47.478		0.58331			4
2026.05.20	02:57:52.883		0.58332			4
2026.05.20	02:57:53.183	0.58330	0.58333			6
2026.05.20	02:57:54.492		0.58332			4
2026.05.20	02:58:00.208	0.58330				2
2026.05.20	02:58:02.010	0.58329				2
2026.05.20	02:58:03.514		0.58333			4
2026.05.20	02:58:05.391	0.58330	0.58332			6
2026.05.20	02:58:06.592	0.58329				2
2026.05.20	02:58:11.703		0.58331			4
2026.05.20	02:58:17.121	0.58328	0.58332			6
2026.05.20	02:58:17.422		0.58331			4
2026.05.20	02:58:18.927		0.58330			4
2026.05.20	02:58:20.133	0.58327				2
2026.05.20	02:58:20.435	0.58325	0.58329			6
2026.05.20	02:58:20.734	0.58326	0.58330			6
2026.05.20	02:58:21.335	0.58328				2
2026.05.20	02:58:23.438		0.58331			4
2026.05.20	02:58:23.738		0.58332			4
2026.05.20	02:58:24.040	0.58329	0.58333			6
2026.05.20	02:58:25.461		0.58332			4
2026.05.20	02:58:25.894		0.58330			4
2026.05.20	02:58:26.496		0.58332			4
2026.05.20	02:58:30.182	0.58328				2
2026.05.20	02:58:31.211		0.58331			4
2026.05.20	02:58:34.505	0.58329				2
2026.05.20	02:58:34.806	0.58328				2
2026.05.20	02:58:36.013	0.58329	0.58332			6
2026.05.20	02:58:36.915	0.58328	0.58331			6
2026.05.20	02:58:37.214	0.58326	0.58330			6
2026.05.20	02:58:39.015	0.58325	0.58329			6
2026.05.20	02:58:40.216	0.58326				2
2026.05.20	02:58:40.519	0.58325	0.58328			6
2026.05.20	02:58:40.816	0.58324				2
2026.05.20	02:58:42.485	0.58323	0.58327			6
2026.05.20	02:58:43.985	0.58321	0.58325			6
2026.05.20	02:58:44.585	0.58322	0.58326			6
2026.05.20	02:58:44.886	0.58321	0.58324			6
2026.05.20	02:58:45.187		0.58325			4
2026.05.20	02:58:45.487		0.58324			4
2026.05.20	02:58:45.787	0.58320	0.58323			6
2026.05.20	02:58:46.088		0.58322			4
2026.05.20	02:58:46.388	0.58319				2
2026.05.20	02:58:46.688		0.58323			4
2026.05.20	02:58:54.222	0.58317	0.58321			6
2026.05.20	02:58:54.521	0.58318	0.58322			6
2026.05.20	02:58:59.933	0.58317	0.58321			6
2026.05.20	02:59:00.231	0.58318	0.58322			6
2026.05.20	02:59:00.530	0.58317	0.58321			6
2026.05.20	02:59:02.335	0.58318				2
2026.05.20	02:59:02.637		0.58322			4
2026.05.20	02:59:05.948	0.58319				2
2026.05.20	02:59:07.681	0.58320	0.58323			6
2026.05.20	02:59:10.741	0.58321	0.58324			6
2026.05.20	02:59:13.330		0.58325			4
2026.05.20	02:59:13.631		0.58324			4
2026.05.20	02:59:14.233		0.58325			4
2026.05.20	02:59:14.835		0.58324			4
2026.05.20	02:59:16.738		0.58325			4
2026.05.20	02:59:18.179		0.58324			4
2026.05.20	02:59:20.987		0.58325			4
2026.05.20	02:59:23.450	0.58320	0.58324			6
2026.05.20	02:59:24.437	0.58321				2
2026.05.20	02:59:25.037	0.58322	0.58325			6
2026.05.20	02:59:25.338	0.58324	0.58327			6
2026.05.20	02:59:25.938	0.58323	0.58326			6
2026.05.20	02:59:26.239		0.58325			4
2026.05.20	02:59:27.444		0.58326			4
2026.05.20	02:59:28.045		0.58325			4
2026.05.20	02:59:28.645		0.58326			4
2026.05.20	02:59:34.891		0.58325			4
2026.05.20	02:59:35.494		0.58326			4
2026.05.20	02:59:36.793		0.58325			4
2026.05.20	02:59:37.393		0.58326			4
2026.05.20	02:59:37.994		0.58324			4
2026.05.20	02:59:38.293		0.58326			4
2026.05.20	02:59:39.128	0.58322				2
2026.05.20	02:59:40.028	0.58323				2
2026.05.20	02:59:40.330		0.58327			4
2026.05.20	02:59:42.171	0.58324				2
2026.05.20	02:59:42.471	0.58323				2
2026.05.20	02:59:42.771	0.58324				2
2026.05.20	02:59:44.541		0.58328			4
2026.05.20	02:59:44.840		0.58327			4
2026.05.20	02:59:45.441	0.58323				2
2026.05.20	02:59:45.743	0.58324				2
2026.05.20	02:59:46.044		0.58328			4
2026.05.20	02:59:46.344		0.58327			4
2026.05.20	02:59:46.947	0.58323				2
2026.05.20	02:59:49.050	0.58324				2
2026.05.20	02:59:51.156		0.58328			4
2026.05.20	02:59:52.725	0.58325				2
2026.05.20	02:59:53.025	0.58324				2
2026.05.20	02:59:53.326	0.58325				2
2026.05.20	02:59:53.626		0.58329			4
2026.05.20	02:59:54.227	0.58324	0.58328			6
2026.05.20	02:59:54.527	0.58325	0.58329			6
2026.05.20	02:59:54.828		0.58328			4
2026.05.20	02:59:55.433	0.58324				2
2026.05.20	02:59:56.033		0.58327			4
2026.05.20	02:59:56.334	0.58323				2
2026.05.20	02:59:57.836	0.58324				2
2026.05.20	02:59:58.136	0.58323				2
2026.05.20	02:59:58.437	0.58322	0.58326			6
2026.05.20	02:59:58.737	0.58323	0.58327			6
2026.05.20	02:59:59.041		0.58326			4
2026.05.20	03:00:00.253	0.58319	0.58320			6
2026.05.20	03:00:00.551	0.58314	0.58317			6
2026.05.20	03:00:00.848		0.58318			4
2026.05.20	03:00:01.149	0.58313	0.58317			6
2026.05.20	03:00:01.449	0.58314				2
2026.05.20	03:00:01.749	0.58312	0.58315			6
2026.05.20	03:00:02.048		0.58314			4
2026.05.20	03:00:02.349		0.58315			4
2026.05.20	03:00:02.649	0.58311				2
2026.05.20	03:00:02.949		0.58314			4
2026.05.20	03:00:03.249	0.58308	0.58312			6
2026.05.20	03:00:03.549	0.58309	0.58313			6
2026.05.20	03:00:03.850	0.58311	0.58314			6
2026.05.20	03:00:04.150	0.58313	0.58316			6
2026.05.20	03:00:04.450	0.58312	0.58315			6
2026.05.20	03:00:04.749	0.58313				2
2026.05.20	03:00:05.049	0.58312				2
2026.05.20	03:00:05.950		0.58314			4
2026.05.20	03:00:06.550	0.58311				2
2026.05.20	03:00:07.151	0.58312				2
2026.05.20	03:00:07.451		0.58315			4
2026.05.20	03:00:07.754	0.58313				2
2026.05.20	03:00:08.052	0.58314	0.58317			6
2026.05.20	03:00:08.352	0.58315	0.58318			6
2026.05.20	03:00:08.652	0.58316				2
2026.05.20	03:00:09.253		0.58319			4
2026.05.20	03:00:09.854	0.58315	0.58318			6
2026.05.20	03:00:10.455	0.58314	0.58317			6
2026.05.20	03:00:11.055	0.58317	0.58320			6
2026.05.20	03:00:11.655	0.58316	0.58319			6
2026.05.20	03:00:11.955	0.58315	0.58316			6
2026.05.20	03:00:12.555	0.58314				2
2026.05.20	03:00:12.855		0.58317			4
2026.05.20	03:00:15.860	0.58315	0.58318			6
2026.05.20	03:00:16.159		0.58317			4
2026.05.20	03:00:16.463	0.58314				2
2026.05.20	03:00:17.997		0.58316			4
2026.05.20	03:00:18.300	0.58311	0.58314			6
2026.05.20	03:00:18.896	0.58313	0.58315			6
2026.05.20	03:00:19.197		0.58316			4
2026.05.20	03:00:19.498	0.58310	0.58314			6
2026.05.20	03:00:19.799	0.58312	0.58315			6
2026.05.20	03:00:20.099		0.58316			4
2026.05.20	03:00:20.400	0.58313				2
2026.05.20	03:00:21.600	0.58314	0.58317			6
2026.05.20	03:00:21.900	0.58313	0.58316			6
2026.05.20	03:00:22.200		0.58315			4
2026.05.20	03:00:22.500		0.58316			4
2026.05.20	03:00:22.801		0.58315			4
2026.05.20	03:00:23.401		0.58316			4
2026.05.20	03:00:24.303	0.58312				2
2026.05.20	03:00:24.903	0.58313				2
2026.05.20	03:00:25.202		0.58317			4
2026.05.20	03:00:25.503		0.58316			4
2026.05.20	03:00:27.004		0.58317			4
2026.05.20	03:00:27.306		0.58316			4
2026.05.20	03:00:28.205		0.58317			4
2026.05.20	03:00:29.405		0.58316			4
2026.05.20	03:00:30.007	0.58314	0.58317			6
2026.05.20	03:00:32.861	0.58313				2
2026.05.20	03:00:33.159	0.58311	0.58314			6
2026.05.20	03:00:33.760	0.58308	0.58312			6
2026.05.20	03:00:34.365	0.58307	0.58311			6
2026.05.20	03:00:34.661	0.58306	0.58309			6
2026.05.20	03:00:35.863	0.58308	0.58310			6
2026.05.20	03:00:36.163		0.58311			4
2026.05.20	03:00:36.763		0.58312			4
2026.05.20	03:00:37.063		0.58311			4
2026.05.20	03:00:37.363		0.58312			4
2026.05.20	03:00:37.965		0.58311			4
2026.05.20	03:00:38.265		0.58312			4
2026.05.20	03:00:38.567		0.58311			4
2026.05.20	03:00:38.867		0.58312			4
2026.05.20	03:00:39.168		0.58311			4
2026.05.20	03:00:39.468	0.58306	0.58309			6
2026.05.20	03:00:39.767		0.58310			4
2026.05.20	03:00:40.369	0.58307				2
2026.05.20	03:00:40.669	0.58306				2
2026.05.20	03:00:40.973	0.58307				2
2026.05.20	03:00:41.273		0.58311			4
2026.05.20	03:00:41.574	0.58308				2
2026.05.20	03:00:42.174	0.58307				2
2026.05.20	03:00:42.775	0.58308				2
2026.05.20	03:00:43.074		0.58310			4
2026.05.20	03:00:43.675	0.58307				2
2026.05.20	03:00:44.576	0.58308	0.58311			6
2026.05.20	03:00:45.177		0.58310			4
2026.05.20	03:00:45.484	0.58307	0.58309			6
2026.05.20	03:00:45.777	0.58306				2
2026.05.20	03:00:46.078		0.58310			4
2026.05.20	03:00:46.680		0.58309			4
2026.05.20	03:00:46.980		0.58308			4
2026.05.20	03:00:47.581	0.58305				2
2026.05.20	03:00:49.081	0.58306	0.58309			6
2026.05.20	03:00:50.131		0.58308			4
2026.05.20	03:00:50.432	0.58301	0.58305			6
2026.05.20	03:00:50.733		0.58304			4
2026.05.20	03:00:51.334	0.58302	0.58305			6
2026.05.20	03:00:51.636	0.58303	0.58306			6
2026.05.20	03:00:51.934	0.58302				2
2026.05.20	03:00:52.236	0.58303	0.58305			6
2026.05.20	03:00:52.535	0.58302				2
2026.05.20	03:00:52.835		0.58306			4
2026.05.20	03:00:53.136	0.58301	0.58304			6
2026.05.20	03:00:53.435		0.58305			4
2026.05.20	03:00:53.735		0.58304			4
2026.05.20	03:00:54.035		0.58305			4
2026.05.20	03:00:54.335	0.58300	0.58304			6
2026.05.20	03:00:54.635	0.58301				2
2026.05.20	03:00:55.235	0.58300				2
2026.05.20	03:00:55.536	0.58301				2
2026.05.20	03:00:55.837	0.58300				2
2026.05.20	03:00:56.457	0.58299	0.58302			6
2026.05.20	03:00:57.361	0.58296	0.58299			6
2026.05.20	03:00:57.657	0.58292	0.58295			6
2026.05.20	03:00:57.958	0.58291				2
