<DATE>	<TIME>	<BID>	<ASK>	<LAST>	<VOLUME>	<FLAGS>
2026.01.16	00:03:31.401	0.57397	0.57453			6
2026.01.16	00:03:37.010	0.57398	0.57454			6
2026.01.16	00:04:00.004	0.57398				2
2026.01.16	00:04:37.022		0.57454			4
2026.01.16	00:05:00.164	0.57398				2
2026.01.16	00:05:00.815	0.57396	0.57453			6
2026.01.16	00:05:27.531	0.57399				2
2026.01.16	00:05:27.875	0.57396				2
2026.01.16	00:05:28.181	0.57399				2
2026.01.16	00:05:28.529	0.57396				2
2026.01.16	00:05:28.830	0.57399				2
2026.01.16	00:05:29.135	0.57396				2
2026.01.16	00:05:29.484	0.57399				2
2026.01.16	00:05:29.787	0.57396				2
2026.01.16	00:05:30.137	0.57399				2
2026.01.16	00:05:30.440	0.57396				2
2026.01.16	00:05:30.750	0.57399				2
2026.01.16	00:05:31.092	0.57396				2
2026.01.16	00:05:59.969	0.57413	0.57476			6
2026.01.16	00:06:00.272	0.57413				2
2026.01.16	00:06:59.822	0.57412	0.57475			6
2026.01.16	00:07:00.180	0.57412				2
2026.01.16	00:07:00.827	0.57410	0.57473			6
2026.01.16	00:07:22.801	0.57405	0.57461			6
2026.01.16	00:08:00.204	0.57405				2
2026.01.16	00:08:23.135		0.57461			4
2026.01.16	00:09:00.069	0.57405				2
2026.01.16	00:09:23.209		0.57461			4
2026.01.16	00:09:43.777	0.57401	0.57457			6
2026.01.16	00:10:00.235	0.57401				2
2026.01.16	00:10:43.743	0.57402	0.57458			6
2026.01.16	00:11:00.102	0.57402				2
2026.01.16	00:11:43.812		0.57458			4
2026.01.16	00:12:00.178	0.57402				2
2026.01.16	00:12:04.042	0.57413	0.57469			6
2026.01.16	00:12:48.395	0.57407	0.57463			6
2026.01.16	00:13:00.287	0.57407				2
2026.01.16	00:13:48.208	0.57409	0.57465			6
2026.01.16	00:14:00.213	0.57409				2
2026.01.16	00:14:48.526		0.57465			4
2026.01.16	00:15:00.071	0.57409				2
2026.01.16	00:15:48.589		0.57465			4
2026.01.16	00:16:00.200	0.57409				2
2026.01.16	00:16:48.909		0.57465			4
2026.01.16	00:17:00.153	0.57409				2
2026.01.16	00:17:49.034		0.57465			4
2026.01.16	00:18:00.329	0.57409				2
2026.01.16	00:18:48.160	0.57410	0.57466			6
2026.01.16	00:19:00.057	0.57410				2
2026.01.16	00:19:48.319		0.57466			4
2026.01.16	00:20:00.213	0.57390	0.57486			6
2026.01.16	00:20:04.639		0.57487			4
2026.01.16	00:20:12.562	0.57389				2
2026.01.16	00:20:18.263	0.57390				2
2026.01.16	00:20:22.164		0.57486			4
2026.01.16	00:20:30.860		0.57487			4
2026.01.16	00:20:33.318	0.57391	0.57485			6
2026.01.16	00:20:34.461	0.57392	0.57484			6
2026.01.16	00:20:45.237	0.57394	0.57487			6
2026.01.16	00:20:46.246	0.57387				2
2026.01.16	00:20:49.148		0.57488			4
2026.01.16	00:21:02.062	0.57387				2
2026.01.16	00:21:10.227		0.57487			4
2026.01.16	00:21:56.791		0.57463			4
2026.01.16	00:21:57.343	0.57399	0.57487			6
2026.01.16	00:21:57.645		0.57488			4
2026.01.16	00:21:58.252	0.57387	0.57463			6
2026.01.16	00:21:58.573	0.57399	0.57488			6
2026.01.16	00:21:58.885	0.57387	0.57463			6
2026.01.16	00:21:59.190	0.57399	0.57488			6
2026.01.16	00:21:59.503	0.57387	0.57463			6
2026.01.16	00:22:00.440	0.57399	0.57488			6
2026.01.16	00:22:00.766	0.57387				2
2026.01.16	00:22:10.760	0.57388				2
2026.01.16	00:22:20.676		0.57487			4
2026.01.16	00:22:48.668		0.57486			4
2026.01.16	00:23:01.760	0.57388				2
2026.01.16	00:23:09.104	0.57387				2
2026.01.16	00:23:10.714	0.57388				2
2026.01.16	00:23:50.361		0.57486			4
2026.01.16	00:24:01.126	0.57387				2
2026.01.16	00:24:11.061	0.57388				2
2026.01.16	00:24:22.023	0.57386				2
2026.01.16	00:24:22.990	0.57385				2
2026.01.16	00:24:32.030	0.57386				2
2026.01.16	00:24:51.862		0.57486			4
2026.01.16	00:24:57.260	0.57385				2
2026.01.16	00:25:00.629	0.57385				2
2026.01.16	00:25:14.258	0.57384				2
2026.01.16	00:25:31.420		0.57487			4
2026.01.16	00:25:36.895	0.57385				2
2026.01.16	00:26:00.077	0.57385				2
2026.01.16	00:26:14.525	0.57384				2
2026.01.16	00:26:31.540	0.57388	0.57487			6
2026.01.16	00:26:48.248		0.57481			4
2026.01.16	00:26:48.868	0.57389	0.57480			6
2026.01.16	00:26:56.660	0.57390				2
2026.01.16	00:26:58.020	0.57389	0.57481			6
2026.01.16	00:27:00.767	0.57389				2
2026.01.16	00:27:06.261		0.57480			4
2026.01.16	00:27:17.960		0.57481			4
2026.01.16	00:27:36.560		0.57480			4
2026.01.16	00:27:39.570	0.57390				2
2026.01.16	00:27:43.202		0.57482			4
2026.01.16	00:27:44.898	0.57384	0.57481			6
2026.01.16	00:27:48.417		0.57482			4
2026.01.16	00:28:00.313	0.57383	0.57476			6
2026.01.16	00:28:00.619	0.57380	0.57478			6
2026.01.16	00:28:02.666	0.57379	0.57482			6
2026.01.16	00:28:29.799	0.57380	0.57480			6
2026.01.16	00:28:35.615	0.57379	0.57482			6
2026.01.16	00:28:39.862	0.57378				2
2026.01.16	00:28:48.786	0.57377				2
2026.01.16	00:28:52.657	0.57379				2
2026.01.16	00:29:00.552	0.57379	0.57481			6
2026.01.16	00:29:13.459	0.57378				2
2026.01.16	00:30:00.376	0.57379	0.57482			6
2026.01.16	00:30:04.103	0.57395	0.57481			6
2026.01.16	00:30:04.753	0.57394				2
2026.01.16	00:30:05.407	0.57393				2
2026.01.16	00:30:10.272		0.57480			4
2026.01.16	00:30:10.577		0.57481			4
2026.01.16	00:30:13.474	0.57394				2
2026.01.16	00:30:17.348	0.57396				2
2026.01.16	00:30:27.825	0.57404	0.57483			6
2026.01.16	00:30:28.146		0.57481			4
2026.01.16	00:30:32.588	0.57405				2
2026.01.16	00:30:33.003	0.57406	0.57477			6
2026.01.16	00:30:33.311		0.57480			4
2026.01.16	00:31:00.280	0.57406				2
2026.01.16	00:31:06.679		0.57477			4
2026.01.16	00:31:13.613		0.57480			4
2026.01.16	00:31:13.921		0.57477			4
2026.01.16	00:31:14.279		0.57481			4
2026.01.16	00:31:14.590		0.57480			4
2026.01.16	00:31:14.913		0.57477			4
2026.01.16	00:31:15.228		0.57480			4
2026.01.16	00:31:22.990		0.57481			4
2026.01.16	00:31:23.654		0.57477			4
2026.01.16	00:31:23.985		0.57481			4
2026.01.16	00:31:28.101		0.57480			4
2026.01.16	00:31:29.589		0.57479			4
2026.01.16	00:31:29.910	0.57407	0.57481			6
2026.01.16	00:31:35.536	0.57399	0.57469			6
2026.01.16	00:31:35.978	0.57400	0.57470			6
2026.01.16	00:31:36.290		0.57476			4
2026.01.16	00:31:37.948	0.57396	0.57479			6
2026.01.16	00:31:45.012	0.57420	0.57484			6
2026.01.16	00:31:45.701		0.57483			4
2026.01.16	00:31:47.622		0.57482			4
2026.01.16	00:31:48.358		0.57484			4
2026.01.16	00:31:53.387		0.57483			4
2026.01.16	00:32:00.220	0.57422	0.57482			6
2026.01.16	00:32:02.584		0.57485			4
2026.01.16	00:32:02.931		0.57483			4
2026.01.16	00:32:03.255	0.57420				2
2026.01.16	00:32:03.558	0.57390	0.57476			6
2026.01.16	00:32:04.349	0.57396	0.57478			6
2026.01.16	00:32:07.212	0.57393	0.57477			6
2026.01.16	00:32:07.740	0.57395				2
2026.01.16	00:32:20.790	0.57394				2
2026.01.16	00:32:24.813	0.57406	0.57483			6
2026.01.16	00:32:25.560	0.57408	0.57479			6
2026.01.16	00:32:27.655	0.57409	0.57477			6
2026.01.16	00:33:00.502	0.57409				2
2026.01.16	00:33:04.421		0.57479			4
2026.01.16	00:33:05.662	0.57410				2
2026.01.16	00:33:28.964		0.57480			4
2026.01.16	00:33:36.122		0.57479			4
2026.01.16	00:33:53.470		0.57481			4
2026.01.16	00:34:05.589	0.57410				2
2026.01.16	00:34:27.878		0.57479			4
2026.01.16	00:34:31.711	0.57390	0.57476			6
2026.01.16	00:34:32.017		0.57475			4
2026.01.16	00:34:32.319		0.57480			4
2026.01.16	00:34:32.621	0.57392	0.57467			6
2026.01.16	00:34:32.971		0.57469			4
2026.01.16	00:34:33.274		0.57479			4
2026.01.16	00:34:34.229	0.57394	0.57474			6
2026.01.16	00:34:37.132	0.57392	0.57478			6
2026.01.16	00:34:37.738	0.57394				2
2026.01.16	00:34:38.086	0.57392				2
2026.01.16	00:34:38.394		0.57474			4
2026.01.16	00:34:41.039		0.57479			4
2026.01.16	00:34:41.344		0.57476			4
2026.01.16	00:34:43.267		0.57475			4
2026.01.16	00:34:46.502		0.57479			4
2026.01.16	00:34:46.806		0.57475			4
2026.01.16	00:34:47.455	0.57393				2
2026.01.16	00:34:48.107	0.57392	0.57477			6
2026.01.16	00:34:50.014		0.57480			4
2026.01.16	00:34:50.315	0.57394	0.57475			6
2026.01.16	00:34:51.315		0.57476			4
2026.01.16	00:34:53.221	0.57392	0.57475			6
2026.01.16	00:34:53.523	0.57393				2
2026.01.16	00:34:54.175	0.57390	0.57478			6
2026.01.16	00:34:54.491	0.57393	0.57482			6
2026.01.16	00:34:54.827	0.57392	0.57486			6
2026.01.16	00:34:56.129	0.57390	0.57485			6
2026.01.16	00:34:56.432		0.57486			4
2026.01.16	00:34:57.083	0.57391	0.57488			6
2026.01.16	00:34:57.385	0.57392	0.57489			6
2026.01.16	00:34:57.699	0.57390	0.57495			6
2026.01.16	00:34:58.010		0.57492			4
2026.01.16	00:34:58.339		0.57496			4
2026.01.16	00:34:58.686	0.57391	0.57478			6
2026.01.16	00:34:58.990	0.57388	0.57477			6
2026.01.16	00:34:59.641	0.57391				2
2026.01.16	00:34:59.989	0.57390	0.57485			6
2026.01.16	00:35:00.291	0.57390	0.57487			6
2026.01.16	00:35:00.943		0.57484			4
2026.01.16	00:35:01.245		0.57477			4
2026.01.16	00:35:03.197		0.57476			4
2026.01.16	00:35:04.152	0.57382	0.57470			6
2026.01.16	00:35:07.162	0.57385				2
2026.01.16	00:35:10.464	0.57386				2
2026.01.16	00:35:14.657	0.57384	0.57475			6
2026.01.16	00:35:19.379	0.57386				2
2026.01.16	00:35:24.288	0.57392				2
2026.01.16	00:35:30.831	0.57393				2
2026.01.16	00:35:34.274		0.57470			4
2026.01.16	00:35:35.751	0.57390	0.57467			6
2026.01.16	00:35:36.064		0.57471			4
2026.01.16	00:35:36.396		0.57469			4
2026.01.16	00:35:38.421	0.57388				2
2026.01.16	00:35:45.067		0.57468			4
2026.01.16	00:35:49.565		0.57466			4
2026.01.16	00:35:50.161		0.57465			4
2026.01.16	00:35:57.335	0.57389				2
2026.01.16	00:36:04.131	0.57389	0.57466			6
2026.01.16	00:36:28.548	0.57388	0.57465			6
2026.01.16	00:36:31.827		0.57466			4
2026.01.16	00:36:35.949	0.57387				2
2026.01.16	00:36:37.462	0.57386				2
2026.01.16	00:36:48.061	0.57387	0.57468			6
2026.01.16	00:36:48.382		0.57466			4
2026.01.16	00:36:53.790	0.57389	0.57465			6
2026.01.16	00:36:55.389		0.57464			4
2026.01.16	00:37:00.655	0.57388				2
2026.01.16	00:37:01.396	0.57389	0.57467			6
2026.01.16	00:37:01.760		0.57465			4
2026.01.16	00:37:12.597		0.57466			4
2026.01.16	00:37:12.980		0.57464			4
2026.01.16	00:37:16.431		0.57465			4
2026.01.16	00:37:17.761		0.57466			4
2026.01.16	00:37:48.801	0.57390				2
2026.01.16	00:37:49.814	0.57389				2
2026.01.16	00:37:50.213		0.57465			4
2026.01.16	00:37:56.770		0.57467			4
2026.01.16	00:37:59.962	0.57390				2
2026.01.16	00:38:00.884	0.57390	0.57465			6
2026.01.16	00:38:01.435		0.57468			4
2026.01.16	00:38:04.165		0.57466			4
2026.01.16	00:38:32.980	0.57389	0.57468			6
2026.01.16	00:38:36.662		0.57470			4
2026.01.16	00:38:40.380	0.57392				2
2026.01.16	00:38:41.856		0.57469			4
2026.01.16	00:38:43.928	0.57390				2
2026.01.16	00:38:47.898		0.57468			4
2026.01.16	00:39:01.668	0.57390				2
2026.01.16	00:39:03.024		0.57467			4
2026.01.16	00:39:06.413	0.57391	0.57468			6
2026.01.16	00:39:06.775	0.57392				2
2026.01.16	00:39:13.365	0.57390	0.57469			6
2026.01.16	00:39:13.772		0.57468			4
2026.01.16	00:39:16.430	0.57387	0.57467			6
2026.01.16	00:39:16.752		0.57465			4
2026.01.16	00:39:23.061	0.57388				2
2026.01.16	00:39:30.353	0.57387				2
2026.01.16	00:39:38.385	0.57389	0.57467			6
2026.01.16	00:39:44.754	0.57387	0.57466			6
2026.01.16	00:39:45.182		0.57464			4
2026.01.16	00:39:46.428	0.57389	0.57468			6
2026.01.16	00:39:46.749	0.57390	0.57466			6
2026.01.16	00:39:47.092	0.57391	0.57467			6
2026.01.16	00:39:47.472		0.57468			4
2026.01.16	00:39:50.065	0.57390	0.57466			6
2026.01.16	00:39:50.699		0.57467			4
2026.01.16	00:39:53.136	0.57389				2
2026.01.16	00:40:02.061	0.57389				2
2026.01.16	00:40:05.390		0.57466			4
2026.01.16	00:40:22.991	0.57398	0.57468			6
2026.01.16	00:40:23.452		0.57467			4
2026.01.16	00:40:25.303		0.57468			4
2026.01.16	00:40:36.536	0.57400	0.57470			6
2026.01.16	00:40:36.838		0.57468			4
2026.01.16	00:40:37.168		0.57469			4
2026.01.16	00:40:38.232		0.57470			4
2026.01.16	00:40:38.549		0.57468			4
2026.01.16	00:40:38.867		0.57469			4
2026.01.16	00:40:46.544		0.57470			4
2026.01.16	00:40:47.257		0.57471			4
2026.01.16	00:40:47.580		0.57470			4
2026.01.16	00:40:48.214		0.57471			4
2026.01.16	00:40:48.609	0.57401	0.57470			6
2026.01.16	00:40:48.913		0.57469			4
2026.01.16	00:40:49.216		0.57470			4
2026.01.16	00:40:49.986		0.57469			4
2026.01.16	00:40:51.288		0.57470			4
2026.01.16	00:40:52.555		0.57469			4
2026.01.16	00:40:53.565	0.57402	0.57470			6
2026.01.16	00:40:53.890		0.57469			4
2026.01.16	00:40:54.204		0.57471			4
2026.01.16	00:40:54.547		0.57470			4
2026.01.16	00:40:55.144	0.57401	0.57469			6
2026.01.16	00:40:55.548		0.57470			4
2026.01.16	00:40:56.182		0.57472			4
2026.01.16	00:40:57.042		0.57470			4
2026.01.16	00:40:57.817	0.57402	0.57469			6
2026.01.16	00:40:58.124		0.57470			4
2026.01.16	00:40:59.128	0.57403	0.57471			6
2026.01.16	00:40:59.526		0.57469			4
2026.01.16	00:40:59.847		0.57470			4
2026.01.16	00:41:00.157	0.57402				2
2026.01.16	00:41:00.634		0.57471			4
2026.01.16	00:41:01.216		0.57470			4
2026.01.16	00:41:01.589		0.57472			4
2026.01.16	00:41:01.914	0.57404				2
2026.01.16	00:41:02.297		0.57471			4
2026.01.16	00:41:02.938	0.57403	0.57470			6
2026.01.16	00:41:04.297		0.57471			4
2026.01.16	00:41:05.008		0.57470			4
2026.01.16	00:41:05.313		0.57471			4
2026.01.16	00:41:05.620		0.57469			4
2026.01.16	00:41:05.923		0.57470			4
2026.01.16	00:41:07.875		0.57471			4
2026.01.16	00:41:08.364	0.57404				2
2026.01.16	00:41:10.461	0.57403	0.57473			6
2026.01.16	00:41:10.795		0.57472			4
2026.01.16	00:41:11.216		0.57473			4
2026.01.16	00:41:11.545		0.57471			4
2026.01.16	00:41:11.867		0.57470			4
2026.01.16	00:41:12.178	0.57405	0.57471			6
2026.01.16	00:41:12.548	0.57406				2
2026.01.16	00:41:13.585		0.57472			4
2026.01.16	00:41:15.270		0.57473			4
2026.01.16	00:41:15.588		0.57472			4
2026.01.16	00:41:15.910		0.57471			4
2026.01.16	00:41:16.871		0.57472			4
2026.01.16	00:41:23.723		0.57473			4
2026.01.16	00:41:24.040		0.57472			4
2026.01.16	00:41:31.302		0.57473			4
2026.01.16	00:41:31.935		0.57470			4
2026.01.16	00:41:32.290		0.57471			4
2026.01.16	00:41:32.800		0.57472			4
2026.01.16	00:41:36.657		0.57474			4
2026.01.16	00:41:36.979		0.57472			4
2026.01.16	00:41:38.398		0.57473			4
2026.01.16	00:41:41.631		0.57471			4
2026.01.16	00:41:42.214		0.57472			4
2026.01.16	00:41:43.936		0.57473			4
2026.01.16	00:41:48.668		0.57472			4
2026.01.16	00:41:48.980		0.57471			4
2026.01.16	00:41:49.305		0.57472			4
2026.01.16	00:41:55.707		0.57471			4
2026.01.16	00:41:56.034		0.57472			4
2026.01.16	00:42:00.219	0.57406				2
2026.01.16	00:42:00.657		0.57473			4
2026.01.16	00:42:01.011		0.57474			4
2026.01.16	00:42:02.864		0.57472			4
2026.01.16	00:42:07.677		0.57473			4
2026.01.16	00:42:12.270	0.57407				2
2026.01.16	00:42:13.619		0.57474			4
2026.01.16	00:42:14.293		0.57472			4
2026.01.16	00:42:29.297		0.57473			4
2026.01.16	00:42:36.479		0.57474			4
2026.01.16	00:42:36.786		0.57473			4
2026.01.16	00:42:38.296		0.57472			4
2026.01.16	00:42:38.938		0.57473			4
2026.01.16	00:42:41.605	0.57409				2
2026.01.16	00:42:52.307	0.57408				2
2026.01.16	00:42:53.745		0.57474			4
2026.01.16	00:42:56.212		0.57473			4
2026.01.16	00:43:11.126	0.57408	0.57474			6
2026.01.16	00:43:11.445	0.57411	0.57476			6
2026.01.16	00:43:11.754	0.57409	0.57473			6
2026.01.16	00:43:12.252		0.57472			4
2026.01.16	00:43:12.634		0.57473			4
2026.01.16	00:43:13.648		0.57474			4
2026.01.16	00:43:21.523	0.57386	0.57473			6
2026.01.16	00:43:21.891	0.57387	0.57472			6
2026.01.16	00:43:22.341	0.57384	0.57461			6
2026.01.16	00:43:22.847	0.57382				2
2026.01.16	00:43:23.165	0.57384	0.57462			6
2026.01.16	00:43:23.484	0.57386	0.57463			6
2026.01.16	00:43:23.803	0.57391	0.57460			6
2026.01.16	00:43:24.207	0.57389	0.57466			6
2026.01.16	00:43:24.530	0.57390	0.57471			6
2026.01.16	00:43:25.169	0.57386				2
2026.01.16	00:43:25.477	0.57387	0.57470			6
2026.01.16	00:43:25.841	0.57388	0.57472			6
2026.01.16	00:43:26.152	0.57400	0.57462			6
2026.01.16	00:43:26.526	0.57391	0.57470			6
2026.01.16	00:43:26.854	0.57389				2
2026.01.16	00:43:27.199	0.57391	0.57469			6
2026.01.16	00:43:27.546	0.57393				2
2026.01.16	00:43:28.184	0.57392	0.57470			6
2026.01.16	00:43:29.216	0.57386				2
2026.01.16	00:43:29.520		0.57471			4
2026.01.16	00:43:29.868	0.57388	0.57462			6
2026.01.16	00:43:30.192	0.57386	0.57470			6
2026.01.16	00:43:30.514	0.57388	0.57471			6
2026.01.16	00:43:30.831	0.57391	0.57470			6
2026.01.16	00:43:31.173	0.57392				2
2026.01.16	00:43:31.565	0.57393				2
2026.01.16	00:43:31.895	0.57391	0.57469			6
2026.01.16	00:43:32.199	0.57385	0.57473			6
2026.01.16	00:43:32.533	0.57386	0.57471			6
2026.01.16	00:43:32.840	0.57388				2
2026.01.16	00:43:33.215	0.57389	0.57470			6
2026.01.16	00:43:33.535	0.57392	0.57469			6
2026.01.16	00:43:33.856	0.57387	0.57470			6
2026.01.16	00:43:34.204		0.57469			4
2026.01.16	00:43:34.515	0.57393				2
2026.01.16	00:43:34.836	0.57394				2
2026.01.16	00:43:35.169	0.57395				2
2026.01.16	00:43:36.384	0.57396				2
2026.01.16	00:43:37.023		0.57468			4
2026.01.16	00:43:37.338	0.57397				2
2026.01.16	00:43:38.583	0.57398	0.57469			6
2026.01.16	00:43:38.913		0.57468			4
2026.01.16	00:43:40.297	0.57399	0.57467			6
2026.01.16	00:43:40.601		0.57469			4
2026.01.16	00:43:40.908	0.57404	0.57471			6
2026.01.16	00:43:41.210	0.57409				2
2026.01.16	00:43:41.534	0.57408	0.57470			6
2026.01.16	00:43:42.079		0.57469			4
2026.01.16	00:43:42.490	0.57409	0.57470			6
2026.01.16	00:43:43.038	0.57407	0.57471			6
2026.01.16	00:43:43.631		0.57472			4
2026.01.16	00:43:44.035		0.57470			4
2026.01.16	00:43:44.384		0.57471			4
2026.01.16	00:43:46.814		0.57472			4
2026.01.16	00:43:57.701		0.57473			4
2026.01.16	00:43:58.033		0.57472			4
2026.01.16	00:43:58.353	0.57409	0.57473			6
2026.01.16	00:44:00.233	0.57409	0.57472			6
2026.01.16	00:44:03.460	0.57407	0.57473			6
2026.01.16	00:44:04.314		0.57471			4
2026.01.16	00:44:04.676		0.57472			4
2026.01.16	00:44:05.317		0.57473			4
2026.01.16	00:44:05.637		0.57472			4
2026.01.16	00:44:27.093	0.57408				2
2026.01.16	00:44:27.492		0.57473			4
2026.01.16	00:44:28.553	0.57407	0.57472			6
2026.01.16	00:44:28.872		0.57473			4
2026.01.16	00:44:29.231	0.57409				2
2026.01.16	00:44:29.948	0.57408	0.57474			6
2026.01.16	00:44:31.229		0.57473			4
2026.01.16	00:44:40.590		0.57474			4
2026.01.16	00:44:40.907		0.57473			4
2026.01.16	00:44:45.381		0.57474			4
2026.01.16	00:44:45.780		0.57472			4
2026.01.16	00:44:59.364	0.57407				2
2026.01.16	00:45:01.423	0.57408				2
2026.01.16	00:45:03.178	0.57407				2
2026.01.16	00:45:06.786	0.57408				2
2026.01.16	00:45:13.713	0.57423	0.57469			6
2026.01.16	00:45:25.558	0.57425				2
2026.01.16	00:45:25.859	0.57424				2
2026.01.16	00:45:37.352	0.57425	0.57468			6
2026.01.16	00:45:38.662	0.57426				2
2026.01.16	00:45:44.179	0.57425				2
2026.01.16	00:45:45.438	0.57424	0.57469			6
2026.01.16	00:45:46.079		0.57468			4
2026.01.16	00:45:52.591	0.57405				2
2026.01.16	00:45:53.223	0.57408				2
2026.01.16	00:45:54.176	0.57419	0.57462			6
2026.01.16	00:45:54.485	0.57414	0.57467			6
2026.01.16	00:45:54.790	0.57415				2
2026.01.16	00:45:55.111	0.57417				2
2026.01.16	00:45:55.431	0.57419				2
2026.01.16	00:45:56.433	0.57420				2
2026.01.16	00:45:58.043	0.57418				2
2026.01.16	00:45:58.674	0.57419				2
2026.01.16	00:46:00.003	0.57420				2
2026.01.16	00:46:01.308	0.57419				2
2026.01.16	00:46:12.612	0.57421				2
2026.01.16	00:46:14.221	0.57420				2
2026.01.16	00:46:26.831	0.57421				2
2026.01.16	00:46:28.387		0.57468			4
2026.01.16	00:46:30.391	0.57420	0.57467			6
2026.01.16	00:46:31.347		0.57468			4
2026.01.16	00:46:32.660	0.57419	0.57467			6
2026.01.16	00:46:33.353	0.57420				2
2026.01.16	00:46:34.004	0.57419	0.57458			6
2026.01.16	00:46:34.319	0.57418	0.57467			6
2026.01.16	00:46:34.653	0.57419				2
2026.01.16	00:46:34.962	0.57412	0.57447			6
2026.01.16	00:46:35.288	0.57414	0.57445			6
2026.01.16	00:46:35.601	0.57415	0.57444			6
2026.01.16	00:46:36.039		0.57449			4
2026.01.16	00:46:36.355	0.57417	0.57447			6
2026.01.16	00:46:44.031	0.57410	0.57445			6
2026.01.16	00:46:44.339	0.57416	0.57443			6
2026.01.16	00:46:52.017	0.57417	0.57448			6
2026.01.16	00:46:52.336		0.57451			4
2026.01.16	00:46:52.640	0.57415				2
2026.01.16	00:46:53.280		0.57444			4
2026.01.16	00:47:00.141	0.57415				2
2026.01.16	00:47:02.951	0.57405				2
2026.01.16	00:47:06.673	0.57415				2
2026.01.16	00:47:16.040	0.57414				2
2026.01.16	00:47:16.342	0.57415				2
2026.01.16	00:47:16.960	0.57416				2
2026.01.16	00:47:17.899	0.57417				2
2026.01.16	00:47:42.179	0.57397	0.57442			6
2026.01.16	00:47:43.134	0.57416	0.57444			6
2026.01.16	00:47:43.756	0.57417	0.57443			6
2026.01.16	00:47:48.413	0.57418				2
2026.01.16	00:47:49.662	0.57417	0.57444			6
2026.01.16	00:47:53.176	0.57416	0.57443			6
2026.01.16	00:47:54.752	0.57417				2
2026.01.16	00:48:00.202	0.57417				2
2026.01.16	00:48:03.111	0.57416				2
2026.01.16	00:48:05.321	0.57415				2
2026.01.16	00:48:05.976	0.57416				2
2026.01.16	00:48:06.626	0.57417				2
2026.01.16	00:48:07.277	0.57406	0.57442			6
2026.01.16	00:48:07.578	0.57409	0.57439			6
2026.01.16	00:48:08.082	0.57408				2
2026.01.16	00:48:08.672	0.57410	0.57437			6
2026.01.16	00:48:08.991	0.57409	0.57439			6
2026.01.16	00:48:09.988	0.57408				2
2026.01.16	00:48:16.076	0.57410	0.57438			6
2026.01.16	00:48:18.767	0.57409				2
2026.01.16	00:48:20.037	0.57407	0.57440			6
2026.01.16	00:48:25.117	0.57408				2
2026.01.16	00:48:28.232	0.57415	0.57444			6
2026.01.16	00:48:28.908	0.57416				2
2026.01.16	00:48:30.167	0.57417				2
2026.01.16	00:48:30.822		0.57443			4
2026.01.16	00:48:34.580		0.57444			4
2026.01.16	00:48:35.231	0.57416				2
2026.01.16	00:48:35.535	0.57417	0.57443			6
2026.01.16	00:48:36.839	0.57401	0.57438			6
2026.01.16	00:48:37.205	0.57407	0.57434			6
2026.01.16	00:48:37.613	0.57404	0.57436			6
2026.01.16	00:48:37.921		0.57437			4
2026.01.16	00:48:39.573	0.57403				2
2026.01.16	00:48:44.676	0.57404				2
2026.01.16	00:48:45.289	0.57405				2
2026.01.16	00:48:45.973		0.57438			4
2026.01.16	00:48:46.305	0.57403	0.57437			6
2026.01.16	00:48:48.580	0.57404				2
2026.01.16	00:48:48.983	0.57403				2
2026.01.16	00:48:49.390	0.57404				2
2026.01.16	00:48:51.771		0.57436			4
2026.01.16	00:48:52.388		0.57437			4
2026.01.16	00:48:53.072		0.57436			4
2026.01.16	00:48:55.597	0.57405	0.57435			6
2026.01.16	00:48:56.454		0.57436			4
2026.01.16	00:48:56.799		0.57435			4
2026.01.16	00:48:59.114	0.57406				2
2026.01.16	00:49:00.271	0.57405	0.57436			6
2026.01.16	00:49:00.604	0.57406	0.57435			6
2026.01.16	00:49:01.634	0.57405				2
2026.01.16	00:49:02.044	0.57406				2
2026.01.16	00:49:02.399	0.57414	0.57444			6
2026.01.16	00:49:03.689	0.57411	0.57436			6
2026.01.16	00:49:05.504	0.57412	0.57435			6
2026.01.16	00:49:07.293	0.57413				2
2026.01.16	00:49:09.902	0.57412				2
2026.01.16	00:49:15.260	0.57413				2
2026.01.16	00:49:20.362	0.57412				2
2026.01.16	00:49:21.149	0.57413	0.57434			6
2026.01.16	00:49:22.464		0.57435			4
2026.01.16	00:49:24.861		0.57434			4
2026.01.16	00:49:28.764		0.57435			4
2026.01.16	00:49:30.860		0.57434			4
2026.01.16	00:49:40.811	0.57412	0.57435			6
2026.01.16	00:49:46.436	0.57411				2
2026.01.16	00:49:52.326	0.57412				2
2026.01.16	00:49:54.561	0.57413				2
2026.01.16	00:50:00.398	0.57412				2
2026.01.16	00:50:09.059	0.57413	0.57434			6
2026.01.16	00:50:10.255		0.57435			4
2026.01.16	00:50:10.973	0.57414	0.57446			6
2026.01.16	00:50:15.496	0.57415				2
2026.01.16	00:50:20.320	0.57414				2
2026.01.16	00:50:23.840	0.57415				2
2026.01.16	00:50:25.145	0.57414				2
2026.01.16	00:50:29.314		0.57445			4
2026.01.16	00:50:32.830	0.57415				2
2026.01.16	00:50:34.437		0.57448			4
2026.01.16	00:50:36.133	0.57416				2
2026.01.16	00:51:00.304	0.57416				2
2026.01.16	00:51:02.361	0.57417	0.57470			6
2026.01.16	00:51:02.665	0.57421	0.57468			6
2026.01.16	00:51:03.710	0.57420				2
2026.01.16	00:51:10.763	0.57421				2
2026.01.16	00:51:16.829	0.57422				2
2026.01.16	00:51:37.550	0.57421	0.57461			6
2026.01.16	00:51:40.509		0.57449			4
2026.01.16	00:51:41.530	0.57420	0.57448			6
2026.01.16	00:51:49.035	0.57419	0.57461			6
2026.01.16	00:51:53.064	0.57418				2
2026.01.16	00:51:56.451	0.57419	0.57464			6
2026.01.16	00:51:59.259		0.57465			4
2026.01.16	00:52:00.256	0.57420	0.57468			6
2026.01.16	00:52:01.257	0.57419	0.57466			6
2026.01.16	00:52:02.260		0.57467			4
2026.01.16	00:52:04.036		0.57455			4
2026.01.16	00:52:07.764	0.57420				2
2026.01.16	00:52:14.191		0.57465			4
2026.01.16	00:52:14.517	0.57421	0.57466			6
2026.01.16	00:52:19.034		0.57455			4
2026.01.16	00:52:20.960	0.57420				2
2026.01.16	00:52:29.403		0.57466			4
2026.01.16	00:52:29.734	0.57422	0.57464			6
2026.01.16	00:52:31.160	0.57421				2
2026.01.16	00:52:32.961	0.57422				2
2026.01.16	00:52:39.859	0.57421				2
2026.01.16	00:52:54.237	0.57422				2
2026.01.16	00:53:00.997	0.57422				2
2026.01.16	00:53:02.457		0.57471			4
2026.01.16	00:53:10.761	0.57421				2
2026.01.16	00:53:13.159	0.57422				2
2026.01.16	00:53:15.595		0.57468			4
2026.01.16	00:53:16.601		0.57469			4
2026.01.16	00:53:39.916		0.57471			4
2026.01.16	00:53:41.059	0.57423	0.57470			6
2026.01.16	00:53:42.560	0.57422				2
2026.01.16	00:54:01.529	0.57422				2
2026.01.16	00:54:02.522	0.57423	0.57474			6
2026.01.16	00:54:03.861	0.57422	0.57453			6
2026.01.16	00:54:04.296		0.57455			4
2026.01.16	00:54:05.959	0.57423				2
2026.01.16	00:54:14.303		0.57475			4
2026.01.16	00:54:14.799		0.57472			4
2026.01.16	00:54:15.265		0.57468			4
2026.01.16	00:54:30.504		0.57472			4
2026.01.16	00:54:39.861		0.57473			4
2026.01.16	00:54:42.260	0.57422				2
2026.01.16	00:54:45.118		0.57472			4
2026.01.16	00:54:45.447	0.57423				2
2026.01.16	00:54:48.688		0.57474			4
2026.01.16	00:54:56.419	0.57422	0.57472			6
2026.01.16	00:55:04.034	0.57417	0.57459			6
2026.01.16	00:55:04.892	0.57408	0.57451			6
2026.01.16	00:55:05.297	0.57407				2
2026.01.16	00:55:05.913	0.57405	0.57455			6
2026.01.16	00:55:07.059	0.57406	0.57459			6
2026.01.16	00:55:08.100	0.57404	0.57455			6
2026.01.16	00:55:09.126		0.57454			4
2026.01.16	00:55:09.630	0.57403	0.57451			6
2026.01.16	00:55:10.667	0.57402	0.57454			6
2026.01.16	00:55:11.690	0.57409	0.57479			6
2026.01.16	00:55:11.998	0.57405	0.57471			6
2026.01.16	00:55:15.775	0.57403	0.57461			6
2026.01.16	00:55:16.936	0.57404	0.57472			6
2026.01.16	00:55:21.967	0.57401	0.57448			6
2026.01.16	00:55:22.296		0.57450			4
2026.01.16	00:55:23.010		0.57455			4
2026.01.16	00:55:24.052	0.57402	0.57452			6
2026.01.16	00:55:25.063	0.57403	0.57453			6
2026.01.16	00:55:25.746	0.57409				2
2026.01.16	00:55:26.054	0.57403	0.57454			6
2026.01.16	00:55:26.796		0.57457			4
2026.01.16	00:55:36.293	0.57402	0.57472			6
2026.01.16	00:55:36.771		0.57470			4
2026.01.16	00:55:37.774	0.57400	0.57455			6
2026.01.16	00:55:38.902	0.57399	0.57450			6
2026.01.16	00:55:39.295		0.57452			4
2026.01.16	00:55:39.935	0.57404	0.57451			6
2026.01.16	00:55:40.260	0.57401	0.57457			6
2026.01.16	00:55:41.295	0.57400	0.57450			6
2026.01.16	00:55:41.795		0.57453			4
2026.01.16	00:55:42.132		0.57452			4
2026.01.16	00:55:42.796		0.57449			4
2026.01.16	00:55:43.796		0.57451			4
2026.01.16	00:55:44.367		0.57452			4
2026.01.16	00:55:45.391		0.57448			4
2026.01.16	00:55:47.606	0.57399	0.57468			6
2026.01.16	00:55:47.973	0.57400	0.57453			6
2026.01.16	00:55:49.046		0.57458			4
2026.01.16	00:55:50.058		0.57459			4
2026.01.16	00:55:50.386	0.57399				2
2026.01.16	00:55:50.926	0.57401	0.57478			6
2026.01.16	00:55:51.628	0.57404	0.57473			6
2026.01.16	00:55:51.936	0.57405	0.57475			6
2026.01.16	00:55:53.099	0.57402	0.57485			6
2026.01.16	00:55:53.423		0.57480			4
2026.01.16	00:55:53.796	0.57403	0.57454			6
2026.01.16	00:55:54.299		0.57456			4
2026.01.16	00:55:54.921	0.57401	0.57480			6
2026.01.16	00:55:55.295	0.57404	0.57478			6
2026.01.16	00:55:55.596	0.57401				2
2026.01.16	00:55:56.122	0.57400	0.57482			6
2026.01.16	00:55:56.438		0.57455			4
2026.01.16	00:55:56.739		0.57454			4
2026.01.16	00:55:57.059	0.57399	0.57474			6
2026.01.16	00:55:57.768	0.57402	0.57477			6
2026.01.16	00:55:58.078	0.57401	0.57479			6
2026.01.16	00:55:58.380	0.57400	0.57453			6
2026.01.16	00:55:58.681	0.57399	0.57457			6
2026.01.16	00:55:58.985		0.57477			4
2026.01.16	00:55:59.298	0.57400				2
2026.01.16	00:55:59.602	0.57401	0.57479			6
2026.01.16	00:55:59.904		0.57448			4
2026.01.16	00:56:00.206	0.57401	0.57476			6
2026.01.16	00:56:01.294	0.57404	0.57480			6
2026.01.16	00:56:01.598	0.57402	0.57477			6
2026.01.16	00:56:03.151	0.57405	0.57479			6
2026.01.16	00:56:04.391	0.57404	0.57477			6
2026.01.16	00:56:05.016	0.57405				2
2026.01.16	00:56:06.084	0.57402	0.57479			6
2026.01.16	00:56:06.440		0.57478			4
2026.01.16	00:56:07.150		0.57481			4
2026.01.16	00:56:07.919	0.57404	0.57474			6
2026.01.16	00:56:08.889	0.57401	0.57480			6
2026.01.16	00:56:09.295	0.57403	0.57476			6
2026.01.16	00:56:16.402	0.57400	0.57480			6
2026.01.16	00:56:16.795		0.57474			4
2026.01.16	00:56:17.750		0.57480			4
2026.01.16	00:56:18.885		0.57479			4
2026.01.16	00:56:26.416	0.57401	0.57452			6
2026.01.16	00:56:26.793	0.57400	0.57479			6
2026.01.16	00:56:27.295		0.57476			4
2026.01.16	00:56:31.161	0.57401				2
2026.01.16	00:56:32.272	0.57400				2
2026.01.16	00:56:33.386	0.57401				2
2026.01.16	00:56:33.727	0.57406	0.57474			6
2026.01.16	00:56:34.054		0.57475			4
2026.01.16	00:56:34.381	0.57405	0.57470			6
2026.01.16	00:56:35.464	0.57403	0.57453			6
2026.01.16	00:56:35.796		0.57456			4
2026.01.16	00:56:36.495	0.57401	0.57452			6
2026.01.16	00:56:37.208	0.57403				2
2026.01.16	00:56:37.555	0.57400				2
2026.01.16	00:56:38.803	0.57402				2
2026.01.16	00:56:39.197	0.57401				2
2026.01.16	00:56:39.764	0.57400				2
2026.01.16	00:56:44.440		0.57451			4
2026.01.16	00:56:44.796	0.57401				2
2026.01.16	00:56:45.206	0.57400				2
2026.01.16	00:56:45.526	0.57401				2
2026.01.16	00:56:46.198	0.57400	0.57453			6
2026.01.16	00:56:46.848	0.57401				2
2026.01.16	00:56:47.213	0.57400	0.57449			6
2026.01.16	00:56:47.730	0.57403				2
2026.01.16	00:56:48.051	0.57400				2
2026.01.16	00:56:48.468	0.57403				2
2026.01.16	00:56:49.140	0.57400				2
2026.01.16	00:56:49.473	0.57405	0.57494			6
2026.01.16	00:56:49.796		0.57485			4
2026.01.16	00:56:50.341	0.57406				2
2026.01.16	00:56:51.276		0.57501			4
2026.01.16	00:56:52.552	0.57405	0.57484			6
2026.01.16	00:56:53.637	0.57406	0.57500			6
2026.01.16	00:56:55.424	0.57407	0.57486			6
2026.01.16	00:56:56.992	0.57408	0.57483			6
2026.01.16	00:56:57.411	0.57409	0.57500			6
2026.01.16	00:56:57.868	0.57408				2
2026.01.16	00:56:58.869		0.57482			4
2026.01.16	00:56:59.201		0.57500			4
2026.01.16	00:57:00.053	0.57408	0.57508			6
2026.01.16	00:57:02.001		0.57484			4
2026.01.16	00:57:03.075	0.57409	0.57508			6
2026.01.16	00:57:03.406	0.57410	0.57510			6
2026.01.16	00:57:03.709	0.57409				2
2026.01.16	00:57:04.012		0.57508			4
2026.01.16	00:57:04.361		0.57510			4
2026.01.16	00:57:05.617		0.57480			4
2026.01.16	00:57:06.873	0.57408	0.57510			6
2026.01.16	00:57:07.187	0.57410				2
2026.01.16	00:57:07.512	0.57409				2
2026.01.16	00:57:07.826		0.57508			4
2026.01.16	00:57:08.128		0.57510			4
2026.01.16	00:57:08.768		0.57462			4
2026.01.16	00:57:09.114		0.57510			4
2026.01.16	00:57:09.431		0.57462			4
2026.01.16	00:57:09.810		0.57510			4
2026.01.16	00:57:10.132		0.57462			4
2026.01.16	00:57:10.505		0.57510			4
2026.01.16	00:57:10.818		0.57462			4
2026.01.16	00:57:11.193		0.57510			4
2026.01.16	00:57:11.498		0.57462			4
2026.01.16	00:57:11.829		0.57510			4
2026.01.16	00:57:12.149		0.57462			4
2026.01.16	00:57:12.599		0.57510			4
2026.01.16	00:57:12.945	0.57410				2
2026.01.16	00:57:13.946	0.57412				2
2026.01.16	00:57:14.552	0.57411				2
2026.01.16	00:57:14.866	0.57410	0.57511			6
2026.01.16	00:57:15.195	0.57413	0.57510			6
2026.01.16	00:57:15.501	0.57411				2
2026.01.16	00:57:17.714	0.57410				2
2026.01.16	00:57:18.593		0.57492			4
2026.01.16	00:57:21.275		0.57491			4
2026.01.16	00:57:22.372	0.57409				2
2026.01.16	00:57:24.277	0.57411	0.57490			6
2026.01.16	00:57:24.609	0.57410				2
2026.01.16	00:57:25.613	0.57411	0.57492			6
2026.01.16	00:57:26.263	0.57410				2
2026.01.16	00:57:28.105		0.57484			4
2026.01.16	00:57:29.155	0.57408	0.57482			6
2026.01.16	00:57:30.400	0.57410	0.57510			6
2026.01.16	00:57:30.703	0.57411				2
2026.01.16	00:57:31.009	0.57410				2
2026.01.16	00:57:31.652		0.57489			4
2026.01.16	00:57:32.483		0.57491			4
2026.01.16	00:57:32.803	0.57411	0.57505			6
2026.01.16	00:57:33.116	0.57413				2
2026.01.16	00:57:34.276	0.57412	0.57504			6
2026.01.16	00:57:34.578		0.57505			4
2026.01.16	00:57:34.881	0.57411				2
2026.01.16	00:57:35.209	0.57412	0.57504			6
2026.01.16	00:57:35.876		0.57474			4
2026.01.16	00:57:36.179	0.57413	0.57504			6
2026.01.16	00:57:37.653	0.57412	0.57503			6
2026.01.16	00:57:38.691	0.57413				2
2026.01.16	00:57:39.116	0.57414	0.57505			6
2026.01.16	00:57:39.560	0.57407	0.57470			6
2026.01.16	00:57:40.626		0.57466			4
2026.01.16	00:57:42.508		0.57435			4
2026.01.16	00:57:42.813	0.57401	0.57431			6
2026.01.16	00:57:43.297		0.57433			4
2026.01.16	00:57:43.861	0.57402				2
2026.01.16	00:57:48.006	0.57403				2
2026.01.16	00:57:50.321	0.57394	0.57423			6
2026.01.16	00:57:50.914	0.57398	0.57434			6
2026.01.16	00:57:51.223	0.57399				2
2026.01.16	00:57:51.529		0.57433			4
2026.01.16	00:57:51.849		0.57435			4
2026.01.16	00:57:52.222	0.57400				2
2026.01.16	00:57:54.811	0.57401	0.57432			6
2026.01.16	00:58:00.304	0.57401				2
2026.01.16	00:58:02.016	0.57392	0.57430			6
2026.01.16	00:58:11.128	0.57391				2
2026.01.16	00:58:12.684	0.57392	0.57429			6
2026.01.16	00:58:15.479		0.57430			4
2026.01.16	00:58:16.733		0.57429			4
2026.01.16	00:58:19.516		0.57430			4
2026.01.16	00:58:28.574		0.57428			4
2026.01.16	00:58:28.890		0.57430			4
2026.01.16	00:58:31.378		0.57429			4
2026.01.16	00:58:31.698		0.57430			4
2026.01.16	00:58:32.619		0.57429			4
2026.01.16	00:58:34.794		0.57428			4
2026.01.16	00:58:36.045		0.57430			4
2026.01.16	00:58:37.272		0.57429			4
2026.01.16	00:58:38.525		0.57430			4
2026.01.16	00:58:39.458		0.57429			4
2026.01.16	00:58:39.776		0.57428			4
2026.01.16	00:58:40.079		0.57430			4
2026.01.16	00:58:41.331	0.57384	0.57429			6
2026.01.16	00:58:41.636		0.57430			4
2026.01.16	00:58:42.305	0.57388	0.57429			6
2026.01.16	00:58:42.619	0.57391				2
2026.01.16	00:58:46.351		0.57428			4
2026.01.16	00:58:47.587		0.57430			4
2026.01.16	00:58:47.905		0.57428			4
2026.01.16	00:58:49.461		0.57429			4
2026.01.16	00:58:49.762		0.57430			4
2026.01.16	00:58:52.555		0.57428			4
2026.01.16	00:58:54.734		0.57429			4
2026.01.16	00:58:55.668	0.57384	0.57432			6
2026.01.16	00:58:55.974	0.57385	0.57430			6
2026.01.16	00:58:56.289	0.57378	0.57410			6
2026.01.16	00:58:56.612	0.57382	0.57422			6
2026.01.16	00:58:56.985	0.57377	0.57430			6
2026.01.16	00:58:57.325	0.57380	0.57428			6
2026.01.16	00:58:57.631	0.57384	0.57430			6
2026.01.16	00:58:58.879		0.57428			4
2026.01.16	00:58:59.198	0.57386	0.57429			6
2026.01.16	00:59:00.151	0.57386				2
2026.01.16	00:59:02.336		0.57430			4
2026.01.16	00:59:06.371	0.57383	0.57427			6
2026.01.16	00:59:07.303	0.57384				2
2026.01.16	00:59:07.608	0.57383				2
2026.01.16	00:59:30.312	0.57384	0.57426			6
2026.01.16	00:59:31.296		0.57423			4
2026.01.16	00:59:31.600	0.57383	0.57427			6
2026.01.16	00:59:35.815	0.57385				2
2026.01.16	00:59:36.163	0.57386				2
2026.01.16	00:59:41.285	0.57390	0.57430			6
2026.01.16	00:59:43.239	0.57389	0.57422			6
2026.01.16	00:59:43.557		0.57430			4
2026.01.16	00:59:48.558	0.57409				2
2026.01.16	00:59:48.875	0.57406	0.57433			6
2026.01.16	00:59:50.325	0.57404	0.57435			6
2026.01.16	00:59:57.391		0.57434			4
2026.01.16	00:59:59.831		0.57435			4
2026.01.16	01:00:00.207	0.57394	0.57430			6
2026.01.16	01:00:00.536	0.57393				2
2026.01.16	01:00:00.865	0.57407	0.57432			6
2026.01.16	01:00:01.583		0.57437			4
2026.01.16	01:00:02.378	0.57412				2
2026.01.16	01:00:03.637	0.57402	0.57439			6
2026.01.16	01:00:04.269	0.57401	0.57438			6
2026.01.16	01:00:04.572	0.57402	0.57439			6
2026.01.16	01:00:04.891	0.57403	0.57444			6
2026.01.16	01:00:05.197	0.57426	0.57433			6
2026.01.16	01:00:05.526	0.57427	0.57434			6
2026.01.16	01:00:06.150	0.57426				2
2026.01.16	01:00:06.476	0.57427	0.57435			6
2026.01.16	01:00:07.101	0.57432				2
2026.01.16	01:00:07.430		0.57437			4
2026.01.16	01:00:07.733		0.57436			4
2026.01.16	01:00:08.356		0.57435			4
2026.01.16	01:00:09.942		0.57436			4
2026.01.16	01:00:11.822	0.57423	0.57453			6
2026.01.16	01:00:12.150	0.57420	0.57451			6
2026.01.16	01:00:12.452		0.57453			4
2026.01.16	01:00:13.077	0.57419	0.57452			6
2026.01.16	01:00:14.963	0.57420				2
2026.01.16	01:00:15.267	0.57418	0.57454			6
2026.01.16	01:00:15.586		0.57453			4
2026.01.16	01:00:18.095	0.57422	0.57454			6
2026.01.16	01:00:20.754	0.57424				2
2026.01.16	01:00:22.161		0.57453			4
2026.01.16	01:00:23.949	0.57423	0.57454			6
2026.01.16	01:00:24.571	0.57422				2
2026.01.16	01:00:25.505	0.57423				2
2026.01.16	01:00:26.156		0.57453			4
2026.01.16	01:00:28.966		0.57451			4
2026.01.16	01:00:29.269		0.57452			4
2026.01.16	01:00:30.823	0.57422	0.57453			6
2026.01.16	01:00:31.448	0.57423				2
2026.01.16	01:00:32.080		0.57452			4
2026.01.16	01:00:33.002		0.57450			4
2026.01.16	01:00:33.607		0.57451			4
2026.01.16	01:00:34.542	0.57422	0.57453			6
2026.01.16	01:00:34.860	0.57423	0.57452			6
2026.01.16	01:00:39.209		0.57453			4
2026.01.16	01:00:40.133	0.57425	0.57451			6
2026.01.16	01:00:41.417		0.57449			4
2026.01.16	01:00:42.340		0.57448			4
2026.01.16	01:00:42.669	0.57435	0.57436			6
2026.01.16	01:00:42.972		0.57437			4
2026.01.16	01:00:43.274		0.57436			4
2026.01.16	01:00:43.899	0.57434				2
2026.01.16	01:00:44.530	0.57435	0.57437			6
2026.01.16	01:00:45.151	0.57431	0.57433			6
2026.01.16	01:00:45.756		0.57432			4
2026.01.16	01:00:46.390		0.57433			4
2026.01.16	01:00:47.040	0.57432				2
2026.01.16	01:00:48.294		0.57434			4
2026.01.16	01:00:49.217		0.57433			4
2026.01.16	01:00:51.423	0.57419	0.57444			6
2026.01.16	01:00:52.062		0.57442			4
2026.01.16	01:00:52.681	0.57432	0.57435			6
2026.01.16	01:00:52.984	0.57430	0.57433			6
2026.01.16	01:00:53.616	0.57431	0.57434			6
2026.01.16	01:00:53.937	0.57432	0.57435			6
2026.01.16	01:00:54.266		0.57434			4
2026.01.16	01:00:54.888	0.57434	0.57436			6
2026.01.16	01:00:55.191	0.57433				2
2026.01.16	01:00:56.146	0.57434	0.57437			6
2026.01.16	01:00:57.397		0.57436			4
2026.01.16	01:00:59.256	0.57435	0.57437			6
2026.01.16	01:01:00.189	0.57435				2
2026.01.16	01:01:00.811	0.57421	0.57442			6
2026.01.16	01:01:01.117	0.57425	0.57428			6
2026.01.16	01:01:01.443	0.57426	0.57429			6
2026.01.16	01:01:01.746	0.57425	0.57428			6
2026.01.16	01:01:02.368		0.57429			4
2026.01.16	01:01:03.301	0.57427	0.57430			6
2026.01.16	01:01:03.622	0.57426	0.57429			6
2026.01.16	01:01:09.270	0.57427				2
2026.01.16	01:01:10.526	0.57426	0.57428			6
2026.01.16	01:01:14.912	0.57425	0.57427			6
2026.01.16	01:01:17.402	0.57426				2
2026.01.16	01:01:18.326	0.57425				2
2026.01.16	01:01:18.632	0.57426	0.57428			6
2026.01.16	01:01:20.530		0.57427			4
2026.01.16	01:01:23.646	0.57425				2
2026.01.16	01:01:23.976	0.57426	0.57428			6
2026.01.16	01:01:28.943		0.57427			4
2026.01.16	01:01:30.214	0.57425				2
2026.01.16	01:01:30.519	0.57427	0.57428			6
2026.01.16	01:01:31.149	0.57426				2
2026.01.16	01:01:33.630	0.57427	0.57429			6
2026.01.16	01:01:37.371	0.57426	0.57428			6
2026.01.16	01:01:37.673	0.57415	0.57437			6
2026.01.16	01:01:37.985	0.57414	0.57436			6
2026.01.16	01:01:38.299	0.57415				2
2026.01.16	01:01:38.626		0.57435			4
2026.01.16	01:01:39.280		0.57436			4
2026.01.16	01:01:39.930		0.57435			4
2026.01.16	01:01:40.234	0.57422	0.57425			6
2026.01.16	01:01:41.788	0.57423	0.57426			6
2026.01.16	01:01:43.343	0.57422	0.57425			6
2026.01.16	01:01:46.779	0.57424	0.57427			6
2026.01.16	01:01:47.108	0.57423	0.57426			6
2026.01.16	01:01:48.031	0.57422	0.57425			6
2026.01.16	01:01:50.217	0.57423				2
2026.01.16	01:01:50.840	0.57422	0.57424			6
2026.01.16	01:01:51.477	0.57423	0.57425			6
2026.01.16	01:01:52.398	0.57422				2
2026.01.16	01:01:53.682	0.57423	0.57426			6
2026.01.16	01:01:53.986	0.57416	0.57436			6
2026.01.16	01:01:54.636	0.57423	0.57426			6
2026.01.16	01:01:55.289	0.57422	0.57425			6
2026.01.16	01:01:57.149	0.57423	0.57426			6
2026.01.16	01:01:58.401		0.57425			4
2026.01.16	01:02:00.258	0.57423				2
2026.01.16	01:02:01.212	0.57422	0.57424			6
2026.01.16	01:02:01.834	0.57423	0.57425			6
2026.01.16	01:02:04.944	0.57422	0.57424			6
2026.01.16	01:02:07.433		0.57425			4
2026.01.16	01:02:08.685	0.57421	0.57424			6
2026.01.16	01:02:09.292	0.57425	0.57428			6
2026.01.16	01:02:09.610	0.57426	0.57429			6
2026.01.16	01:02:10.258	0.57425				2
2026.01.16	01:02:10.562	0.57427	0.57431			6
2026.01.16	01:02:16.164	0.57428				2
2026.01.16	01:02:24.265	0.57429				2
2026.01.16	01:02:44.269	0.57430	0.57432			6
2026.01.16	01:02:46.129	0.57429	0.57431			6
2026.01.16	01:02:50.167	0.57428				2
2026.01.16	01:02:52.351	0.57429				2
2026.01.16	01:02:56.416		0.57432			4
2026.01.16	01:03:00.148	0.57429				2
2026.01.16	01:03:00.453	0.57430	0.57433			6
2026.01.16	01:03:01.100	0.57431	0.57434			6
2026.01.16	01:03:01.406	0.57430	0.57433			6
2026.01.16	01:03:01.732	0.57431	0.57434			6
2026.01.16	01:03:02.959	0.57430	0.57433			6
2026.01.16	01:03:15.431		0.57432			4
2026.01.16	01:03:19.198		0.57433			4
2026.01.16	01:03:33.251		0.57432			4
2026.01.16	01:03:39.154		0.57433			4
2026.01.16	01:03:45.120		0.57432			4
2026.01.16	01:03:48.245	0.57429				2
2026.01.16	01:03:53.853	0.57430	0.57433			6
2026.01.16	01:03:58.588	0.57429	0.57432			6
2026.01.16	01:04:00.144	0.57429				2
2026.01.16	01:04:06.074	0.57430	0.57433			6
2026.01.16	01:04:12.609	0.57429	0.57432			6
2026.01.16	01:04:16.357	0.57430	0.57433			6
2026.01.16	01:04:16.979	0.57426	0.57429			6
2026.01.16	01:04:17.916	0.57427	0.57430			6
2026.01.16	01:04:18.219	0.57426				2
2026.01.16	01:04:18.523	0.57427	0.57431			6
2026.01.16	01:04:19.828	0.57426	0.57430			6
2026.01.16	01:04:26.266	0.57427				2
2026.01.16	01:04:28.447	0.57428	0.57431			6
2026.01.16	01:04:28.776	0.57427	0.57430			6
2026.01.16	01:04:29.398	0.57428	0.57431			6
2026.01.16	01:04:30.332	0.57427	0.57430			6
2026.01.16	01:04:46.324		0.57431			4
2026.01.16	01:04:47.312		0.57430			4
2026.01.16	01:05:00.147	0.57427				2
2026.01.16	01:05:02.130	0.57424	0.57427			6
2026.01.16	01:05:07.654	0.57419	0.57422			6
2026.01.16	01:05:08.260		0.57423			4
2026.01.16	01:05:08.914	0.57420	0.57424			6
2026.01.16	01:05:23.326		0.57423			4
2026.01.16	01:05:24.902	0.57421	0.57424			6
2026.01.16	01:05:25.536	0.57420	0.57423			6
2026.01.16	01:05:25.857	0.57421	0.57424			6
2026.01.16	01:05:32.213	0.57422				2
2026.01.16	01:05:47.203	0.57421	0.57423			6
2026.01.16	01:05:48.153		0.57424			4
2026.01.16	01:05:54.353		0.57423			4
2026.01.16	01:05:55.275		0.57424			4
2026.01.16	01:06:00.126	0.57421				2
2026.01.16	01:06:00.433		0.57423			4
2026.01.16	01:06:02.288		0.57424			4
2026.01.16	01:06:03.337		0.57423			4
2026.01.16	01:06:09.577	0.57420	0.57422			6
2026.01.16	01:06:09.879	0.57419	0.57421			6
2026.01.16	01:06:10.183	0.57418	0.57422			6
2026.01.16	01:06:11.166	0.57419				2
2026.01.16	01:06:16.334	0.57418	0.57421			6
2026.01.16	01:06:18.245	0.57419				2
2026.01.16	01:06:38.190		0.57420			4
2026.01.16	01:06:41.646	0.57420	0.57421			6
2026.01.16	01:06:42.284	0.57419	0.57422			6
2026.01.16	01:06:49.152	0.57420				2
2026.01.16	01:06:53.516	0.57419	0.57421			6
2026.01.16	01:06:54.137		0.57422			4
2026.01.16	01:07:00.289	0.57419				2
2026.01.16	01:07:01.245		0.57421			4
2026.01.16	01:07:02.196	0.57420				2
2026.01.16	01:07:02.498	0.57421	0.57423			6
2026.01.16	01:07:03.120	0.57420	0.57424			6
2026.01.16	01:07:04.401	0.57421				2
2026.01.16	01:07:11.228		0.57425			4
2026.01.16	01:07:15.089		0.57424			4
2026.01.16	01:07:22.164	0.57422				2
2026.01.16	01:07:31.499	0.57419	0.57421			6
2026.01.16	01:07:32.106	0.57418	0.57422			6
2026.01.16	01:07:42.389	0.57419				2
2026.01.16	01:07:46.256		0.57421			4
2026.01.16	01:07:50.290	0.57418	0.57420			6
2026.01.16	01:07:50.595	0.57419	0.57421			6
2026.01.16	01:07:51.225	0.57418				2
2026.01.16	01:07:56.039	0.57419	0.57422			6
2026.01.16	01:07:56.389	0.57418				2
2026.01.16	01:08:00.207	0.57418				2
2026.01.16	01:08:01.207	0.57419				2
2026.01.16	01:08:06.330	0.57420				2
2026.01.16	01:08:08.810	0.57419	0.57421			6
2026.01.16	01:08:09.117		0.57422			4
2026.01.16	01:08:11.352	0.57418	0.57421			6
2026.01.16	01:08:12.959	0.57419	0.57422			6
2026.01.16	01:08:16.222		0.57421			4
2026.01.16	01:08:32.401		0.57422			4
2026.01.16	01:08:33.379	0.57418				2
2026.01.16	01:08:34.335	0.57419				2
2026.01.16	01:08:37.199		0.57421			4
2026.01.16	01:08:51.526	0.57418	0.57420			6
2026.01.16	01:08:52.157		0.57421			4
2026.01.16	01:08:54.414		0.57420			4
2026.01.16	01:08:59.383		0.57421			4
2026.01.16	01:09:00.034	0.57418				2
2026.01.16	01:09:00.336	0.57419				2
2026.01.16	01:09:04.372		0.57422			4
2026.01.16	01:09:06.308		0.57421			4
2026.01.16	01:09:26.238	0.57422	0.57426			6
2026.01.16	01:09:27.541		0.57425			4
2026.01.16	01:09:29.149	0.57421				2
2026.01.16	01:09:34.924	0.57422	0.57426			6
2026.01.16	01:09:38.136		0.57425			4
2026.01.16	01:09:43.401	0.57423				2
2026.01.16	01:09:48.422	0.57422	0.57423			6
2026.01.16	01:09:48.743	0.57421	0.57422			6
2026.01.16	01:09:49.375	0.57420	0.57423			6
2026.01.16	01:09:51.631	0.57421				2
2026.01.16	01:09:59.162		0.57422			4
2026.01.16	01:10:00.114	0.57421	0.57423			6
2026.01.16	01:10:06.412		0.57422			4
2026.01.16	01:10:08.319	0.57420	0.57423			6
2026.01.16	01:10:11.262	0.57421				2
2026.01.16	01:10:22.200		0.57422			4
2026.01.16	01:10:22.821		0.57423			4
2026.01.16	01:10:27.197		0.57422			4
2026.01.16	01:10:30.952		0.57423			4
2026.01.16	01:10:37.566		0.57422			4
2026.01.16	01:10:39.128		0.57423			4
2026.01.16	01:10:41.014		0.57422			4
2026.01.16	01:10:42.243		0.57423			4
2026.01.16	01:10:49.149	0.57422	0.57424			6
2026.01.16	01:10:50.404		0.57425			4
2026.01.16	01:10:50.750	0.57421				2
2026.01.16	01:10:53.010	0.57422				2
2026.01.16	01:10:56.273	0.57419	0.57422			6
2026.01.16	01:10:57.229		0.57423			4
2026.01.16	01:11:00.140	0.57419				2
2026.01.16	01:11:00.794	0.57418	0.57422			6
2026.01.16	01:11:02.098	0.57419	0.57423			6
2026.01.16	01:11:02.751	0.57418	0.57422			6
2026.01.16	01:11:04.705	0.57419	0.57423			6
2026.01.16	01:11:05.662	0.57418	0.57422			6
2026.01.16	01:11:07.969	0.57419	0.57423			6
2026.01.16	01:11:08.319		0.57422			4
2026.01.16	01:11:11.278		0.57421			4
2026.01.16	01:11:13.453	0.57420	0.57422			6
2026.01.16	01:11:14.389	0.57419	0.57421			6
2026.01.16	01:11:15.312	0.57420	0.57422			6
2026.01.16	01:11:15.640	0.57419	0.57421			6
2026.01.16	01:11:16.566	0.57420	0.57422			6
2026.01.16	01:11:17.499	0.57419	0.57421			6
2026.01.16	01:11:18.423	0.57420	0.57422			6
2026.01.16	01:11:19.359	0.57419	0.57421			6
2026.01.16	01:11:20.284	0.57420	0.57422			6
2026.01.16	01:11:20.913		0.57421			4
2026.01.16	01:11:21.535	0.57419				2
2026.01.16	01:11:22.166	0.57420	0.57422			6
2026.01.16	01:11:22.469		0.57421			4
2026.01.16	01:11:27.135	0.57419				2
2026.01.16	01:11:27.454	0.57420				2
2026.01.16	01:11:29.009		0.57422			4
2026.01.16	01:11:31.198	0.57421				2
2026.01.16	01:11:31.501		0.57423			4
2026.01.16	01:11:32.451	0.57419	0.57421			6
2026.01.16	01:11:33.373		0.57422			4
2026.01.16	01:11:35.660	0.57418				2
2026.01.16	01:11:38.223		0.57421			4
2026.01.16	01:11:39.828	0.57419	0.57422			6
2026.01.16	01:11:40.134		0.57421			4
2026.01.16	01:11:42.309		0.57422			4
2026.01.16	01:11:42.644	0.57418	0.57421			6
2026.01.16	01:11:43.294	0.57419				2
2026.01.16	01:11:46.406	0.57418	0.57422			6
2026.01.16	01:11:48.014	0.57419	0.57423			6
2026.01.16	01:11:48.316	0.57418	0.57422			6
2026.01.16	01:11:49.316	0.57419				2
2026.01.16	01:11:49.619	0.57418	0.57421			6
2026.01.16	01:11:49.920	0.57419	0.57422			6
2026.01.16	01:11:51.224	0.57418				2
2026.01.16	01:11:55.394	0.57419				2
2026.01.16	01:11:57.346		0.57421			4
2026.01.16	01:11:59.824	0.57420	0.57422			6
2026.01.16	01:12:00.129	0.57419	0.57421			6
2026.01.16	01:12:04.173	0.57424	0.57426			6
2026.01.16	01:12:04.489		0.57425			4
2026.01.16	01:12:04.794		0.57426			4
2026.01.16	01:12:05.126	0.57423	0.57427			6
2026.01.16	01:12:05.474	0.57424	0.57428			6
2026.01.16	01:12:17.024	0.57423	0.57427			6
2026.01.16	01:12:17.371	0.57424				2
2026.01.16	01:12:21.190	0.57425				2
2026.01.16	01:12:26.174		0.57428			4
2026.01.16	01:12:27.462	0.57424	0.57427			6
2026.01.16	01:12:29.416	0.57425	0.57428			6
2026.01.16	01:12:30.023	0.57424	0.57427			6
2026.01.16	01:12:30.976	0.57425	0.57428			6
2026.01.16	01:12:31.324		0.57427			4
2026.01.16	01:12:42.192	0.57426				2
2026.01.16	01:12:46.556		0.57428			4
2026.01.16	01:12:46.858		0.57427			4
2026.01.16	01:12:47.489		0.57428			4
2026.01.16	01:12:51.220	0.57425				2
2026.01.16	01:12:52.512	0.57426	0.57429			6
2026.01.16	01:12:52.858	0.57425	0.57428			6
2026.01.16	01:12:56.375	0.57426				2
2026.01.16	01:13:00.105	0.57426				2
2026.01.16	01:13:13.150		0.57427			4
2026.01.16	01:13:13.453		0.57428			4
2026.01.16	01:13:30.915		0.57427			4
2026.01.16	01:13:32.166		0.57428			4
2026.01.16	01:13:40.376	0.57425				2
2026.01.16	01:13:42.286	0.57426				2
2026.01.16	01:13:43.208	0.57425	0.57427			6
2026.01.16	01:13:43.536	0.57426	0.57428			6
2026.01.16	01:13:44.160	0.57425				2
2026.01.16	01:13:48.404	0.57426				2
2026.01.16	01:13:52.171	0.57424	0.57427			6
2026.01.16	01:13:52.479		0.57426			4
2026.01.16	01:13:53.121	0.57423				2
2026.01.16	01:13:55.343	0.57422				2
2026.01.16	01:14:00.196	0.57422				2
2026.01.16	01:14:00.502	0.57421	0.57425			6
2026.01.16	01:14:01.455		0.57424			4
2026.01.16	01:14:02.758		0.57425			4
2026.01.16	01:14:04.364		0.57424			4
2026.01.16	01:14:04.667	0.57422	0.57425			6
2026.01.16	01:14:05.318	0.57421				2
2026.01.16	01:14:09.181	0.57422				2
2026.01.16	01:14:10.788	0.57421	0.57424			6
2026.01.16	01:14:11.091		0.57425			4
2026.01.16	01:14:13.348		0.57424			4
2026.01.16	01:14:15.303		0.57425			4
2026.01.16	01:14:18.167		0.57424			4
2026.01.16	01:14:22.331	0.57422				2
2026.01.16	01:14:46.267		0.57423			4
2026.01.16	01:14:47.190	0.57421	0.57424			6
2026.01.16	01:14:51.685		0.57425			4
2026.01.16	01:14:56.502		0.57424			4
2026.01.16	01:15:00.017	0.57421				2
2026.01.16	01:15:00.366		0.57425			4
2026.01.16	01:15:06.135		0.57424			4
2026.01.16	01:15:10.302	0.57422				2
2026.01.16	01:15:35.471	0.57424	0.57425			6
2026.01.16	01:15:35.800	0.57422	0.57424			6
2026.01.16	01:15:36.104	0.57424	0.57425			6
2026.01.16	01:15:36.423	0.57422	0.57424			6
2026.01.16	01:15:36.725	0.57424	0.57425			6
2026.01.16	01:15:37.027	0.57422	0.57424			6
2026.01.16	01:15:37.356	0.57424	0.57425			6
2026.01.16	01:15:37.661	0.57422	0.57424			6
2026.01.16	01:15:37.964	0.57424	0.57425			6
2026.01.16	01:15:38.280	0.57422	0.57424			6
2026.01.16	01:15:38.584	0.57424	0.57425			6
2026.01.16	01:15:38.912	0.57422	0.57424			6
2026.01.16	01:15:39.836	0.57423				2
2026.01.16	01:15:40.140		0.57425			4
2026.01.16	01:15:47.301		0.57424			4
2026.01.16	01:15:53.826	0.57424	0.57426			6
2026.01.16	01:15:54.143		0.57428			4
2026.01.16	01:16:00.254	0.57424				2
2026.01.16	01:16:05.168	0.57425				2
2026.01.16	01:16:06.469	0.57424	0.57427			6
2026.01.16	01:16:07.424		0.57426			4
2026.01.16	01:16:07.727		0.57427			4
2026.01.16	01:16:09.983	0.57423				2
2026.01.16	01:16:13.513	0.57424				2
2026.01.16	01:16:23.536	0.57423	0.57426			6
2026.01.16	01:16:29.311	0.57424				2
2026.01.16	01:16:35.227	0.57423	0.57425			6
2026.01.16	01:16:36.152	0.57422	0.57426			6
2026.01.16	01:16:37.487	0.57423	0.57427			6
2026.01.16	01:16:38.400		0.57426			4
2026.01.16	01:16:43.260	0.57424				2
2026.01.16	01:16:44.185	0.57423	0.57427			6
2026.01.16	01:16:47.427		0.57426			4
2026.01.16	01:16:49.338	0.57424				2
2026.01.16	01:16:58.387		0.57425			4
2026.01.16	01:16:58.689		0.57426			4
2026.01.16	01:16:59.322	0.57423	0.57427			6
2026.01.16	01:17:00.229	0.57423				2
2026.01.16	01:17:06.302		0.57426			4
2026.01.16	01:17:08.306		0.57425			4
2026.01.16	01:18:00.023	0.57423				2
2026.01.16	01:18:08.480		0.57425			4
2026.01.16	01:18:28.125	0.57424	0.57426			6
2026.01.16	01:18:34.280	0.57422	0.57424			6
2026.01.16	01:18:35.282	0.57421	0.57425			6
2026.01.16	01:18:48.131	0.57422				2
2026.01.16	01:18:49.435	0.57421				2
2026.01.16	01:18:53.350	0.57422				2
2026.01.16	01:18:58.216		0.57424			4
2026.01.16	01:19:00.075	0.57420	0.57422			6
2026.01.16	01:19:01.325	0.57419	0.57423			6
2026.01.16	01:19:04.536	0.57418	0.57422			6
2026.01.16	01:19:10.309		0.57421			4
2026.01.16	01:19:11.566	0.57417	0.57420			6
2026.01.16	01:19:11.915	0.57416	0.57419			6
2026.01.16	01:19:12.217		0.57420			4
2026.01.16	01:19:13.173		0.57419			4
2026.01.16	01:19:15.431	0.57417	0.57420			6
2026.01.16	01:19:16.383		0.57421			4
2026.01.16	01:19:18.338	0.57416	0.57420			6
2026.01.16	01:19:19.995	0.57417	0.57421			6
2026.01.16	01:19:22.251		0.57420			4
2026.01.16	01:19:27.372	0.57418				2
2026.01.16	01:19:28.929	0.57417	0.57419			6
2026.01.16	01:19:36.372	0.57416				2
2026.01.16	01:19:37.306	0.57417				2
2026.01.16	01:19:39.208		0.57420			4
2026.01.16	01:19:41.464	0.57416	0.57419			6
2026.01.16	01:19:42.416	0.57417				2
2026.01.16	01:19:45.202		0.57420			4
2026.01.16	01:19:45.530	0.57416	0.57419			6
2026.01.16	01:19:46.136	0.57417				2
2026.01.16	01:19:47.105		0.57420			4
2026.01.16	01:19:49.395		0.57419			4
2026.01.16	01:19:51.252		0.57420			4
2026.01.16	01:19:52.206	0.57416	0.57419			6
2026.01.16	01:19:58.382	0.57417				2
2026.01.16	01:19:59.306	0.57416	0.57418			6
2026.01.16	01:19:59.937	0.57417	0.57419			6
2026.01.16	01:20:00.241	0.57416	0.57418			6
2026.01.16	01:20:00.543	0.57417	0.57419			6
2026.01.16	01:20:01.164	0.57416				2
2026.01.16	01:20:03.148		0.57420			4
2026.01.16	01:20:04.408		0.57419			4
2026.01.16	01:20:06.011	0.57415	0.57418			6
2026.01.16	01:20:06.356	0.57416	0.57419			6
2026.01.16	01:20:08.568		0.57420			4
2026.01.16	01:20:09.219		0.57419			4
2026.01.16	01:20:12.127	0.57415	0.57418			6
2026.01.16	01:20:13.083	0.57416	0.57419			6
2026.01.16	01:20:16.292		0.57418			4
2026.01.16	01:20:17.216	0.57417	0.57419			6
2026.01.16	01:20:17.517	0.57416	0.57418			6
2026.01.16	01:20:19.707	0.57417	0.57419			6
2026.01.16	01:20:20.330	0.57416	0.57420			6
2026.01.16	01:20:21.313		0.57419			4
2026.01.16	01:20:21.965	0.57417	0.57420			6
2026.01.16	01:20:22.614	0.57416	0.57419			6
2026.01.16	01:20:22.917	0.57417	0.57420			6
2026.01.16	01:20:23.267	0.57416				2
2026.01.16	01:20:23.569	0.57417	0.57421			6
2026.01.16	01:20:24.526	0.57415	0.57419			6
2026.01.16	01:20:25.527	0.57416	0.57420			6
2026.01.16	01:20:26.131	0.57415	0.57419			6
2026.01.16	01:20:27.132	0.57416	0.57420			6
2026.01.16	01:20:36.419		0.57419			4
2026.01.16	01:20:38.375	0.57417				2
2026.01.16	01:20:39.907	0.57416	0.57418			6
2026.01.16	01:20:40.235		0.57419			4
2026.01.16	01:20:51.222		0.57418			4
2026.01.16	01:20:54.652	0.57417	0.57419			6
2026.01.16	01:20:55.585	0.57416	0.57418			6
2026.01.16	01:20:56.207		0.57419			4
2026.01.16	01:20:57.191		0.57418			4
2026.01.16	01:21:00.302	0.57416				2
2026.01.16	01:21:01.878	0.57417				2
2026.01.16	01:21:02.181		0.57419			4
2026.01.16	01:21:02.813	0.57416	0.57418			6
2026.01.16	01:21:03.119		0.57419			4
2026.01.16	01:21:04.421		0.57418			4
2026.01.16	01:21:05.040	0.57414	0.57416			6
2026.01.16	01:21:05.343	0.57413	0.57415			6
2026.01.16	01:21:05.650	0.57412	0.57414			6
2026.01.16	01:21:06.278	0.57411	0.57415			6
2026.01.16	01:21:07.885	0.57410	0.57414			6
2026.01.16	01:21:08.886	0.57411	0.57415			6
2026.01.16	01:21:09.492	0.57410	0.57414			6
2026.01.16	01:21:11.446	0.57411	0.57415			6
2026.01.16	01:21:12.051	0.57410	0.57414			6
2026.01.16	01:21:17.217	0.57411				2
2026.01.16	01:21:21.146		0.57413			4
2026.01.16	01:21:23.965	0.57412	0.57414			6
2026.01.16	01:21:24.294	0.57411	0.57413			6
2026.01.16	01:21:28.015	0.57412	0.57414			6
2026.01.16	01:21:28.637	0.57411	0.57413			6
2026.01.16	01:21:30.191	0.57412	0.57414			6
2026.01.16	01:21:37.348		0.57413			4
2026.01.16	01:21:37.653		0.57414			4
2026.01.16	01:21:38.601		0.57413			4
2026.01.16	01:21:44.498	0.57413	0.57414			6
2026.01.16	01:21:44.799	0.57412				2
2026.01.16	01:21:46.053	0.57411	0.57413			6
2026.01.16	01:21:46.989	0.57412	0.57414			6
2026.01.16	01:21:47.913		0.57413			4
2026.01.16	01:21:53.210		0.57414			4
2026.01.16	01:21:53.815	0.57411	0.57413			6
2026.01.16	01:21:54.764	0.57412	0.57414			6
2026.01.16	01:21:55.372	0.57411	0.57413			6
2026.01.16	01:21:59.405	0.57413	0.57414			6
2026.01.16	01:22:00.036	0.57413				2
2026.01.16	01:22:00.356	0.57412				2
2026.01.16	01:22:01.592	0.57411	0.57413			6
2026.01.16	01:22:05.629	0.57412	0.57414			6
2026.01.16	01:22:12.484	0.57411	0.57413			6
2026.01.16	01:22:12.787	0.57410	0.57412			6
2026.01.16	01:22:13.090	0.57409	0.57413			6
2026.01.16	01:22:22.423		0.57412			4
2026.01.16	01:22:25.284	0.57410				2
2026.01.16	01:22:37.400	0.57412	0.57413			6
2026.01.16	01:22:37.705	0.57411				2
2026.01.16	01:22:38.637	0.57412	0.57414			6
2026.01.16	01:22:39.259	0.57411	0.57415			6
2026.01.16	01:22:43.153		0.57414			4
2026.01.16	01:22:47.321	0.57412				2
2026.01.16	01:23:00.037	0.57412				2
2026.01.16	01:23:03.452	0.57413				2
2026.01.16	01:23:05.311	0.57412				2
2026.01.16	01:23:06.561	0.57411	0.57413			6
2026.01.16	01:23:07.496	0.57412	0.57414			6
2026.01.16	01:23:08.116	0.57411	0.57413			6
2026.01.16	01:23:09.050	0.57412	0.57414			6
2026.01.16	01:23:09.673		0.57413			4
2026.01.16	01:23:10.304		0.57414			4
2026.01.16	01:23:10.607		0.57413			4
2026.01.16	01:23:12.466		0.57414			4
2026.01.16	01:23:13.088	0.57413				2
2026.01.16	01:23:13.415	0.57412				2
2026.01.16	01:23:13.718		0.57413			4
2026.01.16	01:23:14.022	0.57411				2
2026.01.16	01:23:14.643	0.57412	0.57414			6
2026.01.16	01:23:18.054	0.57411	0.57413			6
2026.01.16	01:23:19.307	0.57412	0.57414			6
2026.01.16	01:23:19.938	0.57411	0.57413			6
2026.01.16	01:23:20.892	0.57412	0.57414			6
2026.01.16	01:23:27.620	0.57411	0.57413			6
2026.01.16	01:23:27.968	0.57412	0.57414			6
2026.01.16	01:23:28.576		0.57413			4
2026.01.16	01:23:29.827	0.57413	0.57414			6
2026.01.16	01:23:30.750	0.57412				2
2026.01.16	01:23:41.321	0.57411				2
2026.01.16	01:23:43.578	0.57412	0.57415			6
2026.01.16	01:23:44.228	0.57411	0.57414			6
2026.01.16	01:23:44.882	0.57412	0.57415			6
2026.01.16	01:23:45.185	0.57411	0.57414			6
2026.01.16	01:23:46.487	0.57412	0.57415			6
2026.01.16	01:23:47.441	0.57411	0.57414			6
2026.01.16	01:23:49.047	0.57408	0.57411			6
2026.01.16	01:23:50.002	0.57409	0.57412			6
2026.01.16	01:23:50.351	0.57408				2
2026.01.16	01:24:00.286	0.57408				2
2026.01.16	01:24:01.240	0.57409				2
2026.01.16	01:24:02.195	0.57408				2
2026.01.16	01:24:08.617	0.57407	0.57411			6
2026.01.16	01:24:08.969	0.57408	0.57412			6
2026.01.16	01:24:11.223		0.57411			4
2026.01.16	01:24:12.830	0.57409	0.57412			6
2026.01.16	01:24:13.435	0.57408	0.57411			6
2026.01.16	01:24:14.434	0.57409	0.57412			6
2026.01.16	01:24:15.389	0.57408	0.57411			6
2026.01.16	01:24:16.041	0.57409	0.57412			6
2026.01.16	01:24:16.343		0.57411			4
2026.01.16	01:24:19.154	0.57410	0.57412			6
2026.01.16	01:24:19.472	0.57409	0.57411			6
2026.01.16	01:24:26.349	0.57410				2
2026.01.16	01:24:30.113	0.57409				2
2026.01.16	01:24:32.000	0.57410				2
2026.01.16	01:24:33.555	0.57409				2
2026.01.16	01:24:33.873	0.57410				2
2026.01.16	01:24:36.035	0.57409				2
2026.01.16	01:24:36.362	0.57410				2
2026.01.16	01:24:39.145	0.57409				2
2026.01.16	01:24:40.400	0.57410	0.57412			6
2026.01.16	01:24:41.030	0.57409	0.57411			6
2026.01.16	01:24:41.954	0.57410	0.57412			6
2026.01.16	01:24:44.444	0.57409	0.57411			6
2026.01.16	01:24:45.699	0.57410				2
2026.01.16	01:24:46.002	0.57409				2
2026.01.16	01:24:49.735	0.57410				2
2026.01.16	01:24:50.039	0.57409				2
2026.01.16	01:25:00.307	0.57409				2
2026.01.16	01:25:00.914		0.57410			4
2026.01.16	01:25:01.536	0.57410	0.57411			6
2026.01.16	01:25:02.169	0.57408				2
2026.01.16	01:25:03.121		0.57410			4
2026.01.16	01:25:04.727	0.57409	0.57411			6
2026.01.16	01:25:05.380	0.57408	0.57410			6
2026.01.16	01:25:06.334	0.57409	0.57411			6
2026.01.16	01:25:06.984	0.57408	0.57410			6
2026.01.16	01:25:08.289	0.57409	0.57411			6
2026.01.16	01:25:09.290	0.57408	0.57410			6
2026.01.16	01:25:09.944	0.57409	0.57411			6
2026.01.16	01:25:10.249	0.57408				2
2026.01.16	01:25:11.202		0.57412			4
2026.01.16	01:25:16.317		0.57411			4
2026.01.16	01:25:21.185	0.57409				2
2026.01.16	01:25:33.299		0.57410			4
2026.01.16	01:25:34.539		0.57411			4
2026.01.16	01:25:45.730	0.57411	0.57412			6
2026.01.16	01:25:46.050		0.57413			4
2026.01.16	01:25:46.353	0.57410	0.57414			6
2026.01.16	01:25:56.269		0.57413			4
2026.01.16	01:26:00.130	0.57411				2
2026.01.16	01:26:11.672	0.57412				2
2026.01.16	01:26:12.279	0.57411				2
2026.01.16	01:26:15.389	0.57412				2
2026.01.16	01:26:16.314	0.57411				2
2026.01.16	01:26:17.565	0.57412				2
2026.01.16	01:26:20.359	0.57411				2
2026.01.16	01:26:21.611	0.57412				2
2026.01.16	01:26:22.535	0.57411				2
2026.01.16	01:26:36.967		0.57412			4
2026.01.16	01:26:37.589		0.57413			4
2026.01.16	01:26:38.573		0.57412			4
2026.01.16	01:26:41.687		0.57413			4
2026.01.16	01:26:44.901		0.57412			4
2026.01.16	01:26:45.825		0.57413			4
2026.01.16	01:26:55.131	0.57410				2
2026.01.16	01:27:00.254	0.57410				2
2026.01.16	01:27:00.556	0.57409	0.57412			6
2026.01.16	01:27:03.466	0.57408				2
2026.01.16	01:27:12.145		0.57411			4
2026.01.16	01:27:18.219	0.57409				2
2026.01.16	01:27:19.792	0.57408	0.57410			6
2026.01.16	01:27:20.741	0.57409	0.57411			6
2026.01.16	01:27:21.349	0.57408	0.57410			6
2026.01.16	01:27:22.298	0.57409	0.57411			6
2026.01.16	01:27:22.601	0.57408	0.57410			6
2026.01.16	01:27:25.091	0.57409	0.57411			6
2026.01.16	01:27:25.394	0.57408	0.57410			6
2026.01.16	01:27:26.344	0.57409	0.57411			6
2026.01.16	01:27:27.268	0.57408	0.57410			6
2026.01.16	01:27:28.505	0.57409	0.57411			6
2026.01.16	01:27:28.824	0.57408	0.57410			6
2026.01.16	01:27:29.430	0.57409	0.57411			6
2026.01.16	01:27:30.062	0.57408	0.57410			6
2026.01.16	01:27:30.712	0.57409	0.57411			6
2026.01.16	01:27:34.127		0.57410			4
2026.01.16	01:27:34.444		0.57411			4
2026.01.16	01:27:34.749	0.57410				2
2026.01.16	01:27:35.380	0.57408	0.57412			6
2026.01.16	01:27:42.105		0.57411			4
2026.01.16	01:27:45.318	0.57409	0.57412			6
2026.01.16	01:27:47.272		0.57411			4
2026.01.16	01:27:48.498	0.57410	0.57412			6
2026.01.16	01:27:55.021	0.57409	0.57411			6
2026.01.16	01:27:55.348	0.57408	0.57412			6
2026.01.16	01:27:56.001	0.57409	0.57413			6
2026.01.16	01:27:56.305		0.57412			4
2026.01.16	01:28:00.220	0.57409				2
2026.01.16	01:28:00.522	0.57410	0.57413			6
2026.01.16	01:28:00.826	0.57409	0.57412			6
2026.01.16	01:28:01.173	0.57410				2
2026.01.16	01:28:12.409		0.57411			4
2026.01.16	01:28:16.441		0.57412			4
2026.01.16	01:28:16.744	0.57409	0.57411			6
2026.01.16	01:28:18.296	0.57408	0.57412			6
2026.01.16	01:28:20.228	0.57409				2
2026.01.16	01:28:25.994	0.57408	0.57411			6
2026.01.16	01:28:26.299		0.57412			4
2026.01.16	01:28:27.601		0.57411			4
2026.01.16	01:28:28.251		0.57412			4
2026.01.16	01:28:29.204		0.57411			4
2026.01.16	01:28:30.160		0.57412			4
2026.01.16	01:28:31.813	0.57407	0.57411			6
2026.01.16	01:28:34.368	0.57408				2
2026.01.16	01:28:39.180	0.57409				2
2026.01.16	01:28:40.432	0.57408	0.57410			6
2026.01.16	01:28:41.036	0.57409	0.57411			6
2026.01.16	01:28:41.655	0.57408	0.57410			6
2026.01.16	01:28:42.288	0.57409	0.57411			6
2026.01.16	01:28:42.935	0.57408	0.57410			6
2026.01.16	01:28:43.558	0.57407	0.57409			6
2026.01.16	01:28:43.879	0.57408	0.57410			6
2026.01.16	01:28:48.549	0.57409				2
2026.01.16	01:28:50.104	0.57408				2
2026.01.16	01:28:50.409	0.57407	0.57411			6
2026.01.16	01:28:52.360	0.57408				2
2026.01.16	01:28:56.175	0.57407				2
2026.01.16	01:28:56.522	0.57408	0.57412			6
2026.01.16	01:28:57.172	0.57407	0.57411			6
2026.01.16	01:28:58.126	0.57408	0.57412			6
2026.01.16	01:28:58.776	0.57407	0.57411			6
2026.01.16	01:29:00.078	0.57407				2
2026.01.16	01:29:00.382	0.57408	0.57412			6
2026.01.16	01:29:05.898	0.57409	0.57413			6
2026.01.16	01:29:10.018	0.57410				2
2026.01.16	01:29:14.575	0.57409				2
2026.01.16	01:29:20.395		0.57412			4
2026.01.16	01:29:23.909	0.57410	0.57413			6
2026.01.16	01:29:24.256		0.57412			4
2026.01.16	01:29:27.070	0.57409	0.57411			6
2026.01.16	01:29:27.372	0.57410	0.57412			6
2026.01.16	01:29:27.689	0.57411	0.57413			6
2026.01.16	01:29:27.992	0.57412	0.57414			6
2026.01.16	01:29:28.293		0.57415			4
2026.01.16	01:29:29.575	0.57411				2
2026.01.16	01:29:32.439	0.57413	0.57417			6
2026.01.16	01:29:36.694		0.57416			4
2026.01.16	01:29:38.948	0.57412				2
2026.01.16	01:29:41.202	0.57413				2
2026.01.16	01:29:43.461	0.57416	0.57419			6
2026.01.16	01:29:43.763	0.57419	0.57422			6
2026.01.16	01:29:44.116	0.57420	0.57423			6
2026.01.16	01:29:44.417	0.57419				2
2026.01.16	01:29:45.417	0.57420	0.57424			6
2026.01.16	01:29:45.722	0.57421	0.57425			6
2026.01.16	01:29:57.352		0.57424			4
2026.01.16	01:29:58.307	0.57422	0.57425			6
2026.01.16	01:29:59.259	0.57421	0.57424			6
2026.01.16	01:30:00.215	0.57418	0.57421			6
2026.01.16	01:30:01.215		0.57422			4
2026.01.16	01:30:02.171		0.57421			4
2026.01.16	01:30:03.123	0.57417				2
2026.01.16	01:30:03.775	0.57414	0.57418			6
2026.01.16	01:30:04.077	0.57413	0.57417			6
2026.01.16	01:30:05.031	0.57412	0.57416			6
2026.01.16	01:30:06.031	0.57413	0.57417			6
2026.01.16	01:30:06.335	0.57412	0.57416			6
2026.01.16	01:30:08.292	0.57409	0.57413			6
2026.01.16	01:30:08.595	0.57408	0.57412			6
2026.01.16	01:30:09.852	0.57407	0.57411			6
2026.01.16	01:30:10.200	0.57408	0.57412			6
2026.01.16	01:30:15.319	0.57407	0.57411			6
2026.01.16	01:30:16.275	0.57408				2
2026.01.16	01:30:25.363	0.57409				2
2026.01.16	01:30:49.926	0.57411	0.57413			6
2026.01.16	01:30:51.179	0.57410				2
2026.01.16	01:30:52.817	0.57409				2
2026.01.16	01:30:53.120	0.57410				2
2026.01.16	01:31:00.195	0.57410				2
2026.01.16	01:31:02.756	0.57411	0.57414			6
2026.01.16	01:31:03.407	0.57410				2
2026.01.16	01:31:05.318	0.57411				2
2026.01.16	01:31:05.667		0.57413			4
2026.01.16	01:31:09.835	0.57410				2
2026.01.16	01:31:14.403	0.57411				2
2026.01.16	01:31:36.858	0.57412				2
2026.01.16	01:31:37.165	0.57411				2
2026.01.16	01:31:40.049		0.57414			4
2026.01.16	01:31:42.912		0.57413			4
2026.01.16	01:31:56.635	0.57412	0.57414			6
2026.01.16	01:32:00.055	0.57412				2
2026.01.16	01:32:01.909		0.57413			4
2026.01.16	01:32:02.240	0.57413	0.57414			6
2026.01.16	01:32:02.656	0.57422	0.57423			6
2026.01.16	01:32:02.960	0.57424	0.57425			6
2026.01.16	01:32:03.274	0.57420	0.57424			6
2026.01.16	01:32:03.580	0.57424	0.57425			6
2026.01.16	01:32:03.892	0.57420	0.57424			6
2026.01.16	01:32:04.195	0.57424	0.57425			6
2026.01.16	01:32:04.498	0.57420	0.57424			6
2026.01.16	01:32:04.802	0.57422				2
2026.01.16	01:32:05.146	0.57420	0.57421			6
2026.01.16	01:32:05.453	0.57421	0.57424			6
2026.01.16	01:32:05.761	0.57420				2
2026.01.16	01:32:08.015	0.57421	0.57425			6
2026.01.16	01:32:08.363	0.57420	0.57424			6
2026.01.16	01:32:15.098		0.57423			4
2026.01.16	01:32:19.867	0.57421	0.57424			6
2026.01.16	01:32:20.520	0.57422	0.57425			6
2026.01.16	01:32:21.171	0.57420	0.57423			6
2026.01.16	01:32:22.427	0.57419				2
2026.01.16	01:32:25.335	0.57420				2
2026.01.16	01:32:30.154	0.57421				2
2026.01.16	01:32:31.377	0.57420	0.57422			6
2026.01.16	01:32:57.248	0.57421				2
2026.01.16	01:33:00.032	0.57421				2
2026.01.16	01:33:00.336	0.57420				2
2026.01.16	01:33:00.663	0.57421				2
2026.01.16	01:33:01.917	0.57420				2
2026.01.16	01:33:02.220	0.57421				2
2026.01.16	01:33:05.003	0.57420				2
2026.01.16	01:33:12.506	0.57419	0.57421			6
2026.01.16	01:33:12.811	0.57418	0.57420			6
2026.01.16	01:33:13.130	0.57417	0.57421			6
2026.01.16	01:33:17.327		0.57420			4
2026.01.16	01:33:18.281	0.57418	0.57421			6
2026.01.16	01:33:18.585	0.57419	0.57422			6
2026.01.16	01:33:19.236	0.57418				2
2026.01.16	01:33:19.584	0.57419	0.57423			6
2026.01.16	01:33:20.190		0.57422			4
2026.01.16	01:33:25.356	0.57420				2
2026.01.16	01:33:39.325	0.57422	0.57424			6
2026.01.16	01:33:39.638	0.57425	0.57426			6
2026.01.16	01:33:39.958	0.57424				2
2026.01.16	01:33:40.263	0.57423	0.57427			6
2026.01.16	01:33:47.387		0.57426			4
2026.01.16	01:33:49.646	0.57424	0.57427			6
2026.01.16	01:33:52.207		0.57426			4
2026.01.16	01:33:59.732	0.57425	0.57427			6
2026.01.16	01:34:00.036	0.57425				2
2026.01.16	01:34:01.595	0.57428	0.57430			6
2026.01.16	01:34:02.202	0.57427	0.57431			6
2026.01.16	01:34:06.410		0.57430			4
2026.01.16	01:34:07.364	0.57422	0.57425			6
2026.01.16	01:34:08.017	0.57421	0.57424			6
2026.01.16	01:34:08.321		0.57425			4
2026.01.16	01:34:12.842	0.57423	0.57427			6
2026.01.16	01:34:14.099	0.57424	0.57428			6
2026.01.16	01:34:20.274		0.57427			4
2026.01.16	01:34:24.188	0.57425				2
2026.01.16	01:34:31.972	0.57426				2
2026.01.16	01:34:48.879	0.57425				2
2026.01.16	01:34:55.402	0.57427	0.57428			6
2026.01.16	01:34:55.723	0.57426				2
2026.01.16	01:34:56.975		0.57427			4
2026.01.16	01:34:57.912	0.57425				2
2026.01.16	01:35:00.089	0.57426				2
2026.01.16	01:35:10.422	0.57425				2
2026.01.16	01:35:21.391		0.57426			4
2026.01.16	01:35:23.266	0.57424				2
2026.01.16	01:35:23.596	0.57425				2
2026.01.16	01:35:23.915		0.57427			4
2026.01.16	01:35:24.248	0.57424	0.57426			6
2026.01.16	01:35:24.550	0.57425	0.57427			6
2026.01.16	01:35:47.683	0.57426	0.57428			6
2026.01.16	01:35:49.290	0.57425	0.57429			6
2026.01.16	01:35:53.156	0.57426				2
2026.01.16	01:36:00.271	0.57425	0.57428			6
2026.01.16	01:36:00.877	0.57426	0.57429			6
2026.01.16	01:36:02.176	0.57425	0.57428			6
2026.01.16	01:36:02.478	0.57426	0.57429			6
2026.01.16	01:36:03.430		0.57428			4
2026.01.16	01:36:04.378	0.57424	0.57426			6
2026.01.16	01:36:05.300	0.57423	0.57427			6
2026.01.16	01:36:07.584	0.57424	0.57428			6
2026.01.16	01:36:13.347		0.57427			4
2026.01.16	01:36:26.842	0.57425	0.57428			6
2026.01.16	01:36:27.146		0.57427			4
2026.01.16	01:36:40.639	0.57426	0.57428			6
2026.01.16	01:36:43.122	0.57425				2
2026.01.16	01:36:45.359	0.57424	0.57427			6
2026.01.16	01:36:46.313		0.57428			4
2026.01.16	01:36:47.267		0.57427			4
2026.01.16	01:36:57.961	0.57425	0.57428			6
2026.01.16	01:37:00.214	0.57425				2
2026.01.16	01:37:00.563	0.57424	0.57427			6
2026.01.16	01:37:01.167		0.57428			4
2026.01.16	01:37:04.423		0.57427			4
2026.01.16	01:37:11.149	0.57425				2
2026.01.16	01:37:13.007	0.57424	0.57426			6
2026.01.16	01:37:13.629	0.57425	0.57427			6
2026.01.16	01:37:20.155	0.57424				2
2026.01.16	01:37:21.090	0.57425				2
2026.01.16	01:37:22.360	0.57424				2
2026.01.16	01:37:23.999	0.57425	0.57428			6
2026.01.16	01:37:26.563	0.57424	0.57427			6
2026.01.16	01:37:27.212	0.57425	0.57429			6
2026.01.16	01:37:27.516	0.57426	0.57430			6
2026.01.16	01:37:28.513	0.57427	0.57431			6
2026.01.16	01:37:34.937	0.57426	0.57430			6
2026.01.16	01:37:36.545	0.57427	0.57431			6
2026.01.16	01:37:36.847	0.57425	0.57429			6
2026.01.16	01:37:40.410	0.57426	0.57430			6
2026.01.16	01:37:46.181		0.57429			4
2026.01.16	01:37:49.998	0.57428	0.57431			6
2026.01.16	01:37:50.319	0.57430	0.57432			6
2026.01.16	01:37:50.648	0.57431	0.57433			6
2026.01.16	01:37:51.270	0.57430	0.57434			6
2026.01.16	01:37:59.330	0.57431				2
2026.01.16	01:38:00.283	0.57431				2
2026.01.16	01:38:01.238	0.57430	0.57433			6
2026.01.16	01:38:07.356	0.57431				2
2026.01.16	01:38:20.407	0.57433	0.57434			6
2026.01.16	01:38:20.725	0.57432	0.57433			6
2026.01.16	01:38:21.029	0.57431				2
2026.01.16	01:38:21.331	0.57432	0.57434			6
2026.01.16	01:38:21.962	0.57431	0.57433			6
2026.01.16	01:38:22.280	0.57430				2
2026.01.16	01:38:26.128	0.57431				2
2026.01.16	01:38:31.416	0.57432	0.57434			6
2026.01.16	01:38:35.764	0.57431	0.57433			6
2026.01.16	01:38:43.238	0.57430	0.57432			6
2026.01.16	01:38:43.543	0.57431	0.57433			6
2026.01.16	01:38:46.350	0.57432				2
2026.01.16	01:38:48.208	0.57431	0.57432			6
2026.01.16	01:38:50.387	0.57430	0.57431			6
2026.01.16	01:38:51.339	0.57429	0.57432			6
2026.01.16	01:38:52.326	0.57430				2
2026.01.16	01:38:55.435	0.57429	0.57431			6
2026.01.16	01:38:56.359	0.57428	0.57432			6
2026.01.16	01:38:58.342		0.57431			4
2026.01.16	01:39:00.253	0.57428				2
2026.01.16	01:39:02.162	0.57429				2
2026.01.16	01:39:02.480	0.57426	0.57428			6
2026.01.16	01:39:03.087	0.57427	0.57429			6
2026.01.16	01:39:03.415	0.57426	0.57430			6
2026.01.16	01:39:07.982	0.57425	0.57429			6
2026.01.16	01:39:08.285	0.57426				2
2026.01.16	01:39:12.143		0.57428			4
2026.01.16	01:39:17.117	0.57427	0.57429			6
2026.01.16	01:39:22.089	0.57428	0.57430			6
2026.01.16	01:39:23.010	0.57427	0.57429			6
2026.01.16	01:39:26.453	0.57426	0.57428			6
2026.01.16	01:39:26.756	0.57425	0.57427			6
2026.01.16	01:39:27.378	0.57424				2
2026.01.16	01:39:29.618	0.57425	0.57428			6
2026.01.16	01:39:31.224		0.57427			4
2026.01.16	01:39:38.698	0.57426	0.57428			6
2026.01.16	01:39:39.002	0.57425	0.57427			6
2026.01.16	01:39:49.383	0.57426	0.57428			6
2026.01.16	01:39:50.944	0.57425	0.57427			6
2026.01.16	01:39:52.516	0.57426	0.57428			6
2026.01.16	01:39:55.630	0.57427	0.57429			6
2026.01.16	01:39:56.232	0.57426				2
2026.01.16	01:39:56.910	0.57427	0.57430			6
2026.01.16	01:39:58.167	0.57430	0.57433			6
2026.01.16	01:39:59.123		0.57434			4
2026.01.16	01:40:00.121	0.57430				2
2026.01.16	01:40:10.360	0.57431				2
2026.01.16	01:40:13.268		0.57433			4
2026.01.16	01:40:25.751	0.57432	0.57434			6
2026.01.16	01:40:26.386		0.57435			4
2026.01.16	01:40:29.291	0.57433				2
2026.01.16	01:40:34.281		0.57434			4
2026.01.16	01:40:50.194	0.57432				2
2026.01.16	01:41:00.108	0.57432				2
2026.01.16	01:41:00.761	0.57433				2
2026.01.16	01:41:01.385		0.57435			4
2026.01.16	01:41:03.974	0.57432	0.57434			6
2026.01.16	01:41:05.280	0.57431	0.57433			6
2026.01.16	01:41:06.280	0.57430	0.57434			6
2026.01.16	01:41:10.242	0.57431				2
2026.01.16	01:41:14.112		0.57435			4
2026.01.16	01:41:20.684	0.57430	0.57434			6
2026.01.16	01:41:28.168	0.57431				2
2026.01.16	01:41:31.385		0.57433			4
2026.01.16	01:41:40.444	0.57432	0.57434			6
2026.01.16	01:41:41.078	0.57433				2
2026.01.16	01:41:41.395	0.57432	0.57435			6
2026.01.16	01:41:45.248	0.57431				2
2026.01.16	01:41:49.114	0.57432				2
2026.01.16	01:41:51.422	0.57433				2
2026.01.16	01:41:56.393		0.57434			4
2026.01.16	01:42:00.127	0.57433				2
2026.01.16	01:42:04.170	0.57431	0.57433			6
2026.01.16	01:42:05.397	0.57430	0.57434			6
2026.01.16	01:42:10.194	0.57431				2
2026.01.16	01:42:13.405		0.57433			4
2026.01.16	01:42:18.720	0.57430	0.57431			6
2026.01.16	01:42:19.023	0.57429				2
2026.01.16	01:42:19.339	0.57430				2
2026.01.16	01:42:20.274	0.57428	0.57432			6
2026.01.16	01:42:20.578	0.57429	0.57433			6
2026.01.16	01:42:22.183	0.57430	0.57434			6
2026.01.16	01:42:22.530	0.57429	0.57433			6
2026.01.16	01:42:22.834	0.57431	0.57435			6
2026.01.16	01:42:30.212	0.57430	0.57434			6
2026.01.16	01:42:32.168	0.57431				2
2026.01.16	01:42:35.379		0.57433			4
2026.01.16	01:42:36.934	0.57432	0.57434			6
2026.01.16	01:42:38.159	0.57431				2
2026.01.16	01:42:40.398	0.57432				2
2026.01.16	01:42:41.321	0.57431				2
2026.01.16	01:42:42.258	0.57432				2
2026.01.16	01:42:47.244	0.57431	0.57433			6
2026.01.16	01:42:53.766	0.57432	0.57434			6
2026.01.16	01:42:55.322	0.57433				2
2026.01.16	01:42:55.625	0.57432				2
2026.01.16	01:42:56.261	0.57430	0.57432			6
2026.01.16	01:42:57.182		0.57433			4
2026.01.16	01:43:00.122	0.57430				2
2026.01.16	01:43:01.380	0.57429				2
2026.01.16	01:43:02.653		0.57432			4
2026.01.16	01:43:02.986		0.57433			4
2026.01.16	01:43:03.939	0.57424	0.57428			6
2026.01.16	01:43:05.693	0.57425	0.57429			6
2026.01.16	01:43:06.727	0.57426				2
2026.01.16	01:43:09.005		0.57430			4
2026.01.16	01:43:16.432		0.57429			4
2026.01.16	01:43:20.296		0.57428			4
2026.01.16	01:43:20.599	0.57427	0.57429			6
2026.01.16	01:44:00.099	0.57427				2
2026.01.16	01:44:00.417	0.57428				2
2026.01.16	01:44:01.351	0.57427				2
2026.01.16	01:44:12.244	0.57431	0.57433			6
2026.01.16	01:44:13.192	0.57430	0.57434			6
2026.01.16	01:44:13.495	0.57431	0.57435			6
2026.01.16	01:44:24.091	0.57432				2
2026.01.16	01:44:28.259	0.57435	0.57438			6
2026.01.16	01:44:28.908	0.57436	0.57439			6
2026.01.16	01:44:29.875		0.57440			4
2026.01.16	01:44:35.333	0.57437				2
2026.01.16	01:44:35.986	0.57438	0.57441			6
2026.01.16	01:44:36.290	0.57439	0.57442			6
2026.01.16	01:44:37.288		0.57443			4
2026.01.16	01:44:39.501	0.57440	0.57444			6
2026.01.16	01:44:40.501	0.57439	0.57443			6
2026.01.16	01:44:42.108	0.57441	0.57445			6
2026.01.16	01:44:42.411		0.57444			4
2026.01.16	01:44:43.063	0.57442	0.57445			6
2026.01.16	01:44:48.225		0.57444			4
2026.01.16	01:44:57.883	0.57444	0.57445			6
2026.01.16	01:44:58.212	0.57443	0.57444			6
2026.01.16	01:44:59.135	0.57442				2
2026.01.16	01:45:00.069	0.57442				2
2026.01.16	01:45:02.247	0.57443				2
2026.01.16	01:45:03.483	0.57441	0.57443			6
2026.01.16	01:45:04.135	0.57440				2
2026.01.16	01:45:05.090	0.57441				2
2026.01.16	01:45:16.298	0.57442	0.57444			6
2026.01.16	01:45:30.647	0.57444	0.57446			6
2026.01.16	01:45:30.951	0.57445	0.57447			6
2026.01.16	01:45:31.279	0.57444	0.57448			6
2026.01.16	01:45:32.536	0.57438	0.57442			6
2026.01.16	01:45:32.884	0.57439	0.57443			6
2026.01.16	01:45:33.188	0.57438	0.57442			6
2026.01.16	01:45:33.535	0.57439	0.57443			6
2026.01.16	01:45:34.145	0.57438	0.57442			6
2026.01.16	01:45:40.614	0.57439	0.57443			6
2026.01.16	01:45:44.436		0.57442			4
2026.01.16	01:45:48.295	0.57440				2
2026.01.16	01:45:55.168	0.57439	0.57441			6
2026.01.16	01:45:56.115		0.57440			4
2026.01.16	01:45:56.417		0.57441			4
2026.01.16	01:46:00.147	0.57439	0.57440			6
2026.01.16	01:46:00.752		0.57441			4
2026.01.16	01:46:03.239		0.57440			4
2026.01.16	01:46:04.187		0.57441			4
2026.01.16	01:46:05.110	0.57438	0.57440			6
2026.01.16	01:46:05.743	0.57437	0.57439			6
2026.01.16	01:46:06.046	0.57438				2
2026.01.16	01:46:06.363	0.57437				2
2026.01.16	01:46:06.968	0.57438	0.57440			6
2026.01.16	01:46:09.153		0.57441			4
2026.01.16	01:46:10.457	0.57437	0.57440			6
2026.01.16	01:46:11.762	0.57438	0.57441			6
2026.01.16	01:46:14.370		0.57440			4
2026.01.16	01:46:20.601	0.57437	0.57439			6
2026.01.16	01:46:21.222		0.57441			4
2026.01.16	01:46:23.766	0.57436	0.57440			6
2026.01.16	01:46:24.117	0.57435	0.57439			6
2026.01.16	01:46:26.328	0.57436				2
2026.01.16	01:46:29.234	0.57437				2
2026.01.16	01:46:34.199		0.57438			4
2026.01.16	01:46:34.818		0.57439			4
2026.01.16	01:46:40.721	0.57438				2
2026.01.16	01:46:41.343		0.57440			4
2026.01.16	01:46:42.897	0.57432	0.57434			6
2026.01.16	01:46:43.201	0.57431	0.57435			6
2026.01.16	01:46:47.999	0.57430	0.57434			6
2026.01.16	01:46:48.347	0.57431	0.57435			6
2026.01.16	01:46:49.302	0.57432	0.57436			6
2026.01.16	01:46:50.305	0.57433	0.57437			6
2026.01.16	01:46:54.169		0.57436			4
2026.01.16	01:46:55.775	0.57434	0.57437			6
2026.01.16	01:46:57.380		0.57436			4
2026.01.16	01:46:58.939	0.57435	0.57437			6
2026.01.16	01:47:00.193	0.57435	0.57436			6
2026.01.16	01:47:11.100		0.57437			4
2026.01.16	01:47:15.145	0.57436	0.57438			6
2026.01.16	01:47:15.465	0.57437	0.57439			6
2026.01.16	01:47:15.767		0.57438			4
2026.01.16	01:47:16.398	0.57436	0.57439			6
2026.01.16	01:47:19.260	0.57437				2
2026.01.16	01:47:24.243	0.57433	0.57435			6
2026.01.16	01:47:24.849		0.57434			4
2026.01.16	01:47:25.176	0.57432	0.57436			6
2026.01.16	01:47:28.386		0.57435			4
2026.01.16	01:47:29.997		0.57436			4
2026.01.16	01:47:31.254	0.57431	0.57435			6
2026.01.16	01:47:32.208	0.57432	0.57436			6
2026.01.16	01:47:32.556	0.57430	0.57434			6
2026.01.16	01:47:34.161	0.57431				2
2026.01.16	01:47:36.418		0.57433			4
2026.01.16	01:47:37.679	0.57432	0.57434			6
2026.01.16	01:47:38.602	0.57431	0.57433			6
2026.01.16	01:47:42.644	0.57432	0.57434			6
2026.01.16	01:47:42.964	0.57431	0.57433			6
2026.01.16	01:47:47.311	0.57432	0.57434			6
2026.01.16	01:47:48.238	0.57431	0.57433			6
2026.01.16	01:47:49.186	0.57432	0.57434			6
2026.01.16	01:47:49.488	0.57431	0.57433			6
2026.01.16	01:47:52.903	0.57432	0.57434			6
2026.01.16	01:47:53.232	0.57431	0.57433			6
2026.01.16	01:47:55.106	0.57433	0.57435			6
2026.01.16	01:47:55.411	0.57432	0.57434			6
2026.01.16	01:47:56.347		0.57433			4
2026.01.16	01:47:57.293		0.57434			4
2026.01.16	01:48:00.077	0.57432				2
2026.01.16	01:48:02.566	0.57431	0.57433			6
2026.01.16	01:48:04.124	0.57430	0.57434			6
2026.01.16	01:48:07.383	0.57431				2
2026.01.16	01:48:09.338		0.57433			4
2026.01.16	01:48:32.984	0.57432				2
2026.01.16	01:48:33.286	0.57431				2
2026.01.16	01:48:36.397	0.57430	0.57432			6
2026.01.16	01:48:37.338	0.57431	0.57433			6
2026.01.16	01:48:41.713	0.57432				2
2026.01.16	01:48:42.961	0.57431				2
2026.01.16	01:48:43.263	0.57429	0.57431			6
2026.01.16	01:48:44.267	0.57428	0.57432			6
2026.01.16	01:48:45.275		0.57431			4
2026.01.16	01:48:45.620		0.57432			4
2026.01.16	01:48:45.923	0.57427	0.57431			6
2026.01.16	01:48:46.304		0.57430			4
2026.01.16	01:48:48.234		0.57431			4
2026.01.16	01:48:48.626	0.57428	0.57432			6
2026.01.16	01:48:48.937	0.57429				2
2026.01.16	01:48:49.238		0.57433			4
2026.01.16	01:48:54.703	0.57433	0.57436			6
2026.01.16	01:48:55.008	0.57435	0.57439			6
2026.01.16	01:48:55.358		0.57438			4
2026.01.16	01:48:56.408		0.57439			4
2026.01.16	01:48:57.709	0.57436	0.57440			6
2026.01.16	01:48:58.360	0.57435	0.57439			6
2026.01.16	01:49:00.219	0.57435				2
2026.01.16	01:49:04.087	0.57438	0.57441			6
2026.01.16	01:49:06.299	0.57437				2
2026.01.16	01:49:06.999	0.57435	0.57439			6
2026.01.16	01:49:11.215		0.57438			4
2026.01.16	01:49:12.823	0.57436	0.57439			6
2026.01.16	01:49:15.383	0.57437				2
2026.01.16	01:49:21.288	0.57438				2
2026.01.16	01:49:24.431	0.57437	0.57438			6
2026.01.16	01:49:24.751	0.57436				2
2026.01.16	01:49:25.079	0.57437	0.57439			6
2026.01.16	01:49:27.258	0.57438				2
2026.01.16	01:49:27.891	0.57437				2
2026.01.16	01:49:28.195	0.57438				2
2026.01.16	01:49:29.450	0.57437				2
2026.01.16	01:49:29.772	0.57438				2
2026.01.16	01:49:30.076	0.57437	0.57438			6
2026.01.16	01:49:30.709	0.57436				2
2026.01.16	01:49:31.026	0.57437				2
2026.01.16	01:49:31.329	0.57436				2
2026.01.16	01:49:35.383	0.57437				2
2026.01.16	01:49:35.686	0.57436				2
2026.01.16	01:49:36.005	0.57437				2
2026.01.16	01:49:38.170	0.57436				2
2026.01.16	01:49:39.425	0.57437				2
2026.01.16	01:49:39.728	0.57436				2
2026.01.16	01:49:40.360	0.57437				2
2026.01.16	01:49:40.681	0.57432	0.57434			6
2026.01.16	01:49:40.983	0.57431	0.57433			6
2026.01.16	01:49:41.287	0.57432				2
2026.01.16	01:49:42.239	0.57430	0.57434			6
2026.01.16	01:49:46.453	0.57431				2
2026.01.16	01:49:47.092		0.57435			4
2026.01.16	01:49:50.877	0.57432				2
2026.01.16	01:49:51.202		0.57434			4
2026.01.16	01:49:51.507	0.57431				2
2026.01.16	01:49:51.810	0.57432	0.57435			6
2026.01.16	01:49:56.378		0.57434			4
2026.01.16	01:50:00.118	0.57432				2
2026.01.16	01:50:02.004	0.57433				2
2026.01.16	01:50:02.928	0.57432				2
2026.01.16	01:50:03.559	0.57433				2
2026.01.16	01:50:04.181	0.57432				2
2026.01.16	01:50:04.486	0.57434	0.57435			6
2026.01.16	01:50:06.349	0.57436	0.57437			6
2026.01.16	01:50:06.677	0.57435	0.57436			6
2026.01.16	01:50:06.980	0.57436	0.57437			6
2026.01.16	01:50:07.299	0.57434	0.57436			6
2026.01.16	01:50:07.825	0.57436	0.57437			6
2026.01.16	01:50:08.136	0.57434	0.57436			6
2026.01.16	01:50:08.481	0.57436	0.57437			6
2026.01.16	01:50:08.787	0.57434	0.57436			6
2026.01.16	01:50:09.092	0.57436	0.57437			6
2026.01.16	01:50:09.396	0.57434	0.57436			6
2026.01.16	01:50:09.796	0.57436	0.57437			6
2026.01.16	01:50:10.098	0.57434	0.57435			6
2026.01.16	01:50:10.417	0.57435	0.57436			6
2026.01.16	01:50:11.053	0.57434				2
2026.01.16	01:50:12.928	0.57435	0.57437			6
2026.01.16	01:50:14.190	0.57434	0.57438			6
2026.01.16	01:50:18.185		0.57437			4
2026.01.16	01:50:20.142	0.57435				2
2026.01.16	01:50:24.485	0.57436				2
2026.01.16	01:50:25.091	0.57435				2
2026.01.16	01:50:26.044	0.57436				2
2026.01.16	01:50:26.676	0.57435				2
2026.01.16	01:50:45.131	0.57434	0.57436			6
2026.01.16	01:50:45.434	0.57435	0.57437			6
2026.01.16	01:50:45.737	0.57436				2
2026.01.16	01:50:46.064	0.57435				2
2026.01.16	01:51:00.078	0.57435				2
2026.01.16	01:51:00.396		0.57436			4
2026.01.16	01:51:00.698		0.57437			4
2026.01.16	01:51:36.369	0.57434				2
2026.01.16	01:51:41.194	0.57435				2
2026.01.16	01:51:49.271		0.57438			4
2026.01.16	01:51:56.693	0.57434	0.57437			6
2026.01.16	01:52:00.252	0.57435	0.57438			6
2026.01.16	01:52:04.518	0.57434	0.57437			6
2026.01.16	01:52:14.874	0.57433	0.57436			6
2026.01.16	01:52:15.528	0.57432	0.57435			6
2026.01.16	01:52:15.876	0.57433	0.57436			6
2026.01.16	01:52:16.178		0.57437			4
2026.01.16	01:52:18.435		0.57436			4
2026.01.16	01:52:19.434	0.57429	0.57432			6
2026.01.16	01:52:20.389		0.57433			4
2026.01.16	01:52:22.998	0.57428	0.57432			6
2026.01.16	01:52:23.951	0.57429	0.57433			6
2026.01.16	01:52:24.255	0.57428	0.57432			6
2026.01.16	01:52:25.861	0.57429	0.57433			6
2026.01.16	01:52:26.864	0.57428	0.57432			6
2026.01.16	01:52:27.214	0.57429	0.57433			6
2026.01.16	01:52:31.432	0.57430				2
2026.01.16	01:52:39.214		0.57432			4
2026.01.16	01:52:40.137	0.57431	0.57433			6
2026.01.16	01:52:41.072	0.57430	0.57432			6
2026.01.16	01:52:50.378	0.57429	0.57431			6
2026.01.16	01:52:50.706	0.57432	0.57434			6
2026.01.16	01:52:51.010	0.57431	0.57433			6
2026.01.16	01:52:51.327	0.57430	0.57434			6
2026.01.16	01:52:52.010	0.57431	0.57435			6
2026.01.16	01:52:56.274		0.57434			4
2026.01.16	01:53:00.140	0.57431				2
2026.01.16	01:53:04.306	0.57432				2
2026.01.16	01:53:05.864	0.57433	0.57435			6
2026.01.16	01:53:06.166	0.57432	0.57434			6
2026.01.16	01:53:07.136	0.57433	0.57435			6
2026.01.16	01:53:07.741	0.57432	0.57434			6
2026.01.16	01:53:21.769	0.57431	0.57433			6
2026.01.16	01:53:22.073	0.57432	0.57434			6
2026.01.16	01:53:30.463		0.57433			4
2026.01.16	01:53:31.108		0.57434			4
2026.01.16	01:53:31.729		0.57433			4
2026.01.16	01:53:32.668	0.57431				2
2026.01.16	01:53:40.447	0.57432	0.57434			6
2026.01.16	01:53:42.306	0.57431				2
2026.01.16	01:53:45.216	0.57432				2
2026.01.16	01:53:49.582	0.57430	0.57432			6
2026.01.16	01:53:49.900	0.57429	0.57431			6
2026.01.16	01:53:50.204	0.57427				2
2026.01.16	01:53:52.843	0.57428	0.57432			6
2026.01.16	01:53:55.101	0.57427	0.57431			6
2026.01.16	01:53:55.754	0.57428	0.57432			6
2026.01.16	01:54:00.268	0.57428				2
2026.01.16	01:54:01.223		0.57431			4
2026.01.16	01:54:06.393	0.57429				2
2026.01.16	01:54:11.408	0.57430	0.57432			6
2026.01.16	01:54:12.334	0.57429	0.57433			6
2026.01.16	01:54:17.372		0.57432			4
2026.01.16	01:54:18.329	0.57430	0.57433			6
2026.01.16	01:54:18.678	0.57429	0.57432			6
2026.01.16	01:54:20.895	0.57430	0.57433			6
2026.01.16	01:54:21.242	0.57429	0.57432			6
2026.01.16	01:54:23.155	0.57430	0.57433			6
2026.01.16	01:54:24.807	0.57429	0.57432			6
2026.01.16	01:54:25.157		0.57433			4
2026.01.16	01:54:28.370	0.57430				2
2026.01.16	01:54:32.242		0.57432			4
2026.01.16	01:54:40.031	0.57431	0.57433			6
2026.01.16	01:54:41.282	0.57430	0.57432			6
2026.01.16	01:54:49.685	0.57431	0.57433			6
2026.01.16	01:54:50.013	0.57428	0.57430			6
2026.01.16	01:54:50.316	0.57427	0.57431			6
2026.01.16	01:54:53.228		0.57430			4
2026.01.16	01:54:54.788	0.57428	0.57431			6
2026.01.16	01:54:56.486	0.57425	0.57428			6
2026.01.16	01:54:56.790	0.57424	0.57427			6
2026.01.16	01:54:58.140		0.57428			4
2026.01.16	01:54:59.401	0.57423	0.57427			6
2026.01.16	01:55:00.053	0.57423				2
2026.01.16	01:55:00.703	0.57424	0.57428			6
2026.01.16	01:55:01.659		0.57427			4
2026.01.16	01:55:01.962	0.57423				2
2026.01.16	01:55:03.669	0.57424				2
2026.01.16	01:55:04.323	0.57423				2
2026.01.16	01:55:04.951	0.57424	0.57428			6
2026.01.16	01:55:07.277		0.57427			4
2026.01.16	01:55:11.189	0.57425				2
2026.01.16	01:55:16.206		0.57426			4
2026.01.16	01:55:16.508		0.57427			4
2026.01.16	01:55:17.457		0.57426			4
2026.01.16	01:55:18.078		0.57427			4
2026.01.16	01:55:28.047	0.57426				2
2026.01.16	01:55:28.351	0.57425				2
2026.01.16	01:55:29.002	0.57426				2
2026.01.16	01:55:30.859	0.57425				2
2026.01.16	01:55:31.808	0.57426				2
2026.01.16	01:55:32.416	0.57425				2
2026.01.16	01:55:32.732	0.57426				2
2026.01.16	01:55:34.919	0.57425				2
2026.01.16	01:55:40.847	0.57426				2
2026.01.16	01:55:41.469	0.57425				2
2026.01.16	01:55:42.405	0.57426				2
2026.01.16	01:55:42.709	0.57425				2
2026.01.16	01:55:45.518	0.57426				2
2026.01.16	01:55:45.822	0.57425				2
2026.01.16	01:55:54.526	0.57426	0.57428			6
2026.01.16	01:55:54.829	0.57427	0.57429			6
2026.01.16	01:55:55.777	0.57428				2
2026.01.16	01:55:56.082	0.57427				2
2026.01.16	01:55:56.385	0.57426	0.57430			6
2026.01.16	01:55:57.016	0.57427	0.57431			6
2026.01.16	01:56:00.229	0.57427				2
2026.01.16	01:56:01.884	0.57426	0.57430			6
2026.01.16	01:56:02.233	0.57427				2
2026.01.16	01:56:06.100	0.57428				2
2026.01.16	01:56:07.351	0.57427	0.57429			6
2026.01.16	01:56:08.578	0.57428	0.57430			6
2026.01.16	01:56:09.210	0.57427				2
2026.01.16	01:56:10.163		0.57431			4
2026.01.16	01:56:10.511	0.57426	0.57430			6
2026.01.16	01:56:14.026	0.57427	0.57431			6
2026.01.16	01:56:15.634	0.57426	0.57430			6
2026.01.16	01:56:16.285	0.57427				2
2026.01.16	01:56:17.588	0.57428	0.57431			6
2026.01.16	01:56:17.891	0.57427	0.57430			6
2026.01.16	01:56:19.149		0.57429			4
2026.01.16	01:56:19.466	0.57428	0.57430			6
2026.01.16	01:56:19.769	0.57427	0.57429			6
2026.01.16	01:56:20.400	0.57428	0.57430			6
2026.01.16	01:56:20.718	0.57427	0.57429			6
2026.01.16	01:56:24.434	0.57428				2
2026.01.16	01:56:25.368	0.57427				2
2026.01.16	01:56:27.848	0.57428				2
2026.01.16	01:56:28.780	0.57427				2
2026.01.16	01:56:29.099	0.57428				2
2026.01.16	01:56:29.731	0.57427				2
2026.01.16	01:56:31.287	0.57428				2
2026.01.16	01:56:31.589	0.57427				2
2026.01.16	01:56:31.895	0.57428				2
2026.01.16	01:56:32.844	0.57427				2
2026.01.16	01:56:33.453	0.57430	0.57432			6
2026.01.16	01:56:34.374	0.57429	0.57433			6
2026.01.16	01:56:36.311	0.57427	0.57431			6
2026.01.16	01:56:43.433	0.57426	0.57429			6
2026.01.16	01:56:43.737	0.57427	0.57430			6
2026.01.16	01:56:47.298		0.57429			4
2026.01.16	01:56:53.220	0.57428				2
2026.01.16	01:56:53.525	0.57427				2
2026.01.16	01:57:00.071	0.57427				2
2026.01.16	01:57:01.326	0.57428				2
2026.01.16	01:57:02.260	0.57427				2
2026.01.16	01:57:02.580	0.57428				2
2026.01.16	01:57:04.136	0.57427				2
2026.01.16	01:57:05.088	0.57428				2
2026.01.16	01:57:06.642		0.57430			4
2026.01.16	01:57:06.943		0.57429			4
2026.01.16	01:57:08.197	0.57427	0.57431			6
2026.01.16	01:57:09.180		0.57430			4
2026.01.16	01:57:12.395	0.57428				2
2026.01.16	01:57:15.178	0.57427	0.57429			6
2026.01.16	01:57:15.505	0.57428	0.57430			6
2026.01.16	01:57:17.664	0.57429				2
2026.01.16	01:57:17.981	0.57428				2
2026.01.16	01:57:18.915	0.57429	0.57431			6
2026.01.16	01:57:19.536	0.57428	0.57430			6
2026.01.16	01:57:22.646	0.57429	0.57431			6
2026.01.16	01:57:23.581	0.57428	0.57430			6
2026.01.16	01:57:30.418		0.57431			4
2026.01.16	01:57:33.377	0.57429				2
2026.01.16	01:57:33.997	0.57428	0.57430			6
2026.01.16	01:57:34.631	0.57429	0.57431			6
2026.01.16	01:57:35.237	0.57428	0.57430			6
2026.01.16	01:57:37.720	0.57429	0.57431			6
2026.01.16	01:57:39.275	0.57427	0.57430			6
2026.01.16	01:57:43.122	0.57428				2
2026.01.16	01:57:45.346		0.57431			4
2026.01.16	01:57:46.330	0.57427				2
2026.01.16	01:57:47.283	0.57428				2
2026.01.16	01:57:48.282	0.57427				2
2026.01.16	01:57:49.236	0.57428				2
2026.01.16	01:57:52.102	0.57427	0.57430			6
2026.01.16	01:57:57.267	0.57428				2
2026.01.16	01:58:00.080	0.57428				2
2026.01.16	01:58:08.162	0.57427				2
2026.01.16	01:58:11.372	0.57428				2
2026.01.16	01:58:34.406	0.57427				2
2026.01.16	01:58:42.136	0.57428				2
2026.01.16	01:58:52.378		0.57430			4
2026.01.16	01:58:56.162	0.57427				2
2026.01.16	01:58:59.359	0.57428	0.57431			6
2026.01.16	01:59:00.011	0.57427	0.57430			6
2026.01.16	01:59:01.266		0.57431			4
2026.01.16	01:59:03.202		0.57430			4
2026.01.16	01:59:04.179	0.57432	0.57435			6
2026.01.16	01:59:04.525	0.57433	0.57436			6
2026.01.16	01:59:04.874	0.57435	0.57438			6
2026.01.16	01:59:05.178		0.57439			4
2026.01.16	01:59:05.528	0.57436	0.57440			6
2026.01.16	01:59:10.657	0.57437				2
2026.01.16	01:59:18.745	0.57435	0.57438			6
2026.01.16	01:59:19.396		0.57439			4
2026.01.16	01:59:20.353	0.57434	0.57438			6
2026.01.16	01:59:23.267		0.57437			4
2026.01.16	01:59:23.919	0.57435	0.57438			6
2026.01.16	01:59:28.794	0.57434	0.57437			6
2026.01.16	01:59:37.188	0.57435	0.57438			6
2026.01.16	01:59:38.144	0.57434	0.57437			6
2026.01.16	01:59:49.192		0.57436			4
2026.01.16	01:59:52.660	0.57435	0.57437			6
2026.01.16	01:59:54.834	0.57434	0.57436			6
2026.01.16	01:59:55.165	0.57433				2
2026.01.16	01:59:57.679	0.57432	0.57435			6
2026.01.16	02:00:00.291	0.57432				2
2026.01.16	02:00:03.502	0.57433				2
2026.01.16	02:00:04.153	0.57432				2
2026.01.16	02:00:04.456	0.57433				2
2026.01.16	02:00:07.365		0.57436			4
2026.01.16	02:00:08.939	0.57439	0.57442			6
2026.01.16	02:00:09.258	0.57440	0.57443			6
2026.01.16	02:00:12.484	0.57439				2
2026.01.16	02:00:12.787		0.57442			4
2026.01.16	02:00:13.136	0.57438	0.57441			6
2026.01.16	02:00:13.438	0.57437				2
2026.01.16	02:00:15.363	0.57439	0.57443			6
2026.01.16	02:00:16.003	0.57440	0.57444			6
2026.01.16	02:00:16.338	0.57439	0.57443			6
2026.01.16	02:00:17.308	0.57440	0.57444			6
2026.01.16	02:00:18.004		0.57443			4
2026.01.16	02:00:23.124	0.57441				2
2026.01.16	02:00:23.779		0.57444			4
2026.01.16	02:00:24.125	0.57442				2
2026.01.16	02:00:25.054		0.57445			4
2026.01.16	02:00:26.338		0.57443			4
2026.01.16	02:00:26.686	0.57443	0.57445			6
2026.01.16	02:00:27.198	0.57441	0.57443			6
2026.01.16	02:00:27.539	0.57443	0.57444			6
2026.01.16	02:00:27.842	0.57441	0.57443			6
2026.01.16	02:00:28.190	0.57443	0.57444			6
2026.01.16	02:00:28.493	0.57442	0.57443			6
2026.01.16	02:00:28.796	0.57443	0.57444			6
2026.01.16	02:00:29.214	0.57442	0.57443			6
2026.01.16	02:00:29.549	0.57443	0.57444			6
2026.01.16	02:00:29.949	0.57442	0.57443			6
2026.01.16	02:00:30.252	0.57443	0.57444			6
2026.01.16	02:00:30.617	0.57441				2
2026.01.16	02:00:30.954	0.57442	0.57445			6
2026.01.16	02:00:31.257		0.57444			4
2026.01.16	02:00:35.923	0.57443	0.57445			6
2026.01.16	02:00:36.239	0.57442				2
2026.01.16	02:00:37.878	0.57443	0.57446			6
2026.01.16	02:00:38.182	0.57442				2
2026.01.16	02:00:38.484	0.57443				2
2026.01.16	02:00:43.952	0.57445	0.57448			6
2026.01.16	02:00:44.259	0.57447	0.57450			6
2026.01.16	02:00:45.256		0.57451			4
2026.01.16	02:00:50.377		0.57450			4
2026.01.16	02:00:51.331	0.57449	0.57452			6
2026.01.16	02:00:53.286	0.57448	0.57451			6
2026.01.16	02:00:54.243	0.57449	0.57452			6
2026.01.16	02:00:55.545	0.57448	0.57451			6
2026.01.16	02:00:55.850	0.57449	0.57452			6
2026.01.16	02:00:57.457	0.57448	0.57451			6
2026.01.16	02:01:00.015	0.57448				2
2026.01.16	02:01:00.668	0.57447	0.57450			6
2026.01.16	02:01:02.274	0.57448				2
2026.01.16	02:01:07.245	0.57449	0.57451			6
2026.01.16	02:01:07.562	0.57448	0.57450			6
2026.01.16	02:01:08.167	0.57447				2
2026.01.16	02:01:08.497	0.57448	0.57451			6
2026.01.16	02:01:13.362	0.57449				2
2026.01.16	02:01:16.146	0.57452	0.57454			6
2026.01.16	02:01:16.475	0.57453	0.57455			6
2026.01.16	02:01:17.400	0.57452	0.57456			6
2026.01.16	02:01:23.862	0.57453				2
2026.01.16	02:01:27.377	0.57454				2
2026.01.16	02:01:28.681		0.57457			4
2026.01.16	02:01:28.985	0.57455	0.57458			6
2026.01.16	02:01:30.287		0.57457			4
2026.01.16	02:01:30.908	0.57456	0.57458			6
2026.01.16	02:01:32.146	0.57455	0.57457			6
2026.01.16	02:01:35.880	0.57457	0.57459			6
2026.01.16	02:01:36.187	0.57456				2
2026.01.16	02:01:36.511	0.57457	0.57460			6
2026.01.16	02:01:36.814	0.57456	0.57459			6
2026.01.16	02:01:39.377	0.57458	0.57461			6
2026.01.16	02:01:39.724	0.57459				2
2026.01.16	02:01:40.027	0.57458				2
2026.01.16	02:01:43.239	0.57459				2
2026.01.16	02:01:45.112	0.57457				2
2026.01.16	02:01:47.406		0.57460			4
2026.01.16	02:01:50.315	0.57458				2
2026.01.16	02:01:50.619	0.57457	0.57459			6
2026.01.16	02:01:51.270		0.57460			4
2026.01.16	02:01:51.923	0.57456	0.57459			6
2026.01.16	02:01:54.180	0.57457				2
2026.01.16	02:01:54.789	0.57452	0.57454			6
2026.01.16	02:01:55.110	0.57451	0.57455			6
2026.01.16	02:01:56.441	0.57452				2
2026.01.16	02:02:00.261	0.57452				2
2026.01.16	02:02:06.383	0.57453				2
2026.01.16	02:02:07.308	0.57452				2
2026.01.16	02:02:08.292	0.57453				2
2026.01.16	02:02:08.912	0.57452	0.57454			6
2026.01.16	02:02:12.027	0.57453	0.57455			6
2026.01.16	02:02:15.442	0.57454	0.57456			6
2026.01.16	02:02:15.768	0.57453	0.57455			6
2026.01.16	02:02:16.374	0.57454				2
2026.01.16	02:02:18.855	0.57453				2
2026.01.16	02:02:19.182	0.57454				2
2026.01.16	02:02:21.967	0.57453				2
2026.01.16	02:02:23.823	0.57454				2
2026.01.16	02:02:25.405		0.57456			4
2026.01.16	02:02:25.708	0.57453	0.57455			6
2026.01.16	02:02:26.632	0.57457	0.57459			6
2026.01.16	02:02:27.263		0.57460			4
2026.01.16	02:02:28.217	0.57456	0.57459			6
2026.01.16	02:02:29.520	0.57455				2
2026.01.16	02:02:29.855	0.57454	0.57458			6
2026.01.16	02:02:33.686	0.57455	0.57459			6
2026.01.16	02:02:33.990	0.57454	0.57458			6
2026.01.16	02:02:36.248	0.57453	0.57457			6
2026.01.16	02:02:36.552	0.57454	0.57458			6
2026.01.16	02:02:36.899	0.57453	0.57457			6
2026.01.16	02:02:37.202	0.57454	0.57458			6
2026.01.16	02:02:38.506	0.57453	0.57455			6
2026.01.16	02:02:38.810	0.57452	0.57456			6
2026.01.16	02:02:39.156		0.57455			4
2026.01.16	02:02:40.416		0.57456			4
2026.01.16	02:02:40.764		0.57455			4
2026.01.16	02:02:43.975	0.57453				2
2026.01.16	02:02:45.579	0.57452				2
2026.01.16	02:02:46.187	0.57453				2
2026.01.16	02:02:47.742	0.57454				2
2026.01.16	02:02:48.058	0.57453				2
2026.01.16	02:02:49.296	0.57451	0.57453			6
2026.01.16	02:02:49.916	0.57452	0.57454			6
2026.01.16	02:02:51.171		0.57455			4
2026.01.16	02:02:53.411		0.57453			4
2026.01.16	02:02:53.727		0.57454			4
2026.01.16	02:02:54.030	0.57453	0.57455			6
2026.01.16	02:02:58.698	0.57452	0.57454			6
2026.01.16	02:03:00.254	0.57452				2
2026.01.16	02:03:00.887	0.57453	0.57455			6
2026.01.16	02:03:01.190		0.57454			4
2026.01.16	02:03:02.112		0.57455			4
2026.01.16	02:03:04.299		0.57454			4
2026.01.16	02:03:04.602	0.57452				2
2026.01.16	02:03:13.934	0.57453	0.57455			6
2026.01.16	02:03:14.556	0.57454				2
2026.01.16	02:03:20.476	0.57453				2
2026.01.16	02:03:25.795	0.57454				2
2026.01.16	02:03:26.428	0.57453	0.57454			6
2026.01.16	02:03:28.285	0.57451	0.57455			6
2026.01.16	02:03:30.594	0.57452	0.57456			6
2026.01.16	02:03:32.202	0.57451	0.57455			6
2026.01.16	02:03:32.553	0.57452	0.57456			6
2026.01.16	02:03:33.204		0.57455			4
2026.01.16	02:03:36.160	0.57453				2
2026.01.16	02:03:36.767	0.57452	0.57454			6
2026.01.16	02:03:38.322	0.57451	0.57455			6
2026.01.16	02:03:40.428		0.57454			4
2026.01.16	02:03:43.337	0.57452				2
