<DATE>	<TIME>	<BID>	<ASK>	<LAST>	<VOLUME>	<FLAGS>
2026.01.30	00:03:30.789	0.60720	0.60776			6
2026.01.30	00:03:31.088	0.60674	0.60777			6
2026.01.30	00:03:31.416	0.60673	0.60776			6
2026.01.30	00:03:31.718	0.60679	0.60777			6
2026.01.30	00:03:32.327		0.60776			4
2026.01.30	00:03:32.646	0.60674	0.60777			6
2026.01.30	00:03:32.971	0.60673	0.60776			6
2026.01.30	00:03:33.274	0.60679	0.60777			6
2026.01.30	00:03:33.576	0.60673				2
2026.01.30	00:03:33.879	0.60680	0.60776			6
2026.01.30	00:03:34.199		0.60777			4
2026.01.30	00:03:34.517	0.60673	0.60776			6
2026.01.30	00:03:34.829	0.60674	0.60777			6
2026.01.30	00:03:35.131	0.60680	0.60776			6
2026.01.30	00:03:35.434	0.60674				2
2026.01.30	00:03:35.748		0.60777			4
2026.01.30	00:03:36.066	0.60679	0.60776			6
2026.01.30	00:03:36.382	0.60680	0.60777			6
2026.01.30	00:03:36.685	0.60674	0.60776			6
2026.01.30	00:03:37.292		0.60777			4
2026.01.30	00:03:37.611	0.60673	0.60776			6
2026.01.30	00:03:37.931	0.60680	0.60777			6
2026.01.30	00:03:38.541	0.60679				2
2026.01.30	00:03:39.542	0.60687				2
2026.01.30	00:03:45.617	0.60686				2
2026.01.30	00:03:49.782	0.60687				2
2026.01.30	00:04:00.120	0.60711	0.60779			6
2026.01.30	00:04:01.072	0.60715				2
2026.01.30	00:04:10.706		0.60787			4
2026.01.30	00:05:00.253	0.60715				2
2026.01.30	00:05:00.604	0.60717	0.60794			6
2026.01.30	00:05:00.952	0.60716				2
2026.01.30	00:05:01.565	0.60718				2
2026.01.30	00:05:01.891	0.60716				2
2026.01.30	00:05:03.810	0.60719				2
2026.01.30	00:05:04.116	0.60716				2
2026.01.30	00:05:05.070	0.60715				2
2026.01.30	00:05:06.023	0.60717				2
2026.01.30	00:05:06.326	0.60715				2
2026.01.30	00:05:08.278	0.60716				2
2026.01.30	00:05:09.581	0.60718				2
2026.01.30	00:05:10.837	0.60715	0.60793			6
2026.01.30	00:06:00.202	0.60715				2
2026.01.30	00:06:10.837		0.60793			4
2026.01.30	00:06:12.791	0.60716	0.60794			6
2026.01.30	00:06:37.886		0.60792			4
2026.01.30	00:06:38.192	0.60715				2
2026.01.30	00:07:00.025	0.60715				2
2026.01.30	00:07:01.326	0.60689	0.60774			6
2026.01.30	00:07:18.987	0.60687	0.60771			6
2026.01.30	00:07:35.089	0.60686	0.60770			6
2026.01.30	00:07:38.300	0.60687	0.60771			6
2026.01.30	00:08:00.228	0.60687				2
2026.01.30	00:08:38.520		0.60771			4
2026.01.30	00:08:55.986	0.60685	0.60764			6
2026.01.30	00:08:57.646	0.60686	0.60765			6
2026.01.30	00:09:00.201	0.60686				2
2026.01.30	00:09:01.155	0.60695	0.60769			6
2026.01.30	00:09:59.409	0.60688	0.60772			6
2026.01.30	00:09:59.713	0.60687	0.60771			6
2026.01.30	00:10:00.061	0.60687				2
2026.01.30	00:10:00.363	0.60688				2
2026.01.30	00:10:00.670	0.60695	0.60775			6
2026.01.30	00:10:01.014	0.60687	0.60771			6
2026.01.30	00:10:01.664	0.60695	0.60776			6
2026.01.30	00:10:01.970	0.60687	0.60771			6
2026.01.30	00:10:02.620	0.60688				2
2026.01.30	00:10:02.922	0.60687				2
2026.01.30	00:10:03.877	0.60695	0.60775			6
2026.01.30	00:10:04.224	0.60687	0.60771			6
2026.01.30	00:10:05.179	0.60688	0.60772			6
2026.01.30	00:10:05.482	0.60687	0.60771			6
2026.01.30	00:10:06.131	0.60688				2
2026.01.30	00:10:06.445	0.60687				2
2026.01.30	00:10:07.435	0.60688	0.60772			6
2026.01.30	00:10:07.786	0.60687	0.60771			6
2026.01.30	00:10:08.442	0.60697	0.60777			6
2026.01.30	00:10:08.786	0.60687	0.60771			6
2026.01.30	00:10:09.741	0.60695	0.60775			6
2026.01.30	00:10:10.045	0.60687	0.60771			6
2026.01.30	00:10:10.998	0.60689	0.60773			6
2026.01.30	00:10:11.350	0.60687	0.60771			6
2026.01.30	00:10:12.004	0.60695	0.60775			6
2026.01.30	00:10:12.351	0.60687	0.60771			6
2026.01.30	00:10:15.614	0.60696	0.60775			6
2026.01.30	00:10:15.965	0.60695	0.60774			6
2026.01.30	00:11:00.079	0.60695				2
2026.01.30	00:11:01.081	0.60697	0.60777			6
2026.01.30	00:11:01.384	0.60686	0.60771			6
2026.01.30	00:11:02.340	0.60688	0.60772			6
2026.01.30	00:11:02.687	0.60687	0.60771			6
2026.01.30	00:11:03.292	0.60695	0.60775			6
2026.01.30	00:11:03.641	0.60687	0.60771			6
2026.01.30	00:11:04.597	0.60694	0.60774			6
2026.01.30	00:11:04.898	0.60687	0.60771			6
2026.01.30	00:11:06.853	0.60696	0.60776			6
2026.01.30	00:11:07.157	0.60687	0.60771			6
2026.01.30	00:11:09.066	0.60695	0.60775			6
2026.01.30	00:11:09.410	0.60687	0.60771			6
2026.01.30	00:11:10.370	0.60695	0.60775			6
2026.01.30	00:11:10.717	0.60687	0.60771			6
2026.01.30	00:11:11.414	0.60694	0.60774			6
2026.01.30	00:11:11.717	0.60689	0.60773			6
2026.01.30	00:11:12.020	0.60687	0.60771			6
2026.01.30	00:11:12.672	0.60695	0.60775			6
2026.01.30	00:11:13.022	0.60687	0.60771			6
2026.01.30	00:11:14.930	0.60695	0.60775			6
2026.01.30	00:11:15.234	0.60687	0.60771			6
2026.01.30	00:11:17.141	0.60696	0.60776			6
2026.01.30	00:11:17.489	0.60687	0.60771			6
2026.01.30	00:11:18.445	0.60688	0.60772			6
2026.01.30	00:11:18.791	0.60687	0.60771			6
2026.01.30	00:11:19.399	0.60694	0.60774			6
2026.01.30	00:11:19.746	0.60688	0.60772			6
2026.01.30	00:11:20.052	0.60687	0.60771			6
2026.01.30	00:11:20.705	0.60693	0.60776			6
2026.01.30	00:11:21.054	0.60687	0.60771			6
2026.01.30	00:11:22.960	0.60695	0.60775			6
2026.01.30	00:11:23.312	0.60687	0.60771			6
2026.01.30	00:11:25.265	0.60696	0.60776			6
2026.01.30	00:11:25.571	0.60687	0.60771			6
2026.01.30	00:11:27.523	0.60696	0.60776			6
2026.01.30	00:11:27.824	0.60687	0.60771			6
2026.01.30	00:11:28.780	0.60688	0.60772			6
2026.01.30	00:11:29.130	0.60687	0.60771			6
2026.01.30	00:11:29.737	0.60688				2
2026.01.30	00:11:30.072	0.60687				2
2026.01.30	00:11:31.040	0.60694	0.60774			6
2026.01.30	00:11:31.346	0.60687	0.60771			6
2026.01.30	00:11:33.296	0.60696	0.60777			6
2026.01.30	00:11:33.602	0.60687	0.60771			6
2026.01.30	00:11:35.554	0.60694	0.60774			6
2026.01.30	00:11:35.857	0.60687	0.60771			6
2026.01.30	00:11:36.815	0.60694	0.60774			6
2026.01.30	00:11:37.159	0.60687	0.60771			6
2026.01.30	00:11:37.766	0.60688				2
2026.01.30	00:11:38.071	0.60687				2
2026.01.30	00:11:39.068	0.60694	0.60774			6
2026.01.30	00:11:39.371	0.60687	0.60771			6
2026.01.30	00:11:41.326	0.60696	0.60776			6
2026.01.30	00:11:41.630	0.60687	0.60771			6
2026.01.30	00:11:42.581	0.60688	0.60772			6
2026.01.30	00:11:42.930	0.60687	0.60771			6
2026.01.30	00:11:43.581	0.60688				2
2026.01.30	00:11:43.884	0.60687				2
2026.01.30	00:11:44.841	0.60694	0.60774			6
2026.01.30	00:11:45.188	0.60687	0.60771			6
2026.01.30	00:11:47.099	0.60696	0.60776			6
2026.01.30	00:11:47.401	0.60687	0.60771			6
2026.01.30	00:11:49.357	0.60695	0.60775			6
2026.01.30	00:11:49.665	0.60687	0.60771			6
2026.01.30	00:11:50.614	0.60694	0.60774			6
2026.01.30	00:11:50.962	0.60687	0.60771			6
2026.01.30	00:11:52.875	0.60694	0.60774			6
2026.01.30	00:11:53.220	0.60687	0.60771			6
2026.01.30	00:11:55.129	0.60696	0.60776			6
2026.01.30	00:11:55.431	0.60687	0.60771			6
2026.01.30	00:11:56.736	0.60686	0.60770			6
2026.01.30	00:11:57.386	0.60688				2
2026.01.30	00:11:57.694	0.60686				2
2026.01.30	00:11:58.648	0.60694	0.60774			6
2026.01.30	00:11:58.994	0.60686	0.60770			6
2026.01.30	00:11:59.644	0.60688				2
2026.01.30	00:11:59.946	0.60686				2
2026.01.30	00:12:00.254	0.60686				2
2026.01.30	00:12:00.904	0.60695	0.60775			6
2026.01.30	00:12:01.251	0.60690	0.60774			6
2026.01.30	00:12:02.253	0.60694				2
2026.01.30	00:12:28.285		0.60773			4
2026.01.30	00:12:33.449	0.60680	0.60765			6
2026.01.30	00:12:33.753	0.60679	0.60764			6
2026.01.30	00:12:48.547	0.60688	0.60773			6
2026.01.30	00:13:00.121	0.60688				2
2026.01.30	00:13:48.642		0.60773			4
2026.01.30	00:13:56.046	0.60687	0.60783			6
2026.01.30	00:14:00.204	0.60687				2
2026.01.30	00:14:05.018	0.60710	0.60786			6
2026.01.30	00:14:05.326	0.60711	0.60787			6
2026.01.30	00:14:37.446	0.60712	0.60788			6
2026.01.30	00:15:00.337	0.60712				2
2026.01.30	00:15:04.201	0.60713	0.60789			6
2026.01.30	00:16:00.262	0.60713				2
2026.01.30	00:16:04.429		0.60789			4
2026.01.30	00:16:07.034	0.60709	0.60785			6
2026.01.30	00:16:08.290	0.60713	0.60789			6
2026.01.30	00:16:11.850	0.60715				2
2026.01.30	00:16:17.622	0.60714	0.60788			6
2026.01.30	00:16:19.530	0.60715	0.60789			6
2026.01.30	00:16:27.908	0.60714	0.60788			6
2026.01.30	00:16:46.221	0.60715	0.60789			6
2026.01.30	00:17:00.023	0.60715				2
2026.01.30	00:17:14.478	0.60714	0.60788			6
2026.01.30	00:18:00.212	0.60714				2
2026.01.30	00:18:14.668		0.60788			4
2026.01.30	00:19:00.282	0.60714				2
2026.01.30	00:19:14.835		0.60788			4
2026.01.30	00:20:00.103	0.60714				2
2026.01.30	00:20:00.449	0.60706	0.60803			6
2026.01.30	00:20:06.221		0.60804			4
2026.01.30	00:20:15.853		0.60803			4
2026.01.30	00:20:16.156	0.60709				2
2026.01.30	00:20:16.823	0.60706				2
2026.01.30	00:20:23.880	0.60709				2
2026.01.30	00:20:48.679	0.60710	0.60804			6
2026.01.30	00:20:54.597	0.60698	0.60805			6
2026.01.30	00:20:55.516	0.60694				2
2026.01.30	00:20:56.101	0.60708	0.60804			6
2026.01.30	00:21:02.278	0.60699				2
2026.01.30	00:21:03.947	0.60692				2
2026.01.30	00:21:05.188	0.60691				2
2026.01.30	00:21:08.742	0.60690	0.60799			6
2026.01.30	00:21:09.729	0.60689				2
2026.01.30	00:21:19.410	0.60702				2
2026.01.30	00:21:22.344		0.60802			4
2026.01.30	00:21:22.656	0.60699	0.60803			6
2026.01.30	00:21:24.729	0.60700				2
2026.01.30	00:21:27.693	0.60722	0.60804			6
2026.01.30	00:21:34.239	0.60720	0.60805			6
2026.01.30	00:21:35.432	0.60725	0.60806			6
2026.01.30	00:22:00.529	0.60725				2
2026.01.30	00:22:03.901	0.60737	0.60811			6
2026.01.30	00:22:04.220	0.60738				2
2026.01.30	00:22:14.837		0.60796			4
2026.01.30	00:22:15.149	0.60760	0.60811			6
2026.01.30	00:22:15.456	0.60738	0.60796			6
2026.01.30	00:22:15.779	0.60739				2
2026.01.30	00:22:16.388	0.60760	0.60811			6
2026.01.30	00:22:16.701	0.60739	0.60796			6
2026.01.30	00:22:17.017	0.60760	0.60811			6
2026.01.30	00:22:17.870	0.60738	0.60796			6
2026.01.30	00:22:18.275		0.60811			4
2026.01.30	00:22:28.804	0.60741	0.60815			6
2026.01.30	00:22:37.655	0.60727	0.60807			6
2026.01.30	00:22:38.744	0.60721	0.60806			6
2026.01.30	00:22:42.179		0.60807			4
2026.01.30	00:23:00.530	0.60721				2
2026.01.30	00:23:04.659		0.60808			4
2026.01.30	00:23:15.756	0.60706	0.60803			6
2026.01.30	00:23:27.358		0.60804			4
2026.01.30	00:23:33.475	0.60713	0.60803			6
2026.01.30	00:23:36.686		0.60802			4
2026.01.30	00:23:42.760		0.60803			4
2026.01.30	00:24:00.169	0.60713				2
2026.01.30	00:24:17.527		0.60802			4
2026.01.30	00:25:00.240	0.60713				2
2026.01.30	00:25:10.531	0.60714				2
2026.01.30	00:25:17.654		0.60802			4
2026.01.30	00:25:20.917		0.60801			4
2026.01.30	00:25:33.464	0.60720				2
2026.01.30	00:25:33.814		0.60800			4
2026.01.30	00:25:40.842		0.60799			4
2026.01.30	00:26:00.159	0.60720				2
2026.01.30	00:26:07.182	0.60719				2
2026.01.30	00:26:10.088	0.60711	0.60800			6
2026.01.30	00:26:15.558	0.60716	0.60799			6
2026.01.30	00:27:03.477	0.60716				2
2026.01.30	00:27:14.878	0.60718				2
2026.01.30	00:27:15.570		0.60799			4
2026.01.30	00:27:36.937	0.60715	0.60798			6
2026.01.30	00:27:46.293	0.60711	0.60789			6
2026.01.30	00:27:52.311	0.60713				2
2026.01.30	00:28:06.177	0.60713				2
2026.01.30	00:28:33.665	0.60717				2
2026.01.30	00:28:46.677		0.60789			4
2026.01.30	00:28:53.246	0.60714				2
2026.01.30	00:28:54.296	0.60713				2
2026.01.30	00:29:06.776	0.60713				2
2026.01.30	00:29:51.044	0.60714	0.60789			6
2026.01.30	00:30:00.747	0.60715				2
2026.01.30	00:30:04.375	0.60721				2
2026.01.30	00:30:05.570	0.60725				2
2026.01.30	00:30:08.705	0.60720				2
2026.01.30	00:30:19.543	0.60722				2
2026.01.30	00:30:23.915	0.60723				2
2026.01.30	00:30:39.540	0.60731				2
2026.01.30	00:30:40.947	0.60726				2
2026.01.30	00:30:52.076		0.60789			4
2026.01.30	00:30:53.814	0.60725				2
2026.01.30	00:30:54.161	0.60730				2
2026.01.30	00:30:54.479	0.60725				2
2026.01.30	00:30:54.877	0.60724				2
2026.01.30	00:30:57.863	0.60722				2
2026.01.30	00:31:05.578	0.60722				2
2026.01.30	00:31:10.528	0.60723				2
2026.01.30	00:31:14.276	0.60726				2
2026.01.30	00:31:25.678	0.60715	0.60784			6
2026.01.30	00:31:26.042	0.60723				2
2026.01.30	00:31:30.582	0.60724				2
2026.01.30	00:31:32.637		0.60790			4
2026.01.30	00:31:32.989	0.60726				2
2026.01.30	00:31:40.770	0.60727				2
2026.01.30	00:31:41.134	0.60728				2
2026.01.30	00:31:44.844	0.60729				2
2026.01.30	00:31:45.188	0.60728				2
2026.01.30	00:32:22.084	0.60727	0.60789			6
2026.01.30	00:32:25.598		0.60788			4
2026.01.30	00:32:30.066	0.60726	0.60789			6
2026.01.30	00:32:34.234	0.60732	0.60792			6
2026.01.30	00:32:34.534	0.60729	0.60791			6
2026.01.30	00:32:39.954		0.60792			4
2026.01.30	00:32:41.905		0.60793			4
2026.01.30	00:32:42.859		0.60795			4
2026.01.30	00:32:43.160		0.60794			4
2026.01.30	00:32:45.417		0.60792			4
2026.01.30	00:32:45.766		0.60793			4
2026.01.30	00:32:49.927		0.60792			4
2026.01.30	00:33:00.209	0.60729				2
2026.01.30	00:33:03.075	0.60730				2
2026.01.30	00:33:05.027	0.60742	0.60790			6
2026.01.30	00:33:11.277	0.60730	0.60792			6
2026.01.30	00:33:11.603	0.60732				2
2026.01.30	00:33:11.906	0.60729				2
2026.01.30	00:33:12.254	0.60743	0.60791			6
2026.01.30	00:33:12.632	0.60742	0.60790			6
2026.01.30	00:33:14.980	0.60730	0.60792			6
2026.01.30	00:33:15.318	0.60732				2
2026.01.30	00:33:15.925		0.60793			4
2026.01.30	00:33:19.137		0.60792			4
2026.01.30	00:33:19.486	0.60729				2
2026.01.30	00:33:29.777		0.60793			4
2026.01.30	00:33:32.987	0.60727				2
2026.01.30	00:33:34.556	0.60726				2
2026.01.30	00:33:35.852		0.60794			4
2026.01.30	00:33:41.310	0.60727				2
2026.01.30	00:33:41.620	0.60726				2
2026.01.30	00:33:41.930	0.60727				2
2026.01.30	00:33:42.263	0.60726				2
2026.01.30	00:33:50.610	0.60725	0.60799			6
2026.01.30	00:33:50.927	0.60726	0.60786			6
2026.01.30	00:33:51.908	0.60724	0.60787			6
2026.01.30	00:33:52.252	0.60725	0.60780			6
2026.01.30	00:33:53.210		0.60795			4
2026.01.30	00:33:53.515	0.60726	0.60783			6
2026.01.30	00:33:54.468	0.60725	0.60796			6
2026.01.30	00:33:54.816		0.60785			4
2026.01.30	00:33:55.120		0.60786			4
2026.01.30	00:33:55.770	0.60726				2
2026.01.30	00:33:56.076	0.60725	0.60790			6
2026.01.30	00:33:56.379		0.60784			4
2026.01.30	00:33:57.374	0.60726	0.60789			6
2026.01.30	00:33:57.679	0.60725	0.60785			6
2026.01.30	00:33:58.636	0.60724	0.60786			6
2026.01.30	00:33:58.939		0.60785			4
2026.01.30	00:33:59.284	0.60726				2
2026.01.30	00:33:59.633	0.60727				2
2026.01.30	00:33:59.935	0.60725	0.60799			6
2026.01.30	00:34:00.246	0.60723	0.60785			6
2026.01.30	00:34:00.588	0.60724				2
2026.01.30	00:34:01.240	0.60725	0.60799			6
2026.01.30	00:34:01.547	0.60722	0.60786			6
2026.01.30	00:34:01.893	0.60723				2
2026.01.30	00:34:02.196	0.60724				2
2026.01.30	00:34:02.499		0.60796			4
2026.01.30	00:34:02.827	0.60726	0.60786			6
2026.01.30	00:34:03.140	0.60724				2
2026.01.30	00:34:04.107	0.60727	0.60788			6
2026.01.30	00:34:04.442	0.60723	0.60784			6
2026.01.30	00:34:04.756	0.60725				2
2026.01.30	00:34:05.408		0.60794			4
2026.01.30	00:34:05.713	0.60726	0.60785			6
2026.01.30	00:34:06.366	0.60727				2
2026.01.30	00:34:06.711	0.60728	0.60794			6
2026.01.30	00:34:07.014	0.60725	0.60786			6
2026.01.30	00:34:07.968		0.60798			4
2026.01.30	00:34:08.272	0.60724	0.60786			6
2026.01.30	00:34:08.579	0.60725				2
2026.01.30	00:34:09.572	0.60726				2
2026.01.30	00:34:09.876	0.60725				2
2026.01.30	00:34:10.876	0.60726	0.60788			6
2026.01.30	00:34:11.180	0.60724	0.60785			6
2026.01.30	00:34:11.483	0.60725				2
2026.01.30	00:34:12.441	0.60726	0.60786			6
2026.01.30	00:34:13.437		0.60799			4
2026.01.30	00:34:13.749		0.60785			4
2026.01.30	00:34:14.693		0.60798			4
2026.01.30	00:34:14.998	0.60725	0.60785			6
2026.01.30	00:34:16.249	0.60726	0.60788			6
2026.01.30	00:34:16.560	0.60724	0.60786			6
2026.01.30	00:34:17.552	0.60725	0.60799			6
2026.01.30	00:34:17.855		0.60785			4
2026.01.30	00:34:18.204	0.60726				2
2026.01.30	00:34:18.855		0.60798			4
2026.01.30	00:34:19.157	0.60725	0.60786			6
2026.01.30	00:34:19.463	0.60726				2
2026.01.30	00:34:20.113		0.60799			4
2026.01.30	00:34:20.494	0.60725	0.60786			6
2026.01.30	00:34:21.466		0.60798			4
2026.01.30	00:34:21.770		0.60789			4
2026.01.30	00:34:22.079		0.60787			4
2026.01.30	00:34:22.398	0.60724				2
2026.01.30	00:34:23.023	0.60726	0.60789			6
2026.01.30	00:34:23.325	0.60724	0.60786			6
2026.01.30	00:34:24.326	0.60726				2
2026.01.30	00:34:24.629	0.60723				2
2026.01.30	00:34:24.932	0.60724				2
2026.01.30	00:34:25.280		0.60787			4
2026.01.30	00:34:25.583	0.60725	0.60799			6
2026.01.30	00:34:25.902		0.60785			4
2026.01.30	00:34:26.886		0.60799			4
2026.01.30	00:34:27.247		0.60785			4
2026.01.30	00:34:28.194		0.60798			4
2026.01.30	00:34:28.504	0.60723	0.60785			6
2026.01.30	00:34:28.808	0.60725				2
2026.01.30	00:34:29.797	0.60726	0.60790			6
2026.01.30	00:34:30.116	0.60725	0.60786			6
2026.01.30	00:34:30.422	0.60727				2
2026.01.30	00:34:31.101	0.60726				2
2026.01.30	00:34:31.404	0.60725				2
2026.01.30	00:34:32.404	0.60724	0.60794			6
2026.01.30	00:34:32.706	0.60725	0.60785			6
2026.01.30	00:34:33.664		0.60798			4
2026.01.30	00:34:33.969	0.60724	0.60786			6
2026.01.30	00:34:34.964		0.60799			4
2026.01.30	00:34:35.271	0.60725	0.60786			6
2026.01.30	00:34:36.531	0.60726				2
2026.01.30	00:34:36.845	0.60725				2
2026.01.30	00:34:37.827	0.60724	0.60788			6
2026.01.30	00:34:38.130	0.60725	0.60786			6
2026.01.30	00:34:39.129		0.60794			4
2026.01.30	00:34:39.433		0.60786			4
2026.01.30	00:34:40.386		0.60799			4
2026.01.30	00:34:40.758		0.60792			4
2026.01.30	00:34:41.087		0.60787			4
2026.01.30	00:34:41.739		0.60799			4
2026.01.30	00:34:42.049	0.60724	0.60787			6
2026.01.30	00:34:42.370	0.60725				2
2026.01.30	00:34:43.041		0.60798			4
2026.01.30	00:34:43.343		0.60786			4
2026.01.30	00:34:43.648	0.60729	0.60788			6
2026.01.30	00:34:43.957	0.60726				2
2026.01.30	00:34:44.951		0.60790			4
2026.01.30	00:34:45.298	0.60725	0.60782			6
2026.01.30	00:34:46.253	0.60726	0.60794			6
2026.01.30	00:34:46.557	0.60725	0.60787			6
2026.01.30	00:34:47.509		0.60799			4
2026.01.30	00:34:47.858		0.60787			4
2026.01.30	00:34:48.814	0.60724	0.60798			6
2026.01.30	00:34:49.116		0.60786			4
2026.01.30	00:34:49.424	0.60725	0.60787			6
2026.01.30	00:34:49.768	0.60726				2
2026.01.30	00:34:50.419	0.60725				2
2026.01.30	00:34:50.723		0.60792			4
2026.01.30	00:34:51.721		0.60788			4
2026.01.30	00:34:52.023		0.60792			4
2026.01.30	00:34:52.980	0.60726				2
2026.01.30	00:34:53.287	0.60725	0.60795			6
2026.01.30	00:34:53.629	0.60726	0.60793			6
2026.01.30	00:34:54.282		0.60797			4
2026.01.30	00:34:54.585	0.60740	0.60795			6
2026.01.30	00:34:54.887	0.60725	0.60793			6
2026.01.30	00:34:55.237	0.60727				2
2026.01.30	00:34:55.543	0.60730	0.60798			6
2026.01.30	00:34:55.846	0.60726	0.60794			6
2026.01.30	00:34:56.791	0.60729				2
2026.01.30	00:34:57.094	0.60725	0.60796			6
2026.01.30	00:34:57.399	0.60737	0.60792			6
2026.01.30	00:34:58.396	0.60726	0.60798			6
2026.01.30	00:34:58.701		0.60795			4
2026.01.30	00:34:59.049		0.60792			4
2026.01.30	00:34:59.654		0.60798			4
2026.01.30	00:34:59.964	0.60732	0.60794			6
2026.01.30	00:35:00.291	0.60736	0.60791			6
2026.01.30	00:35:00.906	0.60730				2
2026.01.30	00:35:01.210	0.60732	0.60790			6
2026.01.30	00:35:01.523	0.60725	0.60791			6
2026.01.30	00:35:01.861	0.60726				2
2026.01.30	00:35:02.513	0.60724	0.60784			6
2026.01.30	00:35:02.817	0.60726	0.60793			6
2026.01.30	00:35:03.815		0.60798			4
2026.01.30	00:35:04.117	0.60725	0.60794			6
2026.01.30	00:35:04.422	0.60726	0.60791			6
2026.01.30	00:35:04.768	0.60742				2
2026.01.30	00:35:05.072	0.60729	0.60798			6
2026.01.30	00:35:05.379	0.60736	0.60796			6
2026.01.30	00:35:05.826		0.60791			4
2026.01.30	00:35:06.473	0.60729	0.60798			6
2026.01.30	00:35:06.776	0.60719	0.60786			6
2026.01.30	00:35:07.086	0.60725				2
2026.01.30	00:35:07.403	0.60716	0.60788			6
2026.01.30	00:35:07.729	0.60719				2
2026.01.30	00:35:08.076	0.60717				2
2026.01.30	00:35:08.378	0.60720	0.60801			6
2026.01.30	00:35:08.693	0.60723	0.60788			6
2026.01.30	00:35:09.003	0.60730	0.60790			6
2026.01.30	00:35:09.314	0.60722	0.60796			6
2026.01.30	00:35:09.631	0.60718	0.60792			6
2026.01.30	00:35:09.935	0.60720				2
2026.01.30	00:35:10.281	0.60722	0.60791			6
2026.01.30	00:35:10.585		0.60794			4
2026.01.30	00:35:10.934	0.60724	0.60792			6
2026.01.30	00:35:11.881	0.60725	0.60795			6
2026.01.30	00:35:12.191	0.60723	0.60790			6
2026.01.30	00:35:12.494	0.60724				2
2026.01.30	00:35:13.456		0.60795			4
2026.01.30	00:35:13.796	0.60725	0.60792			6
2026.01.30	00:35:14.449	0.60727	0.60796			6
2026.01.30	00:35:14.752	0.60725	0.60794			6
2026.01.30	00:35:15.101		0.60791			4
2026.01.30	00:35:15.752		0.60797			4
2026.01.30	00:35:16.055		0.60795			4
2026.01.30	00:35:16.359	0.60723	0.60792			6
2026.01.30	00:35:16.703	0.60725				2
2026.01.30	00:35:17.009	0.60742	0.60790			6
2026.01.30	00:35:17.314	0.60729	0.60795			6
2026.01.30	00:35:17.616	0.60735	0.60791			6
2026.01.30	00:35:18.615	0.60726	0.60784			6
2026.01.30	00:35:18.918	0.60724	0.60792			6
2026.01.30	00:35:19.237	0.60725				2
2026.01.30	00:35:19.918		0.60797			4
2026.01.30	00:35:20.220	0.60723	0.60795			6
2026.01.30	00:35:20.523	0.60725	0.60792			6
2026.01.30	00:35:21.173	0.60728	0.60795			6
2026.01.30	00:35:21.480	0.60738	0.60794			6
2026.01.30	00:35:21.786	0.60736	0.60791			6
2026.01.30	00:35:22.476	0.60725	0.60797			6
2026.01.30	00:35:22.782	0.60724	0.60795			6
2026.01.30	00:35:23.127	0.60723	0.60791			6
2026.01.30	00:35:24.042	0.60724	0.60784			6
2026.01.30	00:35:24.356	0.60706	0.60792			6
2026.01.30	00:35:24.674	0.60724				2
2026.01.30	00:35:24.984	0.60725				2
2026.01.30	00:35:25.601	0.60743	0.60793			6
2026.01.30	00:35:25.904	0.60735	0.60792			6
2026.01.30	00:35:26.540	0.60725	0.60797			6
2026.01.30	00:35:26.843	0.60709	0.60795			6
2026.01.30	00:35:27.144	0.60727	0.60792			6
2026.01.30	00:35:27.495	0.60725	0.60791			6
2026.01.30	00:35:27.843	0.60732	0.60796			6
2026.01.30	00:35:28.146	0.60724	0.60794			6
2026.01.30	00:35:28.451		0.60790			4
2026.01.30	00:35:28.787	0.60727				2
2026.01.30	00:35:29.100	0.60725				2
2026.01.30	00:35:29.402	0.60728				2
2026.01.30	00:35:29.717	0.60707				2
2026.01.30	00:35:30.055	0.60724				2
2026.01.30	00:35:31.009		0.60794			4
2026.01.30	00:35:31.356	0.60725	0.60792			6
2026.01.30	00:35:32.008	0.60729	0.60796			6
2026.01.30	00:35:32.312	0.60726	0.60792			6
2026.01.30	00:35:33.360	0.60731	0.60797			6
2026.01.30	00:35:33.662	0.60736	0.60794			6
2026.01.30	00:35:33.964	0.60727	0.60791			6
2026.01.30	00:35:34.265	0.60725				2
2026.01.30	00:35:34.566	0.60727				2
2026.01.30	00:35:34.867	0.60728	0.60788			6
2026.01.30	00:35:35.177	0.60724	0.60791			6
2026.01.30	00:35:35.521	0.60726				2
2026.01.30	00:35:35.869	0.60737				2
2026.01.30	00:35:36.173	0.60723	0.60789			6
2026.01.30	00:35:36.476	0.60725				2
2026.01.30	00:35:36.823	0.60729				2
2026.01.30	00:35:37.132	0.60727				2
2026.01.30	00:35:37.474	0.60725				2
2026.01.30	00:35:37.779		0.60794			4
2026.01.30	00:35:38.083		0.60791			4
2026.01.30	00:35:38.733		0.60796			4
2026.01.30	00:35:39.040	0.60724	0.60795			6
2026.01.30	00:35:39.385	0.60726	0.60791			6
2026.01.30	00:35:39.687	0.60734				2
2026.01.30	00:35:40.037	0.60724	0.60796			6
2026.01.30	00:35:40.341		0.60793			4
2026.01.30	00:35:40.687	0.60742	0.60790			6
2026.01.30	00:35:41.386	0.60727	0.60796			6
2026.01.30	00:35:41.692	0.60724	0.60794			6
2026.01.30	00:35:42.647	0.60726				2
2026.01.30	00:35:42.950	0.60724				2
2026.01.30	00:35:43.266		0.60790			4
2026.01.30	00:35:43.949	0.60725	0.60789			6
2026.01.30	00:35:44.252		0.60790			4
2026.01.30	00:35:44.557	0.60726	0.60792			6
2026.01.30	00:35:44.874	0.60728	0.60789			6
2026.01.30	00:35:45.861	0.60727	0.60786			6
2026.01.30	00:35:46.164	0.60728	0.60790			6
2026.01.30	00:35:46.511	0.60729				2
2026.01.30	00:35:47.163	0.60745	0.60781			6
2026.01.30	00:35:47.465	0.60729	0.60793			6
2026.01.30	00:35:47.769		0.60790			4
2026.01.30	00:35:48.419	0.60731	0.60794			6
2026.01.30	00:35:48.727	0.60730	0.60792			6
2026.01.30	00:35:49.070		0.60788			4
2026.01.30	00:35:49.721	0.60733	0.60794			6
2026.01.30	00:35:50.024	0.60727	0.60792			6
2026.01.30	00:35:50.330	0.60730	0.60789			6
2026.01.30	00:35:50.980	0.60733	0.60794			6
2026.01.30	00:35:51.285	0.60727	0.60792			6
2026.01.30	00:35:51.594	0.60730	0.60789			6
2026.01.30	00:35:51.926	0.60722	0.60752			6
2026.01.30	00:35:52.230	0.60725	0.60755			6
2026.01.30	00:35:52.532	0.60730	0.60789			6
2026.01.30	00:35:52.851	0.60732	0.60791			6
2026.01.30	00:35:53.154	0.60738				2
2026.01.30	00:35:53.457	0.60737				2
2026.01.30	00:35:53.785		0.60798			4
2026.01.30	00:35:54.894	0.60745	0.60796			6
2026.01.30	00:35:57.473	0.60735	0.60799			6
2026.01.30	00:35:59.567	0.60745	0.60796			6
2026.01.30	00:36:00.473	0.60745				2
2026.01.30	00:36:00.796	0.60743				2
2026.01.30	00:36:05.246	0.60746	0.60797			6
2026.01.30	00:36:07.056	0.60744	0.60798			6
2026.01.30	00:36:15.766	0.60747				2
2026.01.30	00:36:21.916	0.60745				2
2026.01.30	00:36:25.187	0.60746	0.60800			6
2026.01.30	00:36:32.549	0.60738	0.60802			6
2026.01.30	00:36:34.177	0.60747	0.60800			6
2026.01.30	00:36:49.228	0.60745	0.60798			6
2026.01.30	00:36:50.608	0.60746	0.60797			6
2026.01.30	00:36:54.992	0.60742	0.60802			6
2026.01.30	00:36:56.330	0.60748	0.60799			6
2026.01.30	00:36:56.800	0.60739				2
2026.01.30	00:37:00.925	0.60739				2
2026.01.30	00:37:05.265	0.60734				2
2026.01.30	00:37:10.668	0.60748	0.60795			6
2026.01.30	00:37:12.417	0.60735	0.60799			6
2026.01.30	00:37:12.832	0.60736				2
2026.01.30	00:37:18.299	0.60735				2
2026.01.30	00:37:18.672	0.60736				2
2026.01.30	00:37:18.992	0.60748	0.60795			6
2026.01.30	00:37:19.384	0.60736	0.60799			6
2026.01.30	00:37:25.878	0.60734				2
2026.01.30	00:37:32.795	0.60732				2
2026.01.30	00:37:41.313	0.60734				2
2026.01.30	00:37:55.657		0.60796			4
2026.01.30	00:37:57.006	0.60747				2
2026.01.30	00:38:00.051	0.60735				2
2026.01.30	00:38:07.377	0.60748				2
2026.01.30	00:38:12.377	0.60742				2
2026.01.30	00:38:25.615	0.60724	0.60795			6
2026.01.30	00:38:27.043	0.60744	0.60792			6
2026.01.30	00:38:28.343	0.60745	0.60795			6
2026.01.30	00:38:30.035	0.60747	0.60794			6
2026.01.30	00:38:30.804	0.60742	0.60795			6
2026.01.30	00:38:36.483	0.60735				2
2026.01.30	00:38:42.541	0.60734				2
2026.01.30	00:38:42.992	0.60744	0.60792			6
2026.01.30	00:38:44.528	0.60746	0.60791			6
2026.01.30	00:38:45.074	0.60741	0.60792			6
2026.01.30	00:38:45.897	0.60739	0.60793			6
2026.01.30	00:38:46.705	0.60741	0.60791			6
2026.01.30	00:38:47.650	0.60742	0.60793			6
2026.01.30	00:38:47.982	0.60743				2
2026.01.30	00:38:49.697	0.60730	0.60795			6
2026.01.30	00:38:49.998	0.60731				2
2026.01.30	00:38:50.305	0.60732				2
2026.01.30	00:38:51.582	0.60734				2
2026.01.30	00:38:51.910	0.60730				2
2026.01.30	00:38:57.312	0.60746	0.60791			6
2026.01.30	00:38:59.558	0.60727	0.60795			6
2026.01.30	00:39:00.365	0.60747	0.60794			6
2026.01.30	00:39:01.940	0.60745	0.60792			6
2026.01.30	00:39:02.432	0.60744				2
2026.01.30	00:39:03.381		0.60791			4
2026.01.30	00:39:05.214	0.60746	0.60793			6
2026.01.30	00:39:07.079	0.60747	0.60792			6
2026.01.30	00:39:11.085	0.60733	0.60795			6
2026.01.30	00:39:12.377	0.60744	0.60794			6
2026.01.30	00:39:12.716	0.60743	0.60791			6
2026.01.30	00:39:14.229	0.60741	0.60795			6
2026.01.30	00:39:15.403	0.60739	0.60792			6
2026.01.30	00:39:16.794	0.60738	0.60791			6
2026.01.30	00:39:17.144		0.60792			4
2026.01.30	00:39:17.457	0.60739	0.60793			6
2026.01.30	00:39:21.654	0.60740	0.60794			6
2026.01.30	00:39:21.974	0.60741	0.60795			6
2026.01.30	00:39:27.004	0.60740	0.60793			6
2026.01.30	00:39:30.853	0.60737	0.60795			6
2026.01.30	00:39:31.174	0.60739				2
2026.01.30	00:39:34.182		0.60793			4
2026.01.30	00:39:34.540		0.60792			4
2026.01.30	00:39:35.690		0.60793			4
2026.01.30	00:39:37.171	0.60741	0.60794			6
2026.01.30	00:39:37.494	0.60742	0.60793			6
2026.01.30	00:39:40.472		0.60795			4
2026.01.30	00:39:46.594	0.60743	0.60796			6
2026.01.30	00:40:00.495	0.60743				2
2026.01.30	00:40:00.918	0.60739	0.60797			6
2026.01.30	00:40:01.230	0.60733				2
2026.01.30	00:40:07.819	0.60747	0.60795			6
2026.01.30	00:40:11.005		0.60797			4
2026.01.30	00:40:20.062	0.60733				2
2026.01.30	00:40:27.009	0.60746	0.60796			6
2026.01.30	00:40:27.964	0.60750				2
2026.01.30	00:40:28.317	0.60755	0.60797			6
2026.01.30	00:40:28.686	0.60747	0.60796			6
2026.01.30	00:40:29.282	0.60755	0.60797			6
2026.01.30	00:40:29.607	0.60747	0.60796			6
2026.01.30	00:40:29.943	0.60755	0.60797			6
2026.01.30	00:40:30.268	0.60747	0.60796			6
2026.01.30	00:40:30.617	0.60755	0.60797			6
2026.01.30	00:40:30.933	0.60747	0.60796			6
2026.01.30	00:40:31.264	0.60755	0.60797			6
2026.01.30	00:40:31.587	0.60748	0.60798			6
2026.01.30	00:40:36.510		0.60796			4
2026.01.30	00:40:37.182		0.60798			4
2026.01.30	00:40:37.750	0.60749	0.60797			6
2026.01.30	00:40:39.385		0.60799			4
2026.01.30	00:40:43.678	0.60750				2
2026.01.30	00:40:46.678	0.60749				2
2026.01.30	00:40:48.777	0.60750				2
2026.01.30	00:40:50.162	0.60754				2
2026.01.30	00:40:52.378	0.60760	0.60804			6
2026.01.30	00:40:55.771	0.60758				2
2026.01.30	00:40:57.782	0.60759				2
2026.01.30	00:41:02.616	0.60759				2
2026.01.30	00:41:09.772	0.60758				2
2026.01.30	00:41:23.556	0.60757				2
2026.01.30	00:41:52.522		0.60803			4
2026.01.30	00:41:52.838		0.60804			4
2026.01.30	00:41:56.097	0.60758				2
2026.01.30	00:42:08.497	0.60758				2
2026.01.30	00:42:09.582	0.60759				2
2026.01.30	00:42:51.767		0.60815			4
2026.01.30	00:42:52.070		0.60809			4
2026.01.30	00:42:52.374		0.60814			4
2026.01.30	00:42:52.827		0.60811			4
2026.01.30	00:42:53.579	0.60760	0.60813			6
2026.01.30	00:42:58.679	0.60761				2
2026.01.30	00:43:01.978	0.60761				2
2026.01.30	00:43:07.588		0.60815			4
2026.01.30	00:43:07.895		0.60812			4
2026.01.30	00:43:09.882		0.60811			4
2026.01.30	00:43:11.298	0.60764	0.60815			6
2026.01.30	00:43:17.508		0.60811			4
2026.01.30	00:43:17.872		0.60813			4
2026.01.30	00:43:18.503		0.60812			4
2026.01.30	00:43:20.046		0.60813			4
2026.01.30	00:43:21.360	0.60773	0.60815			6
2026.01.30	00:43:22.457	0.60772	0.60811			6
2026.01.30	00:43:25.266	0.60773				2
2026.01.30	00:43:26.373	0.60774	0.60815			6
2026.01.30	00:43:26.677	0.60773	0.60814			6
2026.01.30	00:43:27.225	0.60774	0.60811			6
2026.01.30	00:43:29.868	0.60775				2
2026.01.30	00:43:34.657	0.60776	0.60815			6
2026.01.30	00:43:45.036	0.60786	0.60816			6
2026.01.30	00:43:45.343	0.60785	0.60815			6
2026.01.30	00:43:48.295	0.60786	0.60816			6
2026.01.30	00:43:57.605	0.60784	0.60814			6
2026.01.30	00:43:58.557		0.60815			4
2026.01.30	00:43:58.889	0.60786	0.60816			6
2026.01.30	00:44:00.192	0.60786				2
2026.01.30	00:44:17.508	0.60787	0.60822			6
2026.01.30	00:44:17.855	0.60786				2
2026.01.30	00:44:20.116		0.60818			4
2026.01.30	00:44:23.024		0.60822			4
2026.01.30	00:44:25.930	0.60787				2
2026.01.30	00:44:27.537		0.60818			4
2026.01.30	00:44:32.005	0.60784				2
2026.01.30	00:44:32.354	0.60787	0.60822			6
2026.01.30	00:44:33.309	0.60788	0.60818			6
2026.01.30	00:44:36.471	0.60787				2
2026.01.30	00:44:37.121	0.60786				2
2026.01.30	00:44:37.425		0.60822			4
2026.01.30	00:44:41.590	0.60785				2
2026.01.30	00:44:44.152		0.60825			4
2026.01.30	00:44:44.800	0.60784	0.60823			6
2026.01.30	00:44:46.755	0.60782				2
2026.01.30	00:44:47.057		0.60824			4
2026.01.30	00:44:47.361		0.60825			4
2026.01.30	00:44:48.665	0.60781				2
2026.01.30	00:44:49.617		0.60824			4
2026.01.30	00:44:51.224	0.60783				2
2026.01.30	00:44:58.299	0.60782				2
2026.01.30	00:45:00.254	0.60782				2
2026.01.30	00:45:00.859	0.60783	0.60823			6
2026.01.30	00:45:01.510	0.60781	0.60824			6
2026.01.30	00:45:03.766	0.60780				2
2026.01.30	00:45:05.677		0.60823			4
2026.01.30	00:45:06.325	0.60783	0.60824			6
2026.01.30	00:45:09.285	0.60773	0.60827			6
2026.01.30	00:45:09.588	0.60783	0.60824			6
2026.01.30	00:45:13.151	0.60798	0.60812			6
2026.01.30	00:45:14.856	0.60797				2
2026.01.30	00:45:16.764	0.60796	0.60818			6
2026.01.30	00:45:19.325	0.60795	0.60819			6
2026.01.30	00:45:19.629	0.60796	0.60817			6
2026.01.30	00:45:23.189		0.60819			4
2026.01.30	00:45:29.963	0.60794	0.60816			6
2026.01.30	00:45:30.264		0.60818			4
2026.01.30	00:45:30.916		0.60820			4
2026.01.30	00:45:31.218	0.60790	0.60824			6
2026.01.30	00:45:31.870	0.60791				2
2026.01.30	00:45:32.173	0.60794	0.60820			6
2026.01.30	00:45:32.485	0.60793	0.60818			6
2026.01.30	00:45:33.099	0.60794	0.60822			6
2026.01.30	00:45:33.403		0.60815			4
2026.01.30	00:45:33.718		0.60817			4
2026.01.30	00:45:34.329	0.60795	0.60819			6
2026.01.30	00:45:34.632		0.60818			4
2026.01.30	00:45:34.956	0.60794				2
2026.01.30	00:45:35.282		0.60819			4
2026.01.30	00:45:37.192		0.60817			4
2026.01.30	00:45:37.498		0.60818			4
2026.01.30	00:45:37.804	0.60795				2
2026.01.30	00:45:38.108		0.60820			4
2026.01.30	00:45:38.417	0.60794	0.60817			6
2026.01.30	00:45:38.737		0.60818			4
2026.01.30	00:45:39.043		0.60817			4
2026.01.30	00:45:40.952		0.60820			4
2026.01.30	00:45:41.258		0.60817			4
2026.01.30	00:45:41.564	0.60795				2
2026.01.30	00:45:41.904	0.60794				2
2026.01.30	00:45:42.857		0.60819			4
2026.01.30	00:45:43.164		0.60817			4
2026.01.30	00:45:43.477		0.60819			4
2026.01.30	00:45:43.783		0.60818			4
2026.01.30	00:45:46.672	0.60793				2
2026.01.30	00:45:53.745		0.60820			4
2026.01.30	00:45:54.048		0.60816			4
2026.01.30	00:45:59.854	0.60794				2
2026.01.30	00:46:00.168	0.60794				2
2026.01.30	00:46:01.471	0.60793				2
2026.01.30	00:46:04.637	0.60792				2
2026.01.30	00:46:05.248	0.60793				2
2026.01.30	00:46:05.565	0.60792	0.60819			6
2026.01.30	00:46:05.879	0.60794	0.60817			6
2026.01.30	00:46:07.443	0.60793				2
2026.01.30	00:46:15.167		0.60816			4
2026.01.30	00:46:15.471	0.60789	0.60809			6
2026.01.30	00:46:16.427	0.60787				2
2026.01.30	00:46:25.386	0.60786				2
2026.01.30	00:46:33.316	0.60785	0.60810			6
2026.01.30	00:46:35.655		0.60809			4
2026.01.30	00:46:36.457	0.60784	0.60808			6
2026.01.30	00:46:43.061	0.60783				2
2026.01.30	00:46:46.866		0.60809			4
2026.01.30	00:46:49.166	0.60782				2
2026.01.30	00:47:00.438	0.60782				2
2026.01.30	00:47:03.284	0.60775	0.60813			6
2026.01.30	00:47:03.585	0.60774				2
2026.01.30	00:47:06.798	0.60782	0.60809			6
2026.01.30	00:47:08.778	0.60781				2
2026.01.30	00:47:33.316		0.60808			4
2026.01.30	00:48:01.466	0.60781				2
2026.01.30	00:48:06.438		0.60810			4
2026.01.30	00:48:16.000		0.60811			4
2026.01.30	00:48:29.850	0.60779	0.60809			6
2026.01.30	00:48:33.607	0.60778	0.60795			6
2026.01.30	00:48:36.467		0.60794			4
2026.01.30	00:48:39.177	0.60777	0.60795			6
2026.01.30	00:48:41.384	0.60776	0.60796			6
2026.01.30	00:48:48.541	0.60777				2
2026.01.30	00:48:50.556	0.60776	0.60797			6
2026.01.30	00:48:51.306	0.60774	0.60789			6
2026.01.30	00:48:55.376		0.60790			4
2026.01.30	00:48:58.903	0.60770	0.60789			6
2026.01.30	00:49:00.233	0.60769	0.60790			6
2026.01.30	00:49:03.794	0.60766	0.60788			6
2026.01.30	00:49:05.297	0.60765	0.60789			6
2026.01.30	00:49:06.339	0.60766	0.60788			6
2026.01.30	00:49:07.407	0.60765	0.60779			6
2026.01.30	00:49:07.737	0.60762	0.60782			6
2026.01.30	00:49:08.112	0.60763	0.60781			6
2026.01.30	00:49:08.512	0.60760	0.60784			6
2026.01.30	00:49:09.678	0.60758	0.60786			6
2026.01.30	00:49:15.251		0.60790			4
2026.01.30	00:49:15.554	0.60755				2
2026.01.30	00:49:18.461	0.60754				2
2026.01.30	00:49:23.671	0.60753	0.60779			6
2026.01.30	00:49:24.126	0.60754	0.60778			6
2026.01.30	00:49:25.130	0.60752	0.60780			6
2026.01.30	00:49:25.461		0.60781			4
2026.01.30	00:49:25.960	0.60751	0.60768			6
2026.01.30	00:49:26.277	0.60741	0.60769			6
2026.01.30	00:49:26.583	0.60740				2
2026.01.30	00:49:26.885	0.60753				2
2026.01.30	00:49:29.464	0.60746				2
2026.01.30	00:49:30.016	0.60738	0.60766			6
2026.01.30	00:49:30.350		0.60765			4
2026.01.30	00:49:35.470		0.60767			4
2026.01.30	00:49:35.803	0.60739	0.60768			6
2026.01.30	00:49:36.772	0.60738	0.60771			6
2026.01.30	00:49:37.726		0.60770			4
2026.01.30	00:49:40.604		0.60768			4
2026.01.30	00:49:42.236		0.60770			4
2026.01.30	00:49:46.404		0.60766			4
2026.01.30	00:49:50.960	0.60739	0.60767			6
2026.01.30	00:49:52.217	0.60749				2
2026.01.30	00:49:52.535	0.60747	0.60768			6
2026.01.30	00:49:52.838	0.60749				2
2026.01.30	00:49:53.158	0.60740	0.60767			6
2026.01.30	00:49:53.466	0.60739				2
2026.01.30	00:49:54.419		0.60766			4
2026.01.30	00:49:55.991		0.60767			4
2026.01.30	00:49:57.632	0.60738				2
2026.01.30	00:49:58.936		0.60766			4
2026.01.30	00:50:00.194	0.60738				2
2026.01.30	00:50:00.543		0.60767			4
2026.01.30	00:50:00.845		0.60770			4
2026.01.30	00:50:04.688		0.60769			4
2026.01.30	00:50:05.965		0.60767			4
2026.01.30	00:50:06.280	0.60747	0.60769			6
2026.01.30	00:50:09.179	0.60746	0.60770			6
2026.01.30	00:50:13.581	0.60730	0.60764			6
2026.01.30	00:50:13.894	0.60733				2
2026.01.30	00:50:14.204	0.60734	0.60760			6
2026.01.30	00:50:14.544	0.60685	0.60716			6
2026.01.30	00:50:14.849	0.60714	0.60722			6
2026.01.30	00:50:15.195	0.60709	0.60750			6
2026.01.30	00:50:15.499	0.60722	0.60751			6
2026.01.30	00:50:15.847	0.60720	0.60757			6
2026.01.30	00:50:16.151	0.60705	0.60706			6
2026.01.30	00:50:16.457	0.60716	0.60751			6
2026.01.30	00:50:16.790	0.60717	0.60757			6
2026.01.30	00:50:17.104	0.60723	0.60760			6
2026.01.30	00:50:17.422	0.60730	0.60763			6
2026.01.30	00:50:17.738	0.60732	0.60764			6
2026.01.30	00:50:18.060	0.60731	0.60763			6
2026.01.30	00:50:18.365	0.60710	0.60738			6
2026.01.30	00:50:18.667	0.60715	0.60755			6
2026.01.30	00:50:18.971	0.60719	0.60759			6
2026.01.30	00:50:19.280	0.60713	0.60760			6
2026.01.30	00:50:19.584	0.60726	0.60763			6
2026.01.30	00:50:19.898	0.60731	0.60766			6
2026.01.30	00:50:20.398	0.60733	0.60765			6
2026.01.30	00:50:20.714	0.60720	0.60739			6
2026.01.30	00:50:21.017	0.60718	0.60751			6
2026.01.30	00:50:21.320	0.60728	0.60761			6
2026.01.30	00:50:21.622	0.60732	0.60763			6
2026.01.30	00:50:21.926	0.60731	0.60767			6
2026.01.30	00:50:22.990	0.60736	0.60768			6
2026.01.30	00:50:26.140		0.60769			4
2026.01.30	00:50:27.139	0.60738				2
2026.01.30	00:50:27.819	0.60737	0.60762			6
2026.01.30	00:50:28.121	0.60696	0.60697			6
2026.01.30	00:50:28.426	0.60700	0.60726			6
2026.01.30	00:50:28.734	0.60712	0.60719			6
2026.01.30	00:50:29.040	0.60723	0.60733			6
2026.01.30	00:50:29.343	0.60695	0.60726			6
2026.01.30	00:50:29.645	0.60706	0.60722			6
2026.01.30	00:50:29.950	0.60718	0.60753			6
2026.01.30	00:50:30.266	0.60723	0.60761			6
2026.01.30	00:50:30.602	0.60721	0.60764			6
2026.01.30	00:50:30.904	0.60727	0.60769			6
2026.01.30	00:50:31.219	0.60698	0.60719			6
2026.01.30	00:50:31.525	0.60724	0.60732			6
2026.01.30	00:50:31.840	0.60725	0.60745			6
2026.01.30	00:50:32.143	0.60726	0.60760			6
2026.01.30	00:50:32.457	0.60672	0.60673			6
2026.01.30	00:50:32.759	0.60711	0.60716			6
2026.01.30	00:50:33.065	0.60673	0.60734			6
2026.01.30	00:50:33.378	0.60682	0.60735			6
2026.01.30	00:50:33.682	0.60716	0.60729			6
2026.01.30	00:50:33.984	0.60680	0.60727			6
2026.01.30	00:50:34.287	0.60701	0.60715			6
2026.01.30	00:50:34.598	0.60723	0.60725			6
2026.01.30	00:50:34.907	0.60722	0.60750			6
2026.01.30	00:50:35.215	0.60718	0.60764			6
2026.01.30	00:50:35.518	0.60719	0.60759			6
2026.01.30	00:50:35.856	0.60723	0.60763			6
2026.01.30	00:50:36.170	0.60724	0.60767			6
2026.01.30	00:50:36.472	0.60690	0.60713			6
2026.01.30	00:50:36.779	0.60718	0.60755			6
2026.01.30	00:50:37.080	0.60720	0.60757			6
2026.01.30	00:50:37.399	0.60722	0.60765			6
2026.01.30	00:50:37.727	0.60719	0.60766			6
2026.01.30	00:50:38.032	0.60683	0.60684			6
2026.01.30	00:50:38.339	0.60671	0.60686			6
2026.01.30	00:50:38.645	0.60673	0.60734			6
2026.01.30	00:50:38.959	0.60716	0.60725			6
2026.01.30	00:50:39.262	0.60718	0.60746			6
2026.01.30	00:50:39.585	0.60727	0.60763			6
2026.01.30	00:50:39.895	0.60726	0.60769			6
2026.01.30	00:50:40.200	0.60701	0.60746			6
2026.01.30	00:50:40.536	0.60720				2
2026.01.30	00:50:40.836	0.60723	0.60754			6
2026.01.30	00:50:41.138	0.60720	0.60762			6
2026.01.30	00:50:42.253	0.60731	0.60764			6
2026.01.30	00:50:42.559	0.60716	0.60731			6
2026.01.30	00:50:42.873	0.60718	0.60760			6
2026.01.30	00:50:43.178	0.60726	0.60763			6
2026.01.30	00:50:43.479	0.60718	0.60761			6
2026.01.30	00:50:43.786	0.60717	0.60750			6
2026.01.30	00:50:44.096	0.60723	0.60756			6
2026.01.30	00:50:44.397	0.60722				2
2026.01.30	00:50:44.699	0.60728	0.60766			6
2026.01.30	00:50:45.018	0.60687	0.60688			6
2026.01.30	00:50:45.325	0.60710	0.60711			6
2026.01.30	00:50:45.640	0.60709	0.60710			6
2026.01.30	00:50:45.940	0.60700	0.60721			6
2026.01.30	00:50:46.256		0.60734			4
2026.01.30	00:50:46.557	0.60693	0.60723			6
2026.01.30	00:50:46.860	0.60720	0.60724			6
2026.01.30	00:50:47.165	0.60724	0.60742			6
2026.01.30	00:50:47.503	0.60726	0.60758			6
2026.01.30	00:50:47.811	0.60717	0.60718			6
2026.01.30	00:50:48.119	0.60718	0.60742			6
2026.01.30	00:50:48.452	0.60721	0.60759			6
2026.01.30	00:50:48.762	0.60681	0.60740			6
2026.01.30	00:50:49.070	0.60718	0.60731			6
2026.01.30	00:50:49.417	0.60722	0.60751			6
2026.01.30	00:50:49.756	0.60724	0.60766			6
2026.01.30	00:50:50.065	0.60712	0.60725			6
2026.01.30	00:50:50.379	0.60706	0.60707			6
2026.01.30	00:50:50.681	0.60720	0.60764			6
2026.01.30	00:50:50.999	0.60721	0.60768			6
2026.01.30	00:50:51.318	0.60699	0.60700			6
2026.01.30	00:50:51.623	0.60714	0.60755			6
2026.01.30	00:50:51.939	0.60719	0.60763			6
2026.01.30	00:50:52.275	0.60712	0.60760			6
2026.01.30	00:50:52.577	0.60713	0.60758			6
2026.01.30	00:50:52.885	0.60717	0.60760			6
2026.01.30	00:50:53.215	0.60687	0.60688			6
2026.01.30	00:50:53.518	0.60695	0.60704			6
2026.01.30	00:50:53.829	0.60697	0.60730			6
2026.01.30	00:50:54.134	0.60665	0.60734			6
2026.01.30	00:50:54.441	0.60656	0.60749			6
2026.01.30	00:50:54.749	0.60684	0.60767			6
2026.01.30	00:50:55.086		0.60765			4
2026.01.30	00:50:55.737	0.60691	0.60768			6
2026.01.30	00:50:56.739	0.60692	0.60770			6
2026.01.30	00:50:57.041	0.60696				2
2026.01.30	00:51:00.251	0.60696				2
2026.01.30	00:51:02.162	0.60660	0.60756			6
2026.01.30	00:51:02.475	0.60663	0.60759			6
2026.01.30	00:51:02.777	0.60674	0.60766			6
2026.01.30	00:51:03.085	0.60689	0.60768			6
2026.01.30	00:51:03.393	0.60694				2
2026.01.30	00:51:04.328	0.60703	0.60766			6
2026.01.30	00:51:04.670	0.60705				2
2026.01.30	00:51:04.996		0.60762			4
2026.01.30	00:51:05.303	0.60683	0.60742			6
2026.01.30	00:51:05.617	0.60692				2
2026.01.30	00:51:05.921	0.60699	0.60750			6
2026.01.30	00:51:06.223	0.60704	0.60761			6
2026.01.30	00:51:06.525	0.60686	0.60749			6
2026.01.30	00:51:06.840	0.60683	0.60751			6
2026.01.30	00:51:07.151	0.60692	0.60752			6
2026.01.30	00:51:07.475	0.60699	0.60757			6
2026.01.30	00:51:07.801	0.60704				2
2026.01.30	00:51:08.827	0.60713				2
2026.01.30	00:51:14.908		0.60760			4
2026.01.30	00:51:15.561	0.60666	0.60763			6
2026.01.30	00:51:15.864	0.60685	0.60732			6
2026.01.30	00:51:16.166	0.60684	0.60731			6
2026.01.30	00:51:16.471	0.60690	0.60743			6
2026.01.30	00:51:16.791	0.60693	0.60760			6
2026.01.30	00:51:17.098		0.60761			4
2026.01.30	00:51:17.422	0.60704	0.60765			6
2026.01.30	00:51:18.421	0.60712				2
2026.01.30	00:51:18.723	0.60714				2
2026.01.30	00:51:19.031		0.60764			4
2026.01.30	00:51:19.338	0.60680	0.60733			6
2026.01.30	00:51:19.658	0.60686	0.60739			6
2026.01.30	00:51:19.975	0.60691	0.60754			6
2026.01.30	00:51:20.278	0.60676	0.60734			6
2026.01.30	00:51:20.583	0.60685	0.60745			6
2026.01.30	00:51:20.915	0.60694	0.60758			6
2026.01.30	00:51:21.227	0.60672	0.60734			6
2026.01.30	00:51:21.536	0.60649				2
2026.01.30	00:51:21.838	0.60685	0.60735			6
2026.01.30	00:51:22.139	0.60681	0.60757			6
2026.01.30	00:51:22.440	0.60704	0.60767			6
2026.01.30	00:51:22.743	0.60681	0.60734			6
2026.01.30	00:51:23.057	0.60682	0.60737			6
2026.01.30	00:51:23.372	0.60689	0.60756			6
2026.01.30	00:51:23.678	0.60704	0.60763			6
2026.01.30	00:51:23.987	0.60670	0.60671			6
2026.01.30	00:51:24.297	0.60691	0.60741			6
2026.01.30	00:51:24.598	0.60689	0.60757			6
2026.01.30	00:51:24.904	0.60704	0.60767			6
2026.01.30	00:51:25.221	0.60662	0.60666			6
2026.01.30	00:51:25.543		0.60740			4
2026.01.30	00:51:25.853	0.60663				2
2026.01.30	00:51:26.492	0.60660	0.60760			6
2026.01.30	00:51:27.764		0.60762			4
2026.01.30	00:51:28.110	0.60662				2
2026.01.30	00:51:28.413	0.60660	0.60764			6
2026.01.30	00:51:29.370		0.60762			4
2026.01.30	00:51:32.280		0.60764			4
2026.01.30	00:51:34.188	0.60662				2
2026.01.30	00:51:36.142	0.60659	0.60762			6
2026.01.30	00:51:36.749	0.60691	0.60769			6
2026.01.30	00:51:37.059	0.60699	0.60765			6
2026.01.30	00:51:37.364	0.60709	0.60766			6
2026.01.30	00:51:37.666		0.60764			4
2026.01.30	00:51:37.977	0.60694	0.60765			6
2026.01.30	00:51:38.283	0.60701	0.60766			6
2026.01.30	00:51:38.601	0.60704	0.60765			6
2026.01.30	00:51:38.905	0.60709	0.60764			6
2026.01.30	00:51:39.219	0.60699				2
2026.01.30	00:51:39.838	0.60702	0.60767			6
2026.01.30	00:51:40.157	0.60704	0.60764			6
2026.01.30	00:51:40.457	0.60703	0.60766			6
2026.01.30	00:51:40.764	0.60694	0.60769			6
2026.01.30	00:51:41.079	0.60693	0.60768			6
2026.01.30	00:51:41.385	0.60699	0.60767			6
2026.01.30	00:51:41.685	0.60694	0.60769			6
2026.01.30	00:51:42.746	0.60706	0.60770			6
2026.01.30	00:51:53.344	0.60705				2
2026.01.30	00:52:00.043	0.60705				2
2026.01.30	00:52:11.280	0.60706				2
2026.01.30	00:52:14.838	0.60705				2
2026.01.30	00:52:15.791	0.60706				2
2026.01.30	00:52:42.836	0.60707	0.60770			6
2026.01.30	00:52:48.607	0.60706				2
2026.01.30	00:52:51.471	0.60707				2
2026.01.30	00:52:56.292	0.60706				2
2026.01.30	00:52:56.603	0.60707				2
2026.01.30	00:53:00.157	0.60707				2
2026.01.30	00:53:01.109	0.60698				2
2026.01.30	00:53:01.411	0.60704				2
2026.01.30	00:53:01.730	0.60698				2
2026.01.30	00:53:02.041	0.60709				2
2026.01.30	00:53:02.685	0.60703				2
2026.01.30	00:53:03.002	0.60704				2
2026.01.30	00:53:03.304	0.60709				2
2026.01.30	00:53:03.628	0.60698				2
2026.01.30	00:53:03.944	0.60709				2
2026.01.30	00:53:04.278	0.60701				2
2026.01.30	00:53:04.580	0.60704				2
2026.01.30	00:53:04.905	0.60709				2
2026.01.30	00:53:05.227	0.60698				2
2026.01.30	00:53:05.577	0.60709				2
2026.01.30	00:53:05.885	0.60701				2
2026.01.30	00:53:06.201	0.60694				2
2026.01.30	00:53:06.503	0.60709				2
2026.01.30	00:53:09.349	0.60704				2
2026.01.30	00:53:09.958	0.60709				2
2026.01.30	00:53:12.186	0.60695				2
2026.01.30	00:53:12.499	0.60702				2
2026.01.30	00:53:12.801	0.60695				2
2026.01.30	00:53:13.102	0.60707				2
2026.01.30	00:53:13.404	0.60709				2
2026.01.30	00:53:15.944	0.60702				2
2026.01.30	00:53:16.252	0.60707				2
2026.01.30	00:53:16.557	0.60709				2
2026.01.30	00:53:18.784	0.60694				2
2026.01.30	00:53:19.101	0.60702				2
2026.01.30	00:53:19.404	0.60694				2
2026.01.30	00:53:19.704	0.60709				2
2026.01.30	00:53:22.244	0.60704				2
2026.01.30	00:53:22.858	0.60709				2
2026.01.30	00:53:25.048	0.60714				2
2026.01.30	00:53:25.353	0.60704	0.60765			6
2026.01.30	00:53:25.727	0.60705				2
2026.01.30	00:53:26.056	0.60710	0.60766			6
2026.01.30	00:53:26.378	0.60704	0.60765			6
2026.01.30	00:53:27.566	0.60708				2
2026.01.30	00:53:31.040	0.60709				2
2026.01.30	00:54:00.070	0.60709				2
2026.01.30	00:54:25.772	0.60714	0.60768			6
2026.01.30	00:54:26.084	0.60702	0.60765			6
2026.01.30	00:54:26.400	0.60696				2
2026.01.30	00:54:26.703	0.60709				2
2026.01.30	00:54:27.031	0.60702				2
2026.01.30	00:54:27.376	0.60696				2
2026.01.30	00:54:27.683	0.60709				2
2026.01.30	00:54:27.991	0.60705				2
2026.01.30	00:54:28.342	0.60714	0.60768			6
2026.01.30	00:54:28.644	0.60709	0.60765			6
2026.01.30	00:54:28.973	0.60711				2
2026.01.30	00:54:29.924	0.60704				2
2026.01.30	00:54:30.229	0.60714	0.60767			6
2026.01.30	00:54:30.536	0.60711	0.60765			6
2026.01.30	00:54:30.843	0.60708				2
2026.01.30	00:54:31.144	0.60706				2
2026.01.30	00:54:31.456	0.60715				2
2026.01.30	00:54:31.757	0.60711				2
2026.01.30	00:54:32.071	0.60708				2
2026.01.30	00:54:32.387	0.60709				2
2026.01.30	00:54:32.698	0.60702				2
2026.01.30	00:54:33.005	0.60711				2
2026.01.30	00:54:33.325	0.60708				2
2026.01.30	00:54:33.676	0.60700				2
2026.01.30	00:54:33.984	0.60711				2
2026.01.30	00:54:34.285	0.60719	0.60769			6
2026.01.30	00:54:34.587	0.60714	0.60767			6
2026.01.30	00:54:34.908		0.60765			4
2026.01.30	00:54:35.218	0.60709				2
2026.01.30	00:54:35.525	0.60706				2
2026.01.30	00:54:35.841	0.60703				2
2026.01.30	00:54:36.226	0.60706				2
2026.01.30	00:54:36.892	0.60710				2
2026.01.30	00:54:37.555	0.60709				2
2026.01.30	00:54:38.176	0.60704				2
2026.01.30	00:54:38.826	0.60705				2
2026.01.30	00:54:39.155	0.60711				2
2026.01.30	00:54:39.476	0.60707				2
2026.01.30	00:54:39.828	0.60705				2
2026.01.30	00:54:40.156	0.60711				2
2026.01.30	00:54:40.477	0.60707				2
2026.01.30	00:54:40.826	0.60705				2
2026.01.30	00:54:41.152	0.60709				2
2026.01.30	00:54:41.476	0.60704				2
2026.01.30	00:54:41.826	0.60706				2
2026.01.30	00:54:42.127	0.60711				2
2026.01.30	00:54:42.436	0.60707				2
2026.01.30	00:54:42.826	0.60705				2
2026.01.30	00:54:43.127	0.60711				2
2026.01.30	00:54:43.437	0.60707				2
2026.01.30	00:54:43.826	0.60706				2
2026.01.30	00:54:44.131	0.60711				2
2026.01.30	00:54:44.441	0.60707				2
2026.01.30	00:54:44.826	0.60705				2
2026.01.30	00:54:45.131	0.60711				2
2026.01.30	00:54:45.477	0.60707				2
2026.01.30	00:54:45.826	0.60705				2
2026.01.30	00:54:46.141	0.60711				2
2026.01.30	00:54:46.476	0.60703				2
2026.01.30	00:54:46.826	0.60705				2
2026.01.30	00:54:47.146	0.60710				2
2026.01.30	00:54:47.477	0.60704				2
2026.01.30	00:54:48.128	0.60710				2
2026.01.30	00:54:48.479	0.60706				2
2026.01.30	00:54:48.827	0.60705				2
2026.01.30	00:54:49.130	0.60710				2
2026.01.30	00:54:49.478	0.60706				2
2026.01.30	00:54:49.826	0.60705				2
2026.01.30	00:54:50.147	0.60710				2
2026.01.30	00:54:50.476	0.60704				2
2026.01.30	00:54:51.154	0.60710				2
2026.01.30	00:54:51.477	0.60703				2
2026.01.30	00:54:51.817	0.60704				2
2026.01.30	00:54:52.122	0.60709				2
2026.01.30	00:54:52.477	0.60703				2
2026.01.30	00:54:52.825	0.60704				2
2026.01.30	00:54:53.151	0.60710				2
2026.01.30	00:54:53.476	0.60706				2
2026.01.30	00:54:53.827	0.60705				2
2026.01.30	00:54:54.136	0.60709				2
2026.01.30	00:54:54.477	0.60704				2
2026.01.30	00:54:55.154	0.60709				2
2026.01.30	00:54:55.479	0.60704				2
2026.01.30	00:54:56.130	0.60709				2
2026.01.30	00:54:56.442	0.60704				2
2026.01.30	00:54:57.130	0.60709				2
2026.01.30	00:54:57.436	0.60704				2
2026.01.30	00:54:57.738	0.60714	0.60768			6
2026.01.30	00:54:58.043	0.60701	0.60765			6
2026.01.30	00:54:58.353	0.60698				2
2026.01.30	00:54:58.656	0.60709				2
2026.01.30	00:54:58.966	0.60704				2
2026.01.30	00:54:59.327	0.60698				2
2026.01.30	00:54:59.656	0.60709				2
2026.01.30	00:54:59.977	0.60704				2
2026.01.30	00:55:00.326	0.60699				2
2026.01.30	00:55:00.629	0.60709				2
2026.01.30	00:55:00.977	0.60704				2
2026.01.30	00:55:01.325	0.60699				2
2026.01.30	00:55:01.646	0.60711				2
2026.01.30	00:55:01.976	0.60704				2
2026.01.30	00:55:02.325	0.60702				2
2026.01.30	00:55:02.629	0.60710				2
2026.01.30	00:55:02.976	0.60706				2
2026.01.30	00:55:03.325	0.60701				2
2026.01.30	00:55:03.631	0.60711				2
2026.01.30	00:55:03.933	0.60703				2
2026.01.30	00:55:04.326	0.60701				2
2026.01.30	00:55:04.652	0.60712				2
2026.01.30	00:55:04.979	0.60704				2
2026.01.30	00:55:05.327	0.60700				2
2026.01.30	00:55:05.630	0.60711				2
2026.01.30	00:55:05.979	0.60703				2
2026.01.30	00:55:06.325	0.60702				2
2026.01.30	00:55:06.630	0.60711				2
2026.01.30	00:55:06.977	0.60703				2
2026.01.30	00:55:07.326	0.60698				2
2026.01.30	00:55:07.652	0.60709				2
2026.01.30	00:55:07.978	0.60703				2
2026.01.30	00:55:08.325	0.60698				2
2026.01.30	00:55:08.631	0.60711				2
2026.01.30	00:55:08.976	0.60704				2
2026.01.30	00:55:09.327	0.60706				2
2026.01.30	00:55:09.634	0.60709				2
2026.01.30	00:55:09.977	0.60705				2
2026.01.30	00:55:10.324	0.60699				2
2026.01.30	00:55:10.625	0.60709				2
2026.01.30	00:55:10.978	0.60705				2
2026.01.30	00:55:11.326	0.60699				2
2026.01.30	00:55:11.654	0.60707				2
2026.01.30	00:55:11.976	0.60705				2
2026.01.30	00:55:12.287	0.60707				2
2026.01.30	00:55:12.676	0.60699				2
2026.01.30	00:55:12.979	0.60707				2
2026.01.30	00:55:13.284	0.60705				2
2026.01.30	00:55:14.007	0.60704				2
2026.01.30	00:55:14.325	0.60707				2
2026.01.30	00:55:14.639	0.60702				2
2026.01.30	00:55:14.941	0.60705				2
2026.01.30	00:55:15.276	0.60704				2
2026.01.30	00:55:15.586	0.60702				2
2026.01.30	00:55:15.887	0.60703				2
2026.01.30	00:55:16.203	0.60699				2
2026.01.30	00:55:16.507	0.60709	0.60766			6
2026.01.30	00:55:16.823	0.60699	0.60765			6
2026.01.30	00:55:17.131	0.60709	0.60766			6
2026.01.30	00:55:17.443	0.60696	0.60765			6
2026.01.30	00:55:17.757	0.60698				2
2026.01.30	00:55:18.057	0.60704				2
2026.01.30	00:55:18.378	0.60699				2
2026.01.30	00:55:18.684	0.60709	0.60766			6
2026.01.30	00:55:19.026	0.60704	0.60765			6
2026.01.30	00:55:19.352	0.60709				2
2026.01.30	00:55:19.657	0.60704				2
2026.01.30	00:55:19.971	0.60703				2
2026.01.30	00:55:20.284	0.60709	0.60766			6
2026.01.30	00:55:20.586	0.60714	0.60768			6
2026.01.30	00:55:20.890	0.60696	0.60765			6
2026.01.30	00:55:21.503	0.60709	0.60766			6
2026.01.30	00:55:21.830	0.60702	0.60765			6
2026.01.30	00:55:22.175	0.60709	0.60766			6
2026.01.30	00:55:22.478	0.60702	0.60765			6
2026.01.30	00:55:22.825	0.60696				2
2026.01.30	00:55:23.135	0.60704				2
2026.01.30	00:55:23.477	0.60709				2
2026.01.30	00:55:23.786	0.60699				2
2026.01.30	00:55:24.091	0.60709	0.60766			6
2026.01.30	00:55:24.399	0.60704	0.60765			6
2026.01.30	00:55:24.727	0.60699				2
2026.01.30	00:55:25.091	0.60709	0.60766			6
2026.01.30	00:55:25.400	0.60704	0.60765			6
2026.01.30	00:55:25.722	0.60709	0.60766			6
2026.01.30	00:55:26.077	0.60701	0.60765			6
2026.01.30	00:55:26.381	0.60698				2
2026.01.30	00:55:26.687	0.60701				2
2026.01.30	00:55:26.993	0.60704				2
2026.01.30	00:55:27.306	0.60709				2
2026.01.30	00:55:27.618	0.60702				2
2026.01.30	00:55:27.922	0.60709	0.60766			6
2026.01.30	00:55:28.229	0.60699	0.60765			6
2026.01.30	00:55:28.544	0.60709	0.60766			6
2026.01.30	00:55:28.877		0.60765			4
2026.01.30	00:55:29.485	0.60696				2
2026.01.30	00:55:29.801	0.60704				2
2026.01.30	00:55:30.102	0.60696				2
2026.01.30	00:55:30.404	0.60709				2
2026.01.30	00:55:30.706	0.60696				2
2026.01.30	00:55:31.007	0.60709				2
2026.01.30	00:55:33.244	0.60703				2
2026.01.30	00:55:33.857	0.60709				2
2026.01.30	00:55:36.084	0.60696				2
2026.01.30	00:55:36.402	0.60709				2
2026.01.30	00:55:37.577	0.60715				2
2026.01.30	00:55:39.789	0.60714				2
2026.01.30	00:55:43.953	0.60708				2
2026.01.30	00:55:44.257	0.60710				2
2026.01.30	00:55:44.576	0.60706				2
2026.01.30	00:55:44.925	0.60707				2
2026.01.30	00:55:45.255	0.60710				2
2026.01.30	00:55:45.576	0.60706				2
2026.01.30	00:55:46.235	0.60709				2
2026.01.30	00:55:46.577	0.60703				2
2026.01.30	00:55:46.926	0.60704				2
2026.01.30	00:55:47.243	0.60709				2
2026.01.30	00:55:47.577	0.60703				2
2026.01.30	00:55:47.926	0.60704				2
2026.01.30	00:55:48.227	0.60709				2
2026.01.30	00:55:48.577	0.60703				2
2026.01.30	00:55:48.926	0.60704				2
2026.01.30	00:55:49.244	0.60709				2
2026.01.30	00:55:49.556	0.60703				2
2026.01.30	00:55:49.930	0.60704				2
2026.01.30	00:55:50.236	0.60709				2
2026.01.30	00:55:50.541	0.60703				2
2026.01.30	00:55:50.890	0.60714	0.60766			6
2026.01.30	00:55:51.198	0.60709	0.60765			6
2026.01.30	00:55:51.501	0.60703				2
2026.01.30	00:55:51.822	0.60714	0.60766			6
2026.01.30	00:55:52.123	0.60703	0.60765			6
2026.01.30	00:55:52.426	0.60698				2
2026.01.30	00:55:52.731	0.60709				2
2026.01.30	00:55:53.035	0.60703				2
2026.01.30	00:55:53.390	0.60714	0.60766			6
2026.01.30	00:55:53.692	0.60709	0.60765			6
2026.01.30	00:55:54.009	0.60703				2
2026.01.30	00:55:54.322	0.60714				2
2026.01.30	00:55:54.624	0.60703				2
2026.01.30	00:55:54.926	0.60705				2
2026.01.30	00:55:55.241	0.60709				2
2026.01.30	00:55:55.577	0.60703				2
2026.01.30	00:55:55.891	0.60714				2
2026.01.30	00:55:56.192	0.60709				2
2026.01.30	00:55:56.503	0.60703				2
2026.01.30	00:55:56.822	0.60714				2
2026.01.30	00:55:57.124	0.60703				2
2026.01.30	00:55:57.425	0.60698				2
2026.01.30	00:55:57.753	0.60709	0.60762			6
2026.01.30	00:55:58.069	0.60703	0.60749			6
2026.01.30	00:55:58.380	0.60709				2
2026.01.30	00:55:58.728	0.60706				2
2026.01.30	00:55:59.054	0.60710	0.60750			6
2026.01.30	00:55:59.357		0.60749			4
2026.01.30	00:55:59.658	0.60709	0.60748			6
2026.01.30	00:55:59.976		0.60750			4
2026.01.30	00:56:00.327	0.60710	0.60749			6
2026.01.30	00:56:00.627	0.60709	0.60748			6
2026.01.30	00:56:00.938	0.60710	0.60749			6
2026.01.30	00:56:01.251	0.60708				2
2026.01.30	00:56:01.558	0.60710				2
2026.01.30	00:56:01.862		0.60748			4
2026.01.30	00:56:02.179	0.60709				2
2026.01.30	00:56:02.481		0.60749			4
2026.01.30	00:56:03.098	0.60715				2
2026.01.30	00:56:03.722	0.60709				2
2026.01.30	00:56:04.337		0.60748			4
2026.01.30	00:56:04.638	0.60707	0.60746			6
2026.01.30	00:56:04.948	0.60708	0.60745			6
2026.01.30	00:56:05.251	0.60707				2
2026.01.30	00:56:05.560	0.60709	0.60744			6
2026.01.30	00:56:05.876	0.60707	0.60745			6
2026.01.30	00:56:06.178	0.60708	0.60746			6
2026.01.30	00:56:06.484	0.60695	0.60745			6
2026.01.30	00:56:06.801	0.60701				2
2026.01.30	00:56:07.104	0.60704	0.60746			6
2026.01.30	00:56:07.406	0.60701	0.60745			6
2026.01.30	00:56:07.719	0.60704	0.60749			6
2026.01.30	00:56:08.021	0.60713	0.60747			6
2026.01.30	00:56:08.325	0.60704				2
2026.01.30	00:56:08.910		0.60746			4
2026.01.30	00:56:09.276	0.60713				2
2026.01.30	00:56:14.260	0.60711	0.60752			6
2026.01.30	00:56:14.578	0.60713	0.60750			6
2026.01.30	00:56:14.884	0.60710	0.60749			6
2026.01.30	00:56:15.826	0.60719				2
2026.01.30	00:56:16.994	0.60720	0.60748			6
2026.01.30	00:56:17.898	0.60714	0.60745			6
2026.01.30	00:56:18.225		0.60744			4
2026.01.30	00:56:39.408		0.60743			4
2026.01.30	00:56:39.717	0.60715	0.60746			6
2026.01.30	00:56:40.731	0.60714				2
2026.01.30	00:56:41.734		0.60747			4
2026.01.30	00:56:46.739	0.60707	0.60743			6
2026.01.30	00:56:47.044	0.60698	0.60741			6
2026.01.30	00:56:48.129	0.60702				2
2026.01.30	00:56:48.743	0.60701				2
2026.01.30	00:56:49.047	0.60702	0.60742			6
2026.01.30	00:56:54.178		0.60741			4
2026.01.30	00:57:00.284	0.60702				2
2026.01.30	00:57:03.844	0.60701	0.60742			6
2026.01.30	00:57:09.265	0.60702				2
2026.01.30	00:57:23.112	0.60701				2
2026.01.30	00:57:23.416		0.60744			4
2026.01.30	00:57:25.370		0.60745			4
2026.01.30	00:57:28.232	0.60721				2
2026.01.30	00:57:28.539	0.60700	0.60743			6
2026.01.30	00:57:28.847	0.60720				2
2026.01.30	00:57:29.193	0.60700				2
2026.01.30	00:57:29.537	0.60720				2
2026.01.30	00:57:30.018	0.60700				2
2026.01.30	00:57:30.339	0.60720				2
2026.01.30	00:57:30.725	0.60700				2
2026.01.30	00:57:31.042	0.60720				2
2026.01.30	00:57:31.414	0.60700				2
2026.01.30	00:57:31.747	0.60720				2
2026.01.30	00:57:32.127	0.60700				2
2026.01.30	00:57:36.010		0.60744			4
2026.01.30	00:57:37.614	0.60709	0.60745			6
2026.01.30	00:57:37.924	0.60698				2
2026.01.30	00:57:38.401		0.60746			4
2026.01.30	00:57:39.115	0.60701				2
2026.01.30	00:57:44.892		0.60745			4
2026.01.30	00:58:00.300	0.60701				2
2026.01.30	00:58:17.317	0.60703				2
2026.01.30	00:58:17.625	0.60708				2
2026.01.30	00:58:18.806	0.60712				2
2026.01.30	00:58:20.943		0.60749			4
2026.01.30	00:58:21.249	0.60710				2
2026.01.30	00:58:24.395		0.60748			4
2026.01.30	00:58:25.717	0.60719				2
2026.01.30	00:58:51.402		0.60747			4
2026.01.30	00:58:54.444		0.60751			4
2026.01.30	00:58:54.857		0.60755			4
2026.01.30	00:58:56.602		0.60754			4
2026.01.30	00:59:00.528	0.60719				2
2026.01.30	00:59:02.086		0.60752			4
2026.01.30	00:59:06.548		0.60753			4
2026.01.30	00:59:08.761		0.60752			4
2026.01.30	00:59:10.203	0.60720				2
2026.01.30	00:59:11.417	0.60722				2
2026.01.30	00:59:12.419	0.60731	0.60761			6
2026.01.30	00:59:13.591		0.60760			4
2026.01.30	00:59:15.213		0.60759			4
2026.01.30	00:59:15.766	0.60732	0.60758			6
2026.01.30	00:59:16.265		0.60757			4
2026.01.30	00:59:33.177	0.60733	0.60756			6
2026.01.30	00:59:40.390	0.60735	0.60760			6
2026.01.30	00:59:40.712	0.60736				2
2026.01.30	00:59:41.337		0.60763			4
2026.01.30	00:59:42.201		0.60760			4
2026.01.30	00:59:43.216	0.60735				2
2026.01.30	00:59:44.136	0.60736				2
2026.01.30	00:59:49.414	0.60735				2
2026.01.30	00:59:53.157	0.60736				2
2026.01.30	00:59:58.029	0.60741	0.60802			6
2026.01.30	00:59:58.339	0.60747	0.60797			6
2026.01.30	00:59:59.472	0.60753	0.60791			6
2026.01.30	01:00:00.117	0.60750	0.60795			6
2026.01.30	01:00:00.423	0.60755	0.60789			6
2026.01.30	01:00:00.732	0.60753	0.60791			6
2026.01.30	01:00:01.201	0.60757	0.60793			6
2026.01.30	01:00:01.503		0.60794			4
2026.01.30	01:00:01.806	0.60760				2
2026.01.30	01:00:03.281	0.60764	0.60790			6
2026.01.30	01:00:03.621	0.60759	0.60795			6
2026.01.30	01:00:03.962	0.60756	0.60796			6
2026.01.30	01:00:04.266	0.60755	0.60797			6
2026.01.30	01:00:05.874	0.60751	0.60798			6
2026.01.30	01:00:06.224	0.60753	0.60796			6
2026.01.30	01:00:06.536	0.60752	0.60795			6
2026.01.30	01:00:08.479	0.60756	0.60789			6
2026.01.30	01:00:08.796	0.60753	0.60787			6
2026.01.30	01:00:09.102	0.60754	0.60788			6
2026.01.30	01:00:09.734	0.60753	0.60787			6
2026.01.30	01:00:10.354		0.60788			4
2026.01.30	01:00:11.340		0.60789			4
2026.01.30	01:00:13.645		0.60788			4
2026.01.30	01:00:14.600		0.60789			4
2026.01.30	01:00:19.722	0.60750	0.60790			6
2026.01.30	01:00:21.826		0.60789			4
2026.01.30	01:00:26.340	0.60755				2
2026.01.30	01:00:26.643		0.60792			4
2026.01.30	01:00:31.045		0.60793			4
2026.01.30	01:00:31.363		0.60792			4
2026.01.30	01:00:31.716		0.60791			4
2026.01.30	01:00:32.367		0.60792			4
2026.01.30	01:00:40.377		0.60791			4
2026.01.30	01:00:42.005		0.60792			4
2026.01.30	01:00:42.349		0.60791			4
2026.01.30	01:00:50.439		0.60792			4
2026.01.30	01:00:51.736		0.60793			4
2026.01.30	01:00:52.736		0.60792			4
2026.01.30	01:00:55.292		0.60793			4
2026.01.30	01:00:59.464		0.60792			4
2026.01.30	01:01:00.133	0.60759	0.60784			6
2026.01.30	01:01:00.435	0.60760				2
2026.01.30	01:01:02.621	0.60759				2
2026.01.30	01:01:07.607	0.60760				2
2026.01.30	01:01:10.441	0.60759				2
2026.01.30	01:01:11.674	0.60760				2
2026.01.30	01:01:13.877	0.60759				2
2026.01.30	01:01:19.847	0.60760				2
2026.01.30	01:01:20.479		0.60783			4
2026.01.30	01:01:21.105	0.60761				2
2026.01.30	01:01:21.432	0.60760				2
2026.01.30	01:01:22.355	0.60761				2
2026.01.30	01:01:22.684	0.60760				2
2026.01.30	01:01:23.639	0.60761				2
2026.01.30	01:01:30.856	0.60760				2
2026.01.30	01:01:32.713	0.60761				2
2026.01.30	01:01:33.034	0.60760				2
2026.01.30	01:01:33.342	0.60761				2
2026.01.30	01:01:33.653	0.60771	0.60773			6
2026.01.30	01:01:35.194		0.60774			4
2026.01.30	01:01:37.402		0.60773			4
2026.01.30	01:01:38.654	0.60772	0.60774			6
2026.01.30	01:01:39.890	0.60771	0.60773			6
2026.01.30	01:01:44.578	0.60772	0.60774			6
2026.01.30	01:01:45.508	0.60771	0.60773			6
2026.01.30	01:01:51.749	0.60772	0.60774			6
2026.01.30	01:01:58.676	0.60771	0.60773			6
2026.01.30	01:01:59.912	0.60772	0.60774			6
2026.01.30	01:02:00.233	0.60772				2
2026.01.30	01:02:01.815	0.60773	0.60775			6
2026.01.30	01:02:02.422	0.60772	0.60774			6
2026.01.30	01:02:03.371		0.60775			4
2026.01.30	01:02:03.978	0.60771	0.60774			6
2026.01.30	01:02:04.597	0.60770	0.60773			6
2026.01.30	01:02:07.103	0.60771	0.60774			6
2026.01.30	01:02:13.653	0.60772	0.60775			6
2026.01.30	01:02:22.382	0.60773				2
2026.01.30	01:02:28.004	0.60770	0.60772			6
2026.01.30	01:02:28.327	0.60769	0.60771			6
2026.01.30	01:02:29.277	0.60768				2
2026.01.30	01:02:33.342	0.60769	0.60772			6
2026.01.30	01:02:35.227	0.60768	0.60771			6
2026.01.30	01:02:38.991		0.60770			4
2026.01.30	01:02:45.561	0.60769				2
2026.01.30	01:02:46.186	0.60768				2
2026.01.30	01:02:49.947	0.60769				2
2026.01.30	01:02:56.200	0.60768				2
2026.01.30	01:03:00.280	0.60768				2
2026.01.30	01:03:01.821	0.60767				2
2026.01.30	01:03:03.092	0.60768				2
2026.01.30	01:03:04.333	0.60767	0.60768			6
2026.01.30	01:03:11.277	0.60768	0.60769			6
2026.01.30	01:03:22.866	0.60767	0.60768			6
2026.01.30	01:03:23.168	0.60766	0.60767			6
2026.01.30	01:03:24.102	0.60765				2
2026.01.30	01:03:28.820	0.60766				2
2026.01.30	01:03:30.995	0.60765				2
2026.01.30	01:03:31.298	0.60777	0.60780			6
2026.01.30	01:03:31.603	0.60774	0.60776			6
2026.01.30	01:03:31.919	0.60772	0.60775			6
2026.01.30	01:03:32.232		0.60776			4
2026.01.30	01:03:32.557	0.60771	0.60775			6
2026.01.30	01:03:34.443	0.60772	0.60776			6
2026.01.30	01:03:37.553	0.60771	0.60773			6
2026.01.30	01:03:37.856	0.60768	0.60770			6
2026.01.30	01:03:39.130		0.60771			4
2026.01.30	01:03:41.316	0.60769	0.60773			6
2026.01.30	01:03:41.621	0.60772	0.60775			6
2026.01.30	01:03:44.782		0.60776			4
2026.01.30	01:03:48.221		0.60775			4
2026.01.30	01:03:51.359	0.60769	0.60772			6
2026.01.30	01:03:53.217	0.60768	0.60771			6
2026.01.30	01:03:56.654	0.60767	0.60770			6
2026.01.30	01:04:00.110	0.60767				2
2026.01.30	01:04:01.349	0.60768				2
2026.01.30	01:04:01.671	0.60767	0.60769			6
2026.01.30	01:04:03.253	0.60768	0.60770			6
2026.01.30	01:04:08.894	0.60772	0.60774			6
2026.01.30	01:04:09.223		0.60775			4
2026.01.30	01:04:18.307		0.60774			4
2026.01.30	01:04:19.231	0.60771				2
2026.01.30	01:04:20.788	0.60770	0.60773			6
2026.01.30	01:04:22.326	0.60771				2
2026.01.30	01:04:30.153	0.60770	0.60772			6
2026.01.30	01:04:31.107	0.60771	0.60773			6
2026.01.30	01:04:32.360	0.60770	0.60772			6
2026.01.30	01:04:33.314	0.60769	0.60771			6
2026.01.30	01:04:34.285	0.60768				2
2026.01.30	01:04:35.235	0.60769				2
2026.01.30	01:04:42.753	0.60770	0.60772			6
2026.01.30	01:04:43.373	0.60769	0.60771			6
2026.01.30	01:04:49.302	0.60770	0.60772			6
2026.01.30	01:04:52.137	0.60766	0.60769			6
2026.01.30	01:04:52.441	0.60765	0.60768			6
2026.01.30	01:04:53.395		0.60769			4
2026.01.30	01:04:57.256		0.60768			4
2026.01.30	01:05:00.084	0.60765				2
2026.01.30	01:05:03.194	0.60766				2
2026.01.30	01:05:10.073	0.60765	0.60767			6
2026.01.30	01:05:11.008	0.60766	0.60768			6
2026.01.30	01:05:12.883	0.60767	0.60769			6
2026.01.30	01:05:15.392		0.60770			4
2026.01.30	01:05:16.376	0.60768				2
2026.01.30	01:05:16.995	0.60767	0.60769			6
2026.01.30	01:05:17.300	0.60765				2
2026.01.30	01:05:20.189	0.60766				2
2026.01.30	01:05:21.448	0.60765	0.60768			6
2026.01.30	01:05:22.400	0.60766	0.60769			6
2026.01.30	01:05:23.705	0.60765	0.60768			6
2026.01.30	01:05:27.265	0.60766				2
2026.01.30	01:05:47.001	0.60765	0.60767			6
2026.01.30	01:05:47.935	0.60764	0.60766			6
2026.01.30	01:05:49.208	0.60762	0.60764			6
2026.01.30	01:05:49.511	0.60757	0.60759			6
2026.01.30	01:05:50.143	0.60756	0.60760			6
2026.01.30	01:05:50.446	0.60755	0.60759			6
2026.01.30	01:05:50.792	0.60756	0.60760			6
2026.01.30	01:06:00.078	0.60756				2
2026.01.30	01:06:00.430		0.60759			4
2026.01.30	01:06:02.343	0.60761	0.60764			6
2026.01.30	01:06:03.344	0.60760				2
2026.01.30	01:06:04.347	0.60752	0.60756			6
2026.01.30	01:06:05.047	0.60751	0.60755			6
2026.01.30	01:06:07.970	0.60752	0.60756			6
2026.01.30	01:06:10.871	0.60756	0.60760			6
2026.01.30	01:06:11.180	0.60755	0.60759			6
2026.01.30	01:06:13.482	0.60756	0.60760			6
2026.01.30	01:06:13.785	0.60755	0.60759			6
2026.01.30	01:06:15.138	0.60756	0.60760			6
2026.01.30	01:06:15.441	0.60755	0.60759			6
2026.01.30	01:06:17.393		0.60758			4
2026.01.30	01:06:19.003	0.60756	0.60759			6
2026.01.30	01:06:19.703	0.60757	0.60760			6
2026.01.30	01:06:20.007	0.60758	0.60761			6
2026.01.30	01:06:21.308		0.60762			4
2026.01.30	01:06:24.172		0.60761			4
2026.01.30	01:06:26.481	0.60759	0.60762			6
2026.01.30	01:06:29.388		0.60761			4
2026.01.30	01:06:35.630	0.60756	0.60758			6
2026.01.30	01:06:35.932	0.60755	0.60757			6
2026.01.30	01:06:36.867	0.60754	0.60756			6
2026.01.30	01:06:37.184	0.60753	0.60757			6
2026.01.30	01:06:40.381		0.60756			4
2026.01.30	01:06:40.729	0.60754	0.60757			6
2026.01.30	01:06:42.336	0.60752	0.60755			6
2026.01.30	01:06:42.987	0.60753	0.60756			6
2026.01.30	01:06:44.595	0.60757	0.60760			6
2026.01.30	01:06:45.247		0.60761			4
2026.01.30	01:06:48.413		0.60760			4
2026.01.30	01:06:52.276	0.60758	0.60761			6
2026.01.30	01:06:53.274		0.60760			4
2026.01.30	01:06:56.359	0.60757				2
2026.01.30	01:06:57.341	0.60758				2
2026.01.30	01:07:00.126	0.60758				2
2026.01.30	01:07:05.773	0.60757	0.60758			6
2026.01.30	01:07:06.395		0.60759			4
2026.01.30	01:07:11.740	0.60762	0.60764			6
2026.01.30	01:07:13.297	0.60761	0.60765			6
2026.01.30	01:07:15.552	0.60760	0.60764			6
2026.01.30	01:07:16.508	0.60761	0.60765			6
2026.01.30	01:07:16.815	0.60763	0.60767			6
2026.01.30	01:07:17.809	0.60764	0.60768			6
2026.01.30	01:07:19.417	0.60768	0.60771			6
2026.01.30	01:07:19.722	0.60771	0.60775			6
2026.01.30	01:07:21.022	0.60772	0.60776			6
2026.01.30	01:07:23.978	0.60773	0.60777			6
2026.01.30	01:07:27.192	0.60774				2
2026.01.30	01:07:31.405		0.60776			4
2026.01.30	01:07:37.331		0.60775			4
2026.01.30	01:07:53.937		0.60776			4
2026.01.30	01:08:00.202	0.60774				2
2026.01.30	01:08:03.332	0.60775				2
2026.01.30	01:08:04.283	0.60777	0.60779			6
2026.01.30	01:08:04.585	0.60778				2
2026.01.30	01:08:04.914	0.60774	0.60776			6
2026.01.30	01:08:05.216	0.60773	0.60775			6
2026.01.30	01:08:06.168	0.60772	0.60776			6
2026.01.30	01:08:08.120	0.60773	0.60777			6
2026.01.30	01:08:13.284		0.60776			4
2026.01.30	01:08:16.190	0.60774				2
2026.01.30	01:08:19.002	0.60773	0.60775			6
2026.01.30	01:08:20.254	0.60774	0.60776			6
2026.01.30	01:08:26.498		0.60775			4
2026.01.30	01:08:29.960		0.60776			4
2026.01.30	01:08:34.659		0.60775			4
2026.01.30	01:08:36.213		0.60776			4
2026.01.30	01:08:38.390		0.60775			4
2026.01.30	01:08:38.996	0.60775	0.60776			6
2026.01.30	01:08:46.202	0.60766	0.60768			6
2026.01.30	01:08:47.155	0.60764				2
2026.01.30	01:08:47.807	0.60763	0.60767			6
2026.01.30	01:08:58.097		0.60766			4
2026.01.30	01:09:00.050	0.60763				2
2026.01.30	01:09:01.307	0.60764				2
2026.01.30	01:09:11.693	0.60763	0.60765			6
2026.01.30	01:09:12.617	0.60764	0.60766			6
2026.01.30	01:09:15.129		0.60765			4
2026.01.30	01:09:20.751		0.60766			4
2026.01.30	01:09:26.153	0.60767	0.60769			6
2026.01.30	01:09:29.413	0.60766				2
2026.01.30	01:09:30.065	0.60764	0.60766			6
2026.01.30	01:09:30.369	0.60763	0.60765			6
2026.01.30	01:09:30.716	0.60762	0.60764			6
2026.01.30	01:09:31.323	0.60761	0.60765			6
2026.01.30	01:09:31.976	0.60763	0.60767			6
2026.01.30	01:09:32.323	0.60762	0.60766			6
2026.01.30	01:09:33.277	0.60763	0.60767			6
2026.01.30	01:09:38.400	0.60764				2
2026.01.30	01:09:41.309	0.60765				2
2026.01.30	01:09:45.028	0.60766	0.60768			6
2026.01.30	01:09:45.346		0.60767			4
2026.01.30	01:09:48.762	0.60765				2
2026.01.30	01:09:49.697	0.60766				2
2026.01.30	01:09:53.127	0.60765				2
2026.01.30	01:09:54.362	0.60764				2
2026.01.30	01:09:55.317	0.60765				2
2026.01.30	01:09:55.637	0.60766	0.60768			6
2026.01.30	01:09:56.267		0.60769			4
2026.01.30	01:09:59.434		0.60768			4
2026.01.30	01:10:00.085	0.60766				2
2026.01.30	01:10:00.705	0.60767	0.60769			6
2026.01.30	01:10:01.961	0.60766	0.60768			6
2026.01.30	01:10:03.215	0.60767				2
2026.01.30	01:10:05.100		0.60769			4
2026.01.30	01:10:05.401		0.60768			4
2026.01.30	01:10:11.427		0.60769			4
2026.01.30	01:10:14.082	0.60766	0.60768			6
2026.01.30	01:10:14.384	0.60767	0.60769			6
2026.01.30	01:10:18.698	0.60766	0.60768			6
2026.01.30	01:10:20.004	0.60767				2
2026.01.30	01:10:20.322	0.60766				2
2026.01.30	01:10:22.263	0.60767				2
2026.01.30	01:10:24.794		0.60769			4
2026.01.30	01:10:25.473		0.60768			4
2026.01.30	01:10:26.396		0.60769			4
2026.01.30	01:10:28.036		0.60768			4
2026.01.30	01:10:28.353		0.60769			4
2026.01.30	01:10:28.986		0.60768			4
2026.01.30	01:10:29.607	0.60765	0.60767			6
2026.01.30	01:10:30.290	0.60764	0.60768			6
2026.01.30	01:10:30.594	0.60763	0.60767			6
2026.01.30	01:10:32.200		0.60766			4
2026.01.30	01:10:35.160	0.60762	0.60765			6
2026.01.30	01:10:40.378		0.60764			4
2026.01.30	01:10:43.944	0.60763	0.60765			6
2026.01.30	01:10:44.246		0.60766			4
2026.01.30	01:10:46.200		0.60765			4
2026.01.30	01:10:48.509	0.60764	0.60766			6
2026.01.30	01:10:51.374	0.60763	0.60765			6
2026.01.30	01:10:54.430	0.60764	0.60766			6
2026.01.30	01:10:59.348		0.60767			4
2026.01.30	01:11:00.047	0.60764				2
2026.01.30	01:11:00.353		0.60766			4
2026.01.30	01:11:02.007	0.60763	0.60765			6
2026.01.30	01:11:03.360	0.60762				2
2026.01.30	01:11:04.712	0.60761	0.60764			6
2026.01.30	01:11:05.066	0.60762	0.60765			6
2026.01.30	01:11:05.413	0.60761				2
2026.01.30	01:11:06.111	0.60762	0.60766			6
2026.01.30	01:11:07.415	0.60761	0.60765			6
2026.01.30	01:11:09.369	0.60762				2
2026.01.30	01:11:12.234	0.60761	0.60764			6
2026.01.30	01:11:19.313	0.60762				2
2026.01.30	01:11:20.887	0.60763	0.60765			6
2026.01.30	01:11:22.125	0.60762				2
2026.01.30	01:11:26.338	0.60763				2
2026.01.30	01:11:31.355	0.60762	0.60764			6
2026.01.30	01:11:32.282	0.60763	0.60765			6
2026.01.30	01:11:32.912	0.60764	0.60766			6
2026.01.30	01:11:33.216	0.60763				2
2026.01.30	01:11:34.519	0.60762	0.60765			6
2026.01.30	01:11:35.170	0.60763	0.60766			6
2026.01.30	01:11:35.777	0.60762	0.60765			6
2026.01.30	01:11:45.104		0.60764			4
2026.01.30	01:11:52.603	0.60759	0.60761			6
2026.01.30	01:11:52.931	0.60758	0.60760			6
2026.01.30	01:11:53.237	0.60757	0.60759			6
2026.01.30	01:11:53.555	0.60758	0.60760			6
2026.01.30	01:11:54.191	0.60756	0.60759			6
2026.01.30	01:11:54.508	0.60755				2
2026.01.30	01:11:54.840	0.60754	0.60758			6
2026.01.30	01:11:57.719	0.60753	0.60757			6
2026.01.30	01:12:00.057	0.60753				2
2026.01.30	01:12:07.431		0.60756			4
2026.01.30	01:12:08.386	0.60752	0.60755			6
2026.01.30	01:12:11.595	0.60753	0.60756			6
2026.01.30	01:12:13.201		0.60757			4
2026.01.30	01:12:15.112		0.60756			4
2026.01.30	01:12:19.320	0.60754				2
2026.01.30	01:12:25.899	0.60751	0.60753			6
2026.01.30	01:12:26.202	0.60750	0.60752			6
2026.01.30	01:12:27.125	0.60748				2
2026.01.30	01:12:27.454	0.60751	0.60755			6
2026.01.30	01:12:31.924	0.60753	0.60756			6
2026.01.30	01:12:32.238	0.60754	0.60758			6
2026.01.30	01:12:32.574	0.60753	0.60757			6
2026.01.30	01:12:34.832	0.60754	0.60758			6
2026.01.30	01:12:37.393		0.60757			4
2026.01.30	01:12:41.255		0.60756			4
2026.01.30	01:12:42.179	0.60753				2
2026.01.30	01:12:44.367	0.60754				2
2026.01.30	01:12:47.180	0.60755				2
2026.01.30	01:13:00.294	0.60755	0.60757			6
2026.01.30	01:13:03.737	0.60754	0.60756			6
2026.01.30	01:13:08.707		0.60755			4
2026.01.30	01:13:11.218		0.60756			4
2026.01.30	01:13:14.027		0.60755			4
2026.01.30	01:13:15.300	0.60753				2
2026.01.30	01:13:19.649	0.60754				2
2026.01.30	01:13:29.386	0.60753				2
2026.01.30	01:13:30.038		0.60754			4
2026.01.30	01:13:30.341		0.60755			4
2026.01.30	01:13:30.992		0.60754			4
2026.01.30	01:13:31.295	0.60752	0.60755			6
2026.01.30	01:13:32.296		0.60754			4
2026.01.30	01:13:35.211		0.60755			4
2026.01.30	01:13:37.217		0.60754			4
2026.01.30	01:13:37.526	0.60753	0.60755			6
2026.01.30	01:13:38.172	0.60752				2
2026.01.30	01:13:40.433	0.60753				2
2026.01.30	01:13:45.557	0.60752	0.60754			6
2026.01.30	01:14:00.061	0.60752				2
2026.01.30	01:14:03.924	0.60748	0.60750			6
2026.01.30	01:14:05.227	0.60746				2
2026.01.30	01:14:05.531	0.60747	0.60751			6
2026.01.30	01:14:05.835	0.60746	0.60750			6
2026.01.30	01:14:15.213	0.60747				2
2026.01.30	01:14:20.335		0.60749			4
2026.01.30	01:14:24.699	0.60748	0.60750			6
2026.01.30	01:14:51.193	0.60753	0.60755			6
2026.01.30	01:14:51.497	0.60755	0.60757			6
2026.01.30	01:14:51.817	0.60757	0.60759			6
2026.01.30	01:14:52.148	0.60756	0.60760			6
2026.01.30	01:15:00.232	0.60756				2
2026.01.30	01:15:01.890	0.60757	0.60761			6
2026.01.30	01:15:04.146		0.60760			4
2026.01.30	01:15:06.402	0.60758	0.60761			6
2026.01.30	01:15:10.570	0.60757	0.60760			6
2026.01.30	01:15:11.221	0.60758				2
2026.01.30	01:15:12.777	0.60757	0.60759			6
2026.01.30	01:15:13.701	0.60758	0.60760			6
2026.01.30	01:15:21.178	0.60759	0.60761			6
2026.01.30	01:15:36.789	0.60758	0.60760			6
2026.01.30	01:15:43.314	0.60757	0.60759			6
2026.01.30	01:15:44.249	0.60758	0.60760			6
2026.01.30	01:15:53.300	0.60757	0.60759			6
2026.01.30	01:15:55.159		0.60758			4
2026.01.30	01:15:55.486	0.60759	0.60760			6
2026.01.30	01:15:55.790	0.60757	0.60759			6
2026.01.30	01:15:56.109	0.60759	0.60760			6
2026.01.30	01:15:56.411	0.60757	0.60759			6
2026.01.30	01:15:56.714	0.60759	0.60760			6
2026.01.30	01:15:57.043	0.60757	0.60759			6
2026.01.30	01:15:57.344	0.60759	0.60760			6
2026.01.30	01:15:57.666	0.60757	0.60759			6
2026.01.30	01:15:57.968	0.60759	0.60760			6
2026.01.30	01:15:58.273	0.60758	0.60759			6
2026.01.30	01:15:58.901	0.60759	0.60760			6
2026.01.30	01:15:59.208	0.60758				2
2026.01.30	01:16:00.156	0.60758				2
2026.01.30	01:16:03.618	0.60757	0.60759			6
2026.01.30	01:16:22.840	0.60758	0.60760			6
2026.01.30	01:16:23.147	0.60757	0.60759			6
2026.01.30	01:16:23.492	0.60758	0.60760			6
2026.01.30	01:16:30.869	0.60757	0.60759			6
2026.01.30	01:16:31.521	0.60758	0.60760			6
2026.01.30	01:16:32.172	0.60757				2
2026.01.30	01:16:39.203	0.60758				2
2026.01.30	01:16:40.757	0.60754	0.60756			6
2026.01.30	01:16:41.408	0.60753	0.60757			6
2026.01.30	01:16:42.061	0.60752	0.60756			6
2026.01.30	01:16:43.970	0.60753	0.60757			6
2026.01.30	01:16:49.788	0.60752	0.60756			6
2026.01.30	01:16:51.044	0.60753	0.60757			6
2026.01.30	01:16:52.347		0.60756			4
2026.01.30	01:16:57.139	0.60749	0.60753			6
2026.01.30	01:16:57.470	0.60750	0.60754			6
2026.01.30	01:16:58.422	0.60749	0.60753			6
2026.01.30	01:17:00.031	0.60749				2
2026.01.30	01:17:02.290	0.60751	0.60755			6
2026.01.30	01:17:06.455	0.60750	0.60754			6
2026.01.30	01:17:06.762	0.60751	0.60755			6
2026.01.30	01:17:07.409	0.60752				2
2026.01.30	01:17:10.014	0.60751	0.60754			6
2026.01.30	01:17:11.272	0.60752				2
2026.01.30	01:17:18.165	0.60753	0.60755			6
2026.01.30	01:17:19.749	0.60749	0.60751			6
2026.01.30	01:17:20.051	0.60750	0.60752			6
2026.01.30	01:17:21.006	0.60749	0.60751			6
2026.01.30	01:17:21.322	0.60748	0.60752			6
2026.01.30	01:17:26.169	0.60749				2
2026.01.30	01:17:29.382		0.60751			4
2026.01.30	01:17:30.640	0.60750	0.60752			6
2026.01.30	01:17:31.892	0.60749	0.60751			6
2026.01.30	01:17:35.305	0.60748	0.60750			6
2026.01.30	01:17:35.629	0.60747	0.60749			6
2026.01.30	01:17:36.261		0.60748			4
2026.01.30	01:17:36.579		0.60749			4
2026.01.30	01:17:37.181	0.60746	0.60750			6
2026.01.30	01:17:38.163		0.60749			4
2026.01.30	01:17:38.814	0.60749	0.60752			6
2026.01.30	01:17:40.375	0.60748				2
2026.01.30	01:17:44.184	0.60749				2
2026.01.30	01:17:45.487	0.60748	0.60749			6
2026.01.30	01:17:45.791	0.60742	0.60745			6
2026.01.30	01:17:47.397	0.60743	0.60747			6
2026.01.30	01:17:47.703	0.60744	0.60748			6
2026.01.30	01:17:58.330		0.60747			4
2026.01.30	01:18:00.239	0.60744				2
2026.01.30	01:18:02.194		0.60746			4
2026.01.30	01:18:06.229	0.60746	0.60748			6
2026.01.30	01:18:07.161		0.60749			4
2026.01.30	01:18:09.070	0.60747	0.60750			6
2026.01.30	01:18:09.720	0.60748	0.60751			6
2026.01.30	01:18:10.675	0.60747	0.60750			6
2026.01.30	01:18:11.325	0.60748				2
2026.01.30	01:18:20.125	0.60749	0.60751			6
2026.01.30	01:18:25.744		0.60750			4
2026.01.30	01:18:27.330		0.60751			4
2026.01.30	01:18:27.632		0.60750			4
2026.01.30	01:18:28.253		0.60751			4
2026.01.30	01:18:33.254		0.60750			4
2026.01.30	01:18:34.806		0.60751			4
2026.01.30	01:18:35.125	0.60750				2
2026.01.30	01:18:35.431		0.60752			4
2026.01.30	01:18:35.755	0.60751				2
2026.01.30	01:18:36.362		0.60753			4
2026.01.30	01:18:36.982	0.60752	0.60754			6
2026.01.30	01:18:38.241		0.60755			4
2026.01.30	01:18:41.128	0.60753				2
2026.01.30	01:18:42.051	0.60749	0.60751			6
2026.01.30	01:18:42.379	0.60748	0.60750			6
2026.01.30	01:18:43.304	0.60747	0.60751			6
2026.01.30	01:18:51.364		0.60750			4
2026.01.30	01:18:54.272		0.60749			4
2026.01.30	01:18:58.312	0.60748	0.60750			6
2026.01.30	01:19:00.170	0.60748				2
2026.01.30	01:19:00.472	0.60746	0.60748			6
2026.01.30	01:19:00.800	0.60745	0.60747			6
2026.01.30	01:19:02.058	0.60744				2
2026.01.30	01:19:03.012	0.60745				2
2026.01.30	01:19:08.078		0.60746			4
2026.01.30	01:19:08.382	0.60743	0.60745			6
2026.01.30	01:19:09.640	0.60744	0.60746			6
2026.01.30	01:19:14.920	0.60745	0.60747			6
2026.01.30	01:19:19.331		0.60746			4
2026.01.30	01:19:20.886		0.60747			4
2026.01.30	01:19:23.093		0.60746			4
2026.01.30	01:19:23.398		0.60747			4
2026.01.30	01:19:24.952	0.60744	0.60746			6
2026.01.30	01:19:25.886		0.60745			4
2026.01.30	01:19:26.191		0.60746			4
2026.01.30	01:19:26.813	0.60745				2
2026.01.30	01:19:27.139	0.60744				2
2026.01.30	01:19:28.365	0.60745				2
2026.01.30	01:19:30.254	0.60744				2
2026.01.30	01:19:32.431	0.60745				2
2026.01.30	01:19:33.987		0.60747			4
2026.01.30	01:19:34.921		0.60746			4
2026.01.30	01:19:37.129		0.60747			4
2026.01.30	01:19:40.241		0.60746			4
2026.01.30	01:19:41.814		0.60747			4
2026.01.30	01:19:42.149		0.60746			4
2026.01.30	01:19:42.468		0.60747			4
2026.01.30	01:19:43.103	0.60746				2
2026.01.30	01:19:45.709	0.60745				2
2026.01.30	01:19:46.663	0.60746	0.60748			6
2026.01.30	01:19:47.304	0.60747				2
2026.01.30	01:19:48.238	0.60746	0.60747			6
2026.01.30	01:19:54.690	0.60747	0.60748			6
2026.01.30	01:19:56.597	0.60746	0.60747			6
2026.01.30	01:20:00.158	0.60746				2
2026.01.30	01:20:01.417	0.60745				2
2026.01.30	01:20:02.371	0.60743	0.60745			6
2026.01.30	01:20:03.367	0.60742				2
2026.01.30	01:20:03.974	0.60744	0.60746			6
2026.01.30	01:20:05.530		0.60747			4
2026.01.30	01:20:10.693	0.60745				2
2026.01.30	01:20:16.420	0.60746				2
2026.01.30	01:20:19.544	0.60745				2
2026.01.30	01:20:20.476	0.60746				2
2026.01.30	01:20:24.558	0.60747	0.60749			6
2026.01.30	01:20:25.188	0.60746				2
2026.01.30	01:20:27.093	0.60747				2
2026.01.30	01:20:55.192	0.60748				2
2026.01.30	01:20:56.147	0.60747				2
2026.01.30	01:21:00.015	0.60747				2
2026.01.30	01:21:24.701		0.60749			4
2026.01.30	01:22:00.330	0.60742	0.60744			6
2026.01.30	01:22:00.634	0.60744	0.60747			6
2026.01.30	01:22:00.937	0.60747	0.60748			6
2026.01.30	01:22:03.193	0.60746				2
2026.01.30	01:22:06.056	0.60743	0.60745			6
2026.01.30	01:22:06.405	0.60742				2
2026.01.30	01:22:07.661		0.60744			4
2026.01.30	01:22:08.313	0.60741				2
2026.01.30	01:22:16.692	0.60742				2
2026.01.30	01:22:16.994	0.60741				2
2026.01.30	01:22:17.342	0.60742				2
2026.01.30	01:22:24.997	0.60741	0.60743			6
2026.01.30	01:22:25.298	0.60740				2
2026.01.30	01:22:29.142	0.60741				2
2026.01.30	01:22:39.734	0.60740				2
2026.01.30	01:22:40.434	0.60741				2
2026.01.30	01:22:53.029	0.60738	0.60739			6
2026.01.30	01:22:54.284	0.60737				2
2026.01.30	01:22:57.495	0.60736				2
2026.01.30	01:23:00.156	0.60736				2
2026.01.30	01:23:05.276	0.60737				2
2026.01.30	01:23:08.236	0.60736	0.60738			6
2026.01.30	01:23:10.147		0.60739			4
2026.01.30	01:23:13.355	0.60737				2
2026.01.30	01:23:18.779	0.60738				2
2026.01.30	01:23:22.537	0.60737				2
2026.01.30	01:23:25.322	0.60738				2
2026.01.30	01:23:28.130	0.60739	0.60741			6
2026.01.30	01:23:28.434	0.60740				2
2026.01.30	01:23:29.369	0.60738				2
2026.01.30	01:23:32.074	0.60739				2
2026.01.30	01:23:37.195	0.60740	0.60743			6
2026.01.30	01:23:37.503	0.60741				2
2026.01.30	01:23:40.709	0.60742	0.60744			6
2026.01.30	01:23:41.361	0.60743				2
2026.01.30	01:23:42.366	0.60742				2
2026.01.30	01:23:44.323	0.60741				2
2026.01.30	01:23:47.237	0.60742				2
2026.01.30	01:23:47.892	0.60746	0.60749			6
2026.01.30	01:23:48.207	0.60747				2
2026.01.30	01:23:49.190	0.60746				2
2026.01.30	01:24:00.130	0.60746				2
2026.01.30	01:24:03.342	0.60747				2
2026.01.30	01:24:10.171		0.60748			4
2026.01.30	01:24:11.094	0.60748	0.60749			6
2026.01.30	01:24:11.423		0.60750			4
2026.01.30	01:24:13.585	0.60747	0.60749			6
2026.01.30	01:24:15.794	0.60748	0.60750			6
2026.01.30	01:24:21.384	0.60749				2
2026.01.30	01:24:21.689	0.60748	0.60749			6
2026.01.30	01:24:22.015	0.60749	0.60750			6
2026.01.30	01:24:22.636	0.60748	0.60749			6
2026.01.30	01:24:28.212	0.60747				2
2026.01.30	01:24:29.161	0.60748				2
2026.01.30	01:24:35.388	0.60747				2
2026.01.30	01:24:36.340	0.60748	0.60750			6
2026.01.30	01:24:42.259	0.60747	0.60749			6
2026.01.30	01:24:42.565	0.60753	0.60755			6
2026.01.30	01:24:42.893	0.60755	0.60756			6
2026.01.30	01:24:43.197	0.60754				2
2026.01.30	01:24:44.801	0.60753				2
2026.01.30	01:24:47.270	0.60756	0.60758			6
2026.01.30	01:24:50.474		0.60759			4
2026.01.30	01:24:50.823	0.60757				2
2026.01.30	01:24:52.934		0.60760			4
2026.01.30	01:24:53.584	0.60758				2
2026.01.30	01:25:01.410	0.60759				2
2026.01.30	01:25:02.333	0.60760	0.60761			6
2026.01.30	01:25:02.967	0.60761	0.60763			6
2026.01.30	01:25:03.279	0.60762				2
2026.01.30	01:25:04.189	0.60761				2
2026.01.30	01:25:07.382	0.60762				2
2026.01.30	01:25:15.649	0.60763	0.60765			6
2026.01.30	01:25:16.291	0.60762	0.60764			6
2026.01.30	01:25:16.620	0.60763	0.60765			6
2026.01.30	01:25:22.215	0.60764				2
2026.01.30	01:25:23.148		0.60766			4
2026.01.30	01:25:23.451	0.60765				2
2026.01.30	01:25:23.768	0.60767	0.60768			6
2026.01.30	01:25:24.374	0.60766				2
2026.01.30	01:25:25.006	0.60767	0.60770			6
2026.01.30	01:25:27.672		0.60769			4
2026.01.30	01:25:28.448		0.60770			4
2026.01.30	01:25:30.676		0.60769			4
2026.01.30	01:25:31.328		0.60770			4
2026.01.30	01:25:32.283		0.60769			4
2026.01.30	01:25:35.190	0.60768				2
2026.01.30	01:25:37.975	0.60767				2
2026.01.30	01:25:38.301	0.60768				2
2026.01.30	01:25:39.527	0.60772	0.60774			6
2026.01.30	01:25:40.161	0.60771				2
2026.01.30	01:25:40.811	0.60765	0.60767			6
2026.01.30	01:25:41.115	0.60764				2
2026.01.30	01:25:42.418		0.60768			4
2026.01.30	01:25:44.503	0.60767	0.60770			6
2026.01.30	01:25:45.483	0.60766	0.60769			6
2026.01.30	01:25:45.830	0.60767				2
2026.01.30	01:25:47.131		0.60770			4
2026.01.30	01:25:49.390	0.60766	0.60769			6
2026.01.30	01:25:49.995	0.60767	0.60770			6
2026.01.30	01:25:50.305	0.60771	0.60773			6
2026.01.30	01:25:50.648	0.60770				2
2026.01.30	01:25:57.071	0.60771				2
2026.01.30	01:25:59.632	0.60768	0.60770			6
2026.01.30	01:26:00.284	0.60767				2
2026.01.30	01:26:05.451	0.60768				2
2026.01.30	01:26:09.238	0.60771	0.60773			6
2026.01.30	01:26:09.868	0.60772				2
2026.01.30	01:26:10.171	0.60771				2
2026.01.30	01:26:10.521		0.60774			4
2026.01.30	01:26:12.429	0.60772				2
2026.01.30	01:26:14.736	0.60771				2
2026.01.30	01:26:18.300	0.60772				2
2026.01.30	01:26:22.017		0.60773			4
2026.01.30	01:26:22.670	0.60769	0.60770			6
2026.01.30	01:26:22.979	0.60768				2
2026.01.30	01:26:23.291	0.60767				2
2026.01.30	01:26:23.972		0.60769			4
2026.01.30	01:26:24.277		0.60770			4
2026.01.30	01:26:27.840		0.60769			4
2026.01.30	01:26:28.187		0.60770			4
2026.01.30	01:26:29.143	0.60768	0.60769			6
2026.01.30	01:26:29.763		0.60770			4
2026.01.30	01:26:31.002		0.60769			4
2026.01.30	01:26:31.949		0.60770			4
2026.01.30	01:26:34.729	0.60770	0.60772			6
2026.01.30	01:26:35.031	0.60771	0.60773			6
2026.01.30	01:26:35.361	0.60772	0.60774			6
2026.01.30	01:26:37.270		0.60775			4
2026.01.30	01:26:38.224	0.60768	0.60771			6
2026.01.30	01:26:39.224	0.60767				2
2026.01.30	01:26:39.529	0.60768	0.60772			6
2026.01.30	01:26:42.293	0.60771	0.60775			6
2026.01.30	01:26:48.412		0.60774			4
2026.01.30	01:26:49.368	0.60772				2
2026.01.30	01:26:59.201	0.60773				2
2026.01.30	01:27:00.127	0.60773				2
2026.01.30	01:27:01.985		0.60775			4
2026.01.30	01:27:06.353		0.60774			4
2026.01.30	01:27:15.134		0.60775			4
2026.01.30	01:27:21.083		0.60774			4
2026.01.30	01:27:23.591		0.60775			4
2026.01.30	01:27:28.278	0.60772	0.60774			6
2026.01.30	01:27:33.549	0.60773	0.60775			6
2026.01.30	01:27:43.219		0.60774			4
2026.01.30	01:27:46.025		0.60775			4
2026.01.30	01:27:52.000		0.60774			4
2026.01.30	01:27:54.483		0.60775			4
2026.01.30	01:27:55.764	0.60776	0.60778			6
2026.01.30	01:27:56.067	0.60778	0.60780			6
2026.01.30	01:27:56.385	0.60777				2
2026.01.30	01:27:58.021	0.60778				2
2026.01.30	01:28:00.282	0.60776				2
2026.01.30	01:28:07.310	0.60777				2
2026.01.30	01:28:11.169		0.60779			4
2026.01.30	01:28:14.299	0.60778	0.60780			6
2026.01.30	01:28:22.430		0.60779			4
2026.01.30	01:28:26.476		0.60780			4
2026.01.30	01:28:30.539		0.60779			4
2026.01.30	01:28:30.858	0.60775	0.60776			6
2026.01.30	01:28:31.159	0.60772				2
2026.01.30	01:28:35.657	0.60773				2
2026.01.30	01:28:36.264		0.60775			4
2026.01.30	01:28:36.612	0.60772				2
2026.01.30	01:28:37.262	0.60773				2
2026.01.30	01:28:38.216	0.60772				2
2026.01.30	01:28:39.521		0.60774			4
2026.01.30	01:28:41.734	0.60769	0.60771			6
2026.01.30	01:28:42.385		0.60772			4
2026.01.30	01:28:44.083	0.60768				2
2026.01.30	01:28:46.403		0.60771			4
2026.01.30	01:28:47.053	0.60769	0.60772			6
2026.01.30	01:28:48.008	0.60768	0.60771			6
2026.01.30	01:28:50.264	0.60769				2
2026.01.30	01:28:51.190	0.60770	0.60772			6
2026.01.30	01:28:52.123	0.60769				2
2026.01.30	01:28:53.425	0.60770				2
2026.01.30	01:28:54.351	0.60772	0.60774			6
2026.01.30	01:28:55.284		0.60775			4
2026.01.30	01:28:55.587	0.60771	0.60774			6
2026.01.30	01:28:56.241	0.60772				2
2026.01.30	01:29:00.271	0.60771	0.60772			6
2026.01.30	01:29:00.580	0.60769	0.60771			6
2026.01.30	01:29:01.222		0.60770			4
2026.01.30	01:29:02.155	0.60768	0.60772			6
2026.01.30	01:29:06.422	0.60769				2
2026.01.30	01:29:09.331		0.60771			4
2026.01.30	01:29:26.473		0.60770			4
2026.01.30	01:29:26.804	0.60770	0.60771			6
2026.01.30	01:29:27.427	0.60769				2
2026.01.30	01:29:28.358		0.60772			4
2026.01.30	01:29:29.011	0.60768	0.60771			6
2026.01.30	01:29:30.316	0.60758	0.60761			6
2026.01.30	01:29:30.621	0.60760	0.60763			6
2026.01.30	01:29:30.971	0.60759	0.60762			6
2026.01.30	01:29:31.320	0.60754	0.60758			6
2026.01.30	01:29:32.623	0.60751	0.60755			6
2026.01.30	01:29:33.280	0.60752	0.60756			6
2026.01.30	01:29:33.628	0.60750	0.60754			6
2026.01.30	01:29:33.932	0.60729	0.60732			6
2026.01.30	01:29:34.242	0.60732	0.60733			6
2026.01.30	01:29:34.560	0.60728	0.60732			6
2026.01.30	01:29:34.887	0.60729	0.60733			6
2026.01.30	01:29:35.201		0.60730			4
2026.01.30	01:29:35.508	0.60724	0.60728			6
2026.01.30	01:29:35.819	0.60726	0.60730			6
2026.01.30	01:29:36.141	0.60729	0.60733			6
2026.01.30	01:29:36.444	0.60728	0.60732			6
2026.01.30	01:29:36.783		0.60731			4
2026.01.30	01:29:37.087	0.60725	0.60729			6
2026.01.30	01:29:37.392	0.60728	0.60732			6
2026.01.30	01:29:37.996	0.60727	0.60731			6
2026.01.30	01:29:38.313	0.60731	0.60734			6
2026.01.30	01:29:39.255	0.60734	0.60738			6
2026.01.30	01:29:39.951	0.60735	0.60739			6
2026.01.30	01:29:40.255	0.60741	0.60744			6
2026.01.30	01:29:40.558	0.60742	0.60745			6
2026.01.30	01:29:41.173	0.60744	0.60747			6
2026.01.30	01:29:41.506	0.60746				2
2026.01.30	01:29:41.811	0.60747	0.60751			6
2026.01.30	01:29:42.112	0.60746	0.60750			6
2026.01.30	01:29:43.113	0.60742	0.60746			6
2026.01.30	01:29:43.416	0.60741	0.60745			6
2026.01.30	01:29:44.071		0.60744			4
2026.01.30	01:29:44.753	0.60742				2
2026.01.30	01:29:45.071	0.60743	0.60747			6
2026.01.30	01:29:45.374	0.60748	0.60752			6
2026.01.30	01:29:46.980	0.60749	0.60753			6
2026.01.30	01:29:47.327	0.60748	0.60752			6
2026.01.30	01:29:50.235	0.60749				2
2026.01.30	01:29:54.052	0.60748	0.60751			6
2026.01.30	01:29:54.402	0.60749	0.60752			6
2026.01.30	01:29:54.704	0.60748	0.60751			6
2026.01.30	01:29:55.318	0.60745	0.60747			6
2026.01.30	01:29:55.657	0.60744				2
2026.01.30	01:29:56.308	0.60745				2
2026.01.30	01:29:56.958	0.60744				2
2026.01.30	01:29:57.262	0.60746	0.60749			6
2026.01.30	01:29:57.564	0.60747				2
2026.01.30	01:29:59.516	0.60748				2
2026.01.30	01:30:00.168	0.60748				2
2026.01.30	01:30:00.474	0.60749	0.60751			6
2026.01.30	01:30:00.787	0.60748				2
2026.01.30	01:30:01.123	0.60749	0.60752			6
2026.01.30	01:30:01.426	0.60750				2
2026.01.30	01:30:01.731		0.60753			4
2026.01.30	01:30:02.077	0.60752	0.60755			6
2026.01.30	01:30:02.727	0.60755	0.60758			6
2026.01.30	01:30:03.033	0.60756	0.60759			6
2026.01.30	01:30:03.379	0.60755	0.60758			6
2026.01.30	01:30:03.681	0.60754	0.60757			6
2026.01.30	01:30:04.635	0.60753	0.60756			6
2026.01.30	01:30:04.984	0.60752	0.60755			6
2026.01.30	01:30:06.591	0.60751	0.60754			6
2026.01.30	01:30:07.644	0.60748	0.60751			6
2026.01.30	01:30:07.947	0.60747	0.60750			6
2026.01.30	01:30:08.946	0.60748	0.60751			6
2026.01.30	01:30:09.598	0.60751	0.60754			6
2026.01.30	01:30:09.901	0.60756	0.60759			6
2026.01.30	01:30:11.202	0.60753	0.60757			6
2026.01.30	01:30:11.506	0.60752	0.60756			6
2026.01.30	01:30:13.412	0.60755	0.60759			6
2026.01.30	01:30:13.761	0.60756	0.60760			6
2026.01.30	01:30:14.414		0.60759			4
2026.01.30	01:30:18.326	0.60754	0.60757			6
2026.01.30	01:30:21.892	0.60755				2
2026.01.30	01:30:22.197	0.60754				2
2026.01.30	01:30:23.804	0.60751	0.60754			6
2026.01.30	01:30:24.152	0.60750	0.60753			6
2026.01.30	01:30:25.757	0.60751	0.60754			6
2026.01.30	01:30:26.061	0.60750	0.60753			6
2026.01.30	01:30:26.713	0.60749	0.60752			6
2026.01.30	01:30:27.015	0.60744	0.60746			6
2026.01.30	01:30:27.319	0.60743				2
2026.01.30	01:30:27.668	0.60744				2
2026.01.30	01:30:28.016	0.60743				2
2026.01.30	01:30:28.318	0.60744				2
2026.01.30	01:30:28.970		0.60747			4
2026.01.30	01:30:29.890	0.60743	0.60746			6
2026.01.30	01:30:30.876	0.60744	0.60747			6
2026.01.30	01:30:32.786	0.60742	0.60744			6
2026.01.30	01:30:33.135	0.60741				2
2026.01.30	01:30:34.442	0.60739	0.60742			6
2026.01.30	01:30:34.790	0.60740	0.60743			6
2026.01.30	01:30:39.306	0.60741				2
2026.01.30	01:30:41.181	0.60749	0.60750			6
2026.01.30	01:30:41.815		0.60751			4
2026.01.30	01:30:42.119	0.60747				2
2026.01.30	01:30:42.425	0.60748	0.60752			6
2026.01.30	01:30:43.380	0.60750	0.60754			6
2026.01.30	01:30:43.725		0.60751			4
2026.01.30	01:30:44.039	0.60746	0.60749			6
2026.01.30	01:30:44.358	0.60748	0.60751			6
2026.01.30	01:30:45.333	0.60749				2
2026.01.30	01:30:46.286	0.60750	0.60753			6
2026.01.30	01:30:46.940	0.60749	0.60752			6
2026.01.30	01:30:47.895	0.60750	0.60753			6
2026.01.30	01:30:48.895	0.60751	0.60754			6
2026.01.30	01:30:49.941	0.60750	0.60753			6
2026.01.30	01:30:50.895	0.60749	0.60752			6
2026.01.30	01:30:51.499	0.60748	0.60751			6
2026.01.30	01:30:52.152	0.60746	0.60748			6
2026.01.30	01:30:52.849		0.60749			4
2026.01.30	01:30:53.152	0.60748	0.60751			6
2026.01.30	01:30:53.456	0.60746	0.60749			6
2026.01.30	01:30:54.455	0.60745	0.60748			6
2026.01.30	01:30:54.758	0.60746	0.60749			6
2026.01.30	01:30:55.409	0.60745	0.60747			6
2026.01.30	01:30:56.365	0.60744	0.60746			6
2026.01.30	01:30:56.668	0.60743	0.60745			6
2026.01.30	01:30:57.287	0.60744	0.60746			6
2026.01.30	01:30:57.588	0.60743	0.60745			6
2026.01.30	01:30:58.221	0.60742	0.60743			6
2026.01.30	01:30:59.144	0.60741				2
2026.01.30	01:30:59.473	0.60742	0.60744			6
2026.01.30	01:31:00.093	0.60743				2
2026.01.30	01:31:00.397		0.60745			4
2026.01.30	01:31:01.633	0.60744				2
2026.01.30	01:31:02.576		0.60746			4
2026.01.30	01:31:03.191	0.60743	0.60745			6
2026.01.30	01:31:03.509	0.60744	0.60746			6
2026.01.30	01:31:05.365	0.60747	0.60749			6
2026.01.30	01:31:05.668	0.60749	0.60751			6
2026.01.30	01:31:06.299	0.60754	0.60757			6
2026.01.30	01:31:07.600	0.60757	0.60760			6
2026.01.30	01:31:07.903	0.60760	0.60763			6
2026.01.30	01:31:08.252	0.60762	0.60765			6
2026.01.30	01:31:08.555	0.60761	0.60764			6
2026.01.30	01:31:14.670	0.60760	0.60763			6
2026.01.30	01:31:16.882	0.60759	0.60762			6
2026.01.30	01:31:19.137	0.60760				2
2026.01.30	01:31:23.496	0.60761	0.60763			6
2026.01.30	01:31:25.051	0.60760	0.60762			6
2026.01.30	01:31:25.657	0.60761	0.60763			6
2026.01.30	01:31:26.277	0.60763	0.60765			6
2026.01.30	01:31:30.686	0.60761	0.60763			6
2026.01.30	01:31:38.194	0.60762	0.60764			6
2026.01.30	01:31:38.498	0.60761	0.60763			6
2026.01.30	01:31:45.369	0.60760	0.60762			6
2026.01.30	01:31:45.671	0.60761	0.60763			6
2026.01.30	01:31:49.146	0.60759	0.60760			6
2026.01.30	01:31:49.453	0.60762	0.60763			6
2026.01.30	01:31:49.782	0.60761				2
2026.01.30	01:31:50.403	0.60759	0.60761			6
2026.01.30	01:31:50.731	0.60758	0.60760			6
2026.01.30	01:31:51.337		0.60761			4
2026.01.30	01:31:55.201		0.60760			4
2026.01.30	01:31:57.378	0.60762	0.60763			6
2026.01.30	01:31:58.334		0.60764			4
2026.01.30	01:31:58.658	0.60759	0.60762			6
2026.01.30	01:31:58.960	0.60758	0.60760			6
2026.01.30	01:31:59.265	0.60757				2
2026.01.30	01:32:00.265	0.60759	0.60761			6
2026.01.30	01:32:00.915	0.60760	0.60762			6
2026.01.30	01:32:01.224	0.60761	0.60764			6
2026.01.30	01:32:01.531	0.60762	0.60765			6
2026.01.30	01:32:03.426		0.60766			4
2026.01.30	01:32:06.335	0.60763				2
2026.01.30	01:32:06.638	0.60762	0.60765			6
2026.01.30	01:32:09.548	0.60763	0.60766			6
2026.01.30	01:32:10.851	0.60767	0.60770			6
2026.01.30	01:32:11.550	0.60768	0.60771			6
2026.01.30	01:32:11.854	0.60767	0.60770			6
2026.01.30	01:32:12.157	0.60768	0.60771			6
2026.01.30	01:32:13.155	0.60767	0.60770			6
2026.01.30	01:32:14.109	0.60768	0.60771			6
2026.01.30	01:32:16.972	0.60767	0.60770			6
2026.01.30	01:32:18.926	0.60772	0.60773			6
2026.01.30	01:32:19.229		0.60774			4
2026.01.30	01:32:19.547	0.60773	0.60775			6
2026.01.30	01:32:20.152	0.60772	0.60776			6
2026.01.30	01:32:21.741	0.60773	0.60777			6
2026.01.30	01:32:22.391		0.60776			4
2026.01.30	01:32:22.737		0.60775			4
2026.01.30	01:32:23.051	0.60776	0.60777			6
2026.01.30	01:32:23.398	0.60773	0.60775			6
2026.01.30	01:32:23.710	0.60775	0.60776			6
2026.01.30	01:32:24.047	0.60774	0.60775			6
2026.01.30	01:32:24.368	0.60775	0.60777			6
2026.01.30	01:32:24.690		0.60776			4
2026.01.30	01:32:24.999	0.60773	0.60775			6
2026.01.30	01:32:25.348	0.60775	0.60776			6
2026.01.30	01:32:25.651	0.60773	0.60775			6
2026.01.30	01:32:26.000	0.60775	0.60776			6
2026.01.30	01:32:26.303		0.60778			4
2026.01.30	01:32:26.606	0.60774	0.60777			6
2026.01.30	01:32:29.214	0.60775				2
2026.01.30	01:32:30.139	0.60777	0.60779			6
2026.01.30	01:32:31.400	0.60773	0.60776			6
2026.01.30	01:32:31.729	0.60774	0.60777			6
2026.01.30	01:32:34.690	0.60773	0.60776			6
2026.01.30	01:32:37.298		0.60775			4
2026.01.30	01:32:40.080	0.60774	0.60776			6
2026.01.30	01:32:52.222	0.60776	0.60778			6
2026.01.30	01:32:53.159	0.60777	0.60780			6
2026.01.30	01:32:53.808	0.60775	0.60778			6
2026.01.30	01:32:55.163		0.60777			4
2026.01.30	01:32:57.039	0.60777	0.60779			6
2026.01.30	01:32:57.348	0.60778	0.60780			6
2026.01.30	01:32:58.293		0.60781			4
2026.01.30	01:32:59.580	0.60777	0.60780			6
