<DATE>	<TIME>	<BID>	<ASK>	<LAST>	<VOLUME>	<FLAGS>
2026.03.18	00:03:30.902	0.58566	0.58593			6
2026.03.18	00:04:19.133	0.58566				2
2026.03.18	00:04:39.562		0.58593			4
2026.03.18	00:05:00.921	0.58566				2
2026.03.18	00:05:05.648	0.58568	0.58591			6
2026.03.18	00:05:06.248	0.58572	0.58589			6
2026.03.18	00:05:06.549		0.58593			4
2026.03.18	00:05:06.849	0.58570	0.58591			6
2026.03.18	00:05:07.183		0.58587			4
2026.03.18	00:05:07.483	0.58566				2
2026.03.18	00:05:07.789	0.58538	0.58539			6
2026.03.18	00:05:08.089	0.58542	0.58592			6
2026.03.18	00:05:08.391	0.58540				2
2026.03.18	00:05:14.406	0.58543	0.58583			6
2026.03.18	00:05:14.705	0.58525	0.58573			6
2026.03.18	00:05:15.310	0.58523	0.58575			6
2026.03.18	00:05:16.218		0.58572			4
2026.03.18	00:05:16.518	0.58525				2
2026.03.18	00:05:26.169	0.58526				2
2026.03.18	00:05:26.833	0.58525				2
2026.03.18	00:05:27.133	0.58526				2
2026.03.18	00:05:27.533	0.58525				2
2026.03.18	00:05:28.137	0.58526				2
2026.03.18	00:05:28.535	0.58525				2
2026.03.18	00:05:29.135	0.58529				2
2026.03.18	00:05:29.535	0.58525				2
2026.03.18	00:05:30.137	0.58529				2
2026.03.18	00:05:30.741	0.58525				2
2026.03.18	00:05:31.042		0.58571			4
2026.03.18	00:05:31.347	0.58522				2
2026.03.18	00:05:54.435		0.58574			4
2026.03.18	00:06:05.200	0.58522				2
2026.03.18	00:06:31.322		0.58575			4
2026.03.18	00:06:54.136		0.58578			4
2026.03.18	00:07:21.024	0.58522				2
2026.03.18	00:07:31.329		0.58579			4
2026.03.18	00:07:43.225		0.58578			4
2026.03.18	00:07:43.527	0.58524	0.58566			6
2026.03.18	00:08:00.081	0.58524				2
2026.03.18	00:08:20.528	0.58528				2
2026.03.18	00:08:21.129	0.58522				2
2026.03.18	00:08:21.431	0.58524				2
2026.03.18	00:08:22.032	0.58522				2
2026.03.18	00:08:22.635	0.58524				2
2026.03.18	00:08:22.939		0.58567			4
2026.03.18	00:08:23.541	0.58528				2
2026.03.18	00:08:24.144	0.58524				2
2026.03.18	00:08:24.748		0.58566			4
2026.03.18	00:08:26.852	0.58525				2
2026.03.18	00:08:27.153		0.58569			4
2026.03.18	00:08:29.864		0.58568			4
2026.03.18	00:08:31.067		0.58569			4
2026.03.18	00:08:34.675	0.58524	0.58566			6
2026.03.18	00:08:43.405		0.58577			4
2026.03.18	00:09:03.671	0.58524				2
2026.03.18	00:09:28.264		0.58575			4
2026.03.18	00:10:00.072	0.58524				2
2026.03.18	00:10:00.375	0.58522				2
2026.03.18	00:10:02.696		0.58573			4
2026.03.18	00:10:04.504		0.58574			4
2026.03.18	00:10:09.324	0.58509				2
2026.03.18	00:10:11.124	0.58508	0.58573			6
2026.03.18	00:10:12.628	0.58525	0.58583			6
2026.03.18	00:10:15.640		0.58582			4
2026.03.18	00:10:19.553	0.58526	0.58583			6
2026.03.18	00:10:21.055	0.58525	0.58582			6
2026.03.18	00:10:22.560	0.58526	0.58583			6
2026.03.18	00:10:26.472	0.58525	0.58582			6
2026.03.18	00:10:27.374	0.58541	0.58584			6
2026.03.18	00:11:00.196	0.58541				2
2026.03.18	00:11:01.402	0.58544	0.58579			6
2026.03.18	00:11:05.318		0.58578			4
2026.03.18	00:11:20.049	0.58559	0.58581			6
2026.03.18	00:11:49.520	0.58560				2
2026.03.18	00:11:53.730	0.58581	0.58610			6
2026.03.18	00:11:54.029	0.58580				2
2026.03.18	00:12:00.066	0.58580				2
2026.03.18	00:12:09.692	0.58575	0.58612			6
2026.03.18	00:12:09.993	0.58573				2
2026.03.18	00:12:14.803	0.58574				2
2026.03.18	00:12:16.005	0.58573				2
2026.03.18	00:12:21.121	0.58586	0.58602			6
2026.03.18	00:12:28.032	0.58588	0.58605			6
2026.03.18	00:12:32.851	0.58589				2
2026.03.18	00:12:34.657	0.58588				2
2026.03.18	00:12:35.267	0.58589	0.58606			6
2026.03.18	00:12:40.388	0.58590				2
2026.03.18	00:12:46.097	0.58588				2
2026.03.18	00:12:48.205	0.58583				2
2026.03.18	00:12:50.919	0.58585				2
2026.03.18	00:12:56.043	0.58590				2
2026.03.18	00:12:59.053	0.58585				2
2026.03.18	00:13:00.257	0.58585				2
2026.03.18	00:13:00.857	0.58590				2
2026.03.18	00:13:01.158	0.58583				2
2026.03.18	00:13:35.436		0.58606			4
2026.03.18	00:13:36.334	0.58581				2
2026.03.18	00:13:36.635	0.58583				2
2026.03.18	00:13:38.143	0.58580				2
2026.03.18	00:13:41.753	0.58583				2
2026.03.18	00:13:42.955	0.58579				2
2026.03.18	00:13:44.463	0.58578				2
2026.03.18	00:13:46.268	0.58579				2
2026.03.18	00:13:46.871	0.58584				2
2026.03.18	00:13:47.473	0.58583				2
2026.03.18	00:13:48.378	0.58584				2
2026.03.18	00:13:57.099	0.58583				2
2026.03.18	00:14:00.107	0.58583				2
2026.03.18	00:14:01.007	0.58590	0.58605			6
2026.03.18	00:14:02.208	0.58591				2
2026.03.18	00:14:13.936		0.58614			4
2026.03.18	00:14:20.268	0.58592	0.58613			6
2026.03.18	00:14:33.808	0.58593				2
2026.03.18	00:15:00.291	0.58593				2
2026.03.18	00:15:03.899	0.58592				2
2026.03.18	00:15:06.907	0.58593				2
2026.03.18	00:15:13.527		0.58615			4
2026.03.18	00:16:00.173	0.58593				2
2026.03.18	00:16:07.091	0.58590	0.58618			6
2026.03.18	00:16:08.894	0.58589	0.58617			6
2026.03.18	00:16:09.495	0.58593				2
2026.03.18	00:16:15.221	0.58594	0.58618			6
2026.03.18	00:16:15.821	0.58595				2
2026.03.18	00:16:25.155	0.58596				2
2026.03.18	00:16:25.457	0.58594				2
2026.03.18	00:16:26.360	0.58596				2
2026.03.18	00:16:26.960	0.58595				2
2026.03.18	00:16:51.631	0.58596				2
2026.03.18	00:16:59.741	0.58595				2
2026.03.18	00:17:00.047	0.58595				2
2026.03.18	00:17:03.957	0.58594				2
2026.03.18	00:17:06.359	0.58593				2
2026.03.18	00:17:14.184	0.58568	0.58588			6
2026.03.18	00:17:17.492	0.58566				2
2026.03.18	00:17:17.794	0.58549	0.58550			6
2026.03.18	00:17:18.097	0.58547	0.58548			6
2026.03.18	00:17:22.607	0.58549	0.58550			6
2026.03.18	00:17:23.508	0.58551	0.58552			6
2026.03.18	00:17:26.824	0.58550	0.58551			6
2026.03.18	00:17:44.571	0.58558	0.58559			6
2026.03.18	00:17:48.182	0.58550	0.58551			6
2026.03.18	00:17:53.897	0.58551	0.58552			6
2026.03.18	00:17:58.107	0.58550	0.58551			6
2026.03.18	00:17:59.909	0.58558	0.58559			6
2026.03.18	00:18:00.214	0.58558				2
2026.03.18	00:18:02.022	0.58551	0.58560			6
2026.03.18	00:18:02.923		0.58573			4
2026.03.18	00:18:03.522		0.58572			4
2026.03.18	00:18:03.824	0.58554	0.58571			6
2026.03.18	00:18:04.123		0.58570			4
2026.03.18	00:18:04.424		0.58573			4
2026.03.18	00:18:06.225		0.58572			4
2026.03.18	00:18:07.433		0.58573			4
2026.03.18	00:18:08.033		0.58564			4
2026.03.18	00:18:08.938		0.58565			4
2026.03.18	00:18:09.239		0.58564			4
2026.03.18	00:18:13.150		0.58555			4
2026.03.18	00:18:34.222	0.58553	0.58554			6
2026.03.18	00:18:35.123	0.58554	0.58555			6
2026.03.18	00:18:35.726	0.58553	0.58554			6
2026.03.18	00:18:36.028	0.58554	0.58555			6
2026.03.18	00:18:36.628	0.58553	0.58554			6
2026.03.18	00:18:37.228	0.58554	0.58555			6
2026.03.18	00:18:47.162	0.58552	0.58554			6
2026.03.18	00:18:48.067	0.58550	0.58551			6
2026.03.18	00:19:00.107	0.58550				2
2026.03.18	00:19:01.910	0.58551	0.58552			6
2026.03.18	00:19:03.411	0.58540	0.58541			6
2026.03.18	00:19:03.712	0.58542	0.58543			6
2026.03.18	00:19:06.719	0.58544	0.58545			6
2026.03.18	00:19:07.923	0.58542	0.58543			6
2026.03.18	00:19:09.733	0.58546	0.58547			6
2026.03.18	00:19:13.047	0.58542	0.58543			6
2026.03.18	00:19:14.557	0.58547	0.58549			6
2026.03.18	00:19:15.161		0.58556			4
2026.03.18	00:19:18.170	0.58551				2
2026.03.18	00:19:18.471		0.58555			4
2026.03.18	00:19:21.186	0.58548				2
2026.03.18	00:19:21.487		0.58553			4
2026.03.18	00:19:21.786	0.58549	0.58552			6
2026.03.18	00:19:22.994		0.58550			4
2026.03.18	00:19:27.799	0.58536	0.58541			6
2026.03.18	00:19:28.097	0.58523	0.58548			6
2026.03.18	00:19:28.397	0.58520	0.58521			6
2026.03.18	00:19:29.599	0.58521	0.58522			6
2026.03.18	00:19:30.501	0.58522	0.58523			6
2026.03.18	00:19:32.309	0.58523	0.58556			6
2026.03.18	00:19:32.609		0.58555			4
2026.03.18	00:19:33.512		0.58565			4
2026.03.18	00:19:33.814		0.58556			4
2026.03.18	00:19:34.112		0.58555			4
2026.03.18	00:19:34.411		0.58554			4
2026.03.18	00:19:35.015		0.58555			4
2026.03.18	00:19:35.312		0.58554			4
2026.03.18	00:19:35.615		0.58555			4
2026.03.18	00:19:35.913		0.58554			4
2026.03.18	00:19:36.215		0.58555			4
2026.03.18	00:19:36.514		0.58554			4
2026.03.18	00:19:37.116		0.58555			4
2026.03.18	00:19:37.418		0.58554			4
2026.03.18	00:19:37.719		0.58556			4
2026.03.18	00:19:38.320		0.58554			4
2026.03.18	00:19:38.619		0.58556			4
2026.03.18	00:19:38.921		0.58555			4
2026.03.18	00:19:43.724		0.58556			4
2026.03.18	00:19:44.325		0.58557			4
2026.03.18	00:19:44.625		0.58556			4
2026.03.18	00:19:44.926		0.58555			4
2026.03.18	00:19:48.232		0.58556			4
2026.03.18	00:19:48.534		0.58557			4
2026.03.18	00:19:48.835		0.58556			4
2026.03.18	00:19:49.134		0.58555			4
2026.03.18	00:19:49.735		0.58556			4
2026.03.18	00:19:50.336		0.58557			4
2026.03.18	00:19:50.936		0.58555			4
2026.03.18	00:19:51.239		0.58556			4
2026.03.18	00:19:51.838		0.58557			4
2026.03.18	00:19:52.740		0.58556			4
2026.03.18	00:19:53.039		0.58557			4
2026.03.18	00:19:53.638		0.58556			4
2026.03.18	00:19:53.941		0.58557			4
2026.03.18	00:19:54.239		0.58556			4
2026.03.18	00:19:54.539		0.58557			4
2026.03.18	00:19:54.839		0.58555			4
2026.03.18	00:19:55.142		0.58556			4
2026.03.18	00:19:57.244		0.58555			4
2026.03.18	00:19:57.544		0.58556			4
2026.03.18	00:19:57.845		0.58555			4
2026.03.18	00:19:58.154		0.58556			4
2026.03.18	00:19:58.452		0.58555			4
2026.03.18	00:19:59.057		0.58556			4
2026.03.18	00:19:59.354		0.58555			4
2026.03.18	00:19:59.954		0.58557			4
2026.03.18	00:20:00.257	0.58523	0.58572			6
2026.03.18	00:20:00.556	0.58524				2
2026.03.18	00:20:00.856	0.58523	0.58573			6
2026.03.18	00:20:01.456		0.58572			4
2026.03.18	00:20:01.758		0.58573			4
2026.03.18	00:20:02.358		0.58571			4
2026.03.18	00:20:02.658		0.58572			4
2026.03.18	00:20:02.958		0.58573			4
2026.03.18	00:20:03.558		0.58572			4
2026.03.18	00:20:03.859		0.58573			4
2026.03.18	00:20:04.158		0.58572			4
2026.03.18	00:20:05.363		0.58573			4
2026.03.18	00:20:05.965		0.58572			4
2026.03.18	00:20:06.562	0.58524				2
2026.03.18	00:20:06.862	0.58523				2
2026.03.18	00:20:07.463	0.58524	0.58571			6
2026.03.18	00:20:07.764	0.58523				2
2026.03.18	00:20:08.064	0.58524	0.58573			6
2026.03.18	00:20:08.664	0.58523	0.58572			6
2026.03.18	00:20:09.265		0.58573			4
2026.03.18	00:20:09.866		0.58572			4
2026.03.18	00:20:10.167		0.58573			4
2026.03.18	00:20:10.466	0.58524	0.58572			6
2026.03.18	00:20:11.069		0.58573			4
2026.03.18	00:20:11.672		0.58571			4
2026.03.18	00:20:12.271		0.58573			4
2026.03.18	00:20:12.571	0.58523	0.58572			6
2026.03.18	00:20:12.872	0.58524	0.58573			6
2026.03.18	00:20:13.174		0.58572			4
2026.03.18	00:20:13.473		0.58573			4
2026.03.18	00:20:14.074	0.58523	0.58572			6
2026.03.18	00:20:14.375	0.58524	0.58573			6
2026.03.18	00:20:14.676	0.58523	0.58572			6
2026.03.18	00:20:15.275	0.58524	0.58573			6
2026.03.18	00:20:15.576	0.58523				2
2026.03.18	00:20:15.878	0.58524				2
2026.03.18	00:20:16.178	0.58523	0.58572			6
2026.03.18	00:20:16.478		0.58573			4
2026.03.18	00:20:16.779		0.58571			4
2026.03.18	00:20:17.082		0.58573			4
2026.03.18	00:20:17.685	0.58525	0.58572			6
2026.03.18	00:20:17.986		0.58571			4
2026.03.18	00:20:18.288		0.58572			4
2026.03.18	00:20:19.189		0.58570			4
2026.03.18	00:20:23.699		0.58571			4
2026.03.18	00:20:24.298		0.58570			4
2026.03.18	00:20:29.106		0.58571			4
2026.03.18	00:20:30.010		0.58569			4
2026.03.18	00:20:30.310		0.58571			4
2026.03.18	00:20:30.609		0.58569			4
2026.03.18	00:20:31.209		0.58571			4
2026.03.18	00:20:31.509	0.58522	0.58570			6
2026.03.18	00:20:31.814		0.58569			4
2026.03.18	00:20:32.114		0.58567			4
2026.03.18	00:20:32.415		0.58568			4
2026.03.18	00:20:33.015		0.58567			4
2026.03.18	00:20:33.315		0.58568			4
2026.03.18	00:20:33.617		0.58567			4
2026.03.18	00:20:34.517		0.58568			4
2026.03.18	00:20:35.719		0.58567			4
2026.03.18	00:20:36.018		0.58568			4
2026.03.18	00:20:36.621		0.58569			4
2026.03.18	00:20:37.525		0.58568			4
2026.03.18	00:20:38.423		0.58570			4
2026.03.18	00:20:39.025	0.58521	0.58571			6
2026.03.18	00:20:39.326	0.58520				2
2026.03.18	00:20:40.275	0.58523				2
2026.03.18	00:20:47.802		0.58572			4
2026.03.18	00:20:53.824		0.58571			4
2026.03.18	00:20:54.124		0.58572			4
2026.03.18	00:20:54.427	0.58524				2
2026.03.18	00:20:55.330		0.58571			4
2026.03.18	00:20:59.845	0.58523				2
2026.03.18	00:21:00.145	0.58523				2
2026.03.18	00:21:00.446	0.58524				2
2026.03.18	00:21:13.086	0.58523				2
2026.03.18	00:21:19.105	0.58524				2
2026.03.18	00:21:30.846	0.58522	0.58569			6
2026.03.18	00:21:34.459		0.58568			4
2026.03.18	00:21:35.963		0.58569			4
2026.03.18	00:21:45.287		0.58568			4
2026.03.18	00:22:00.041	0.58522				2
2026.03.18	00:22:06.353	0.58520				2
2026.03.18	00:22:24.210		0.58569			4
2026.03.18	00:22:30.728		0.58568			4
2026.03.18	00:22:42.315		0.58567			4
2026.03.18	00:22:51.340		0.58568			4
2026.03.18	00:22:54.916		0.58567			4
2026.03.18	00:22:58.228		0.58568			4
2026.03.18	00:23:02.564	0.58520				2
2026.03.18	00:23:51.581		0.58567			4
2026.03.18	00:23:58.351		0.58566			4
2026.03.18	00:24:00.708	0.58520				2
2026.03.18	00:24:02.012		0.58569			4
2026.03.18	00:24:30.971		0.58568			4
2026.03.18	00:24:59.287		0.58555			4
2026.03.18	00:25:00.981	0.58520				2
2026.03.18	00:25:02.117		0.58556			4
2026.03.18	00:25:04.639	0.58522	0.58566			6
2026.03.18	00:25:04.938		0.58567			4
2026.03.18	00:25:06.444	0.58521				2
2026.03.18	00:25:07.345		0.58566			4
2026.03.18	00:25:07.645	0.58520	0.58565			6
2026.03.18	00:25:07.946		0.58566			4
2026.03.18	00:25:38.969		0.58565			4
2026.03.18	00:25:46.644		0.58567			4
2026.03.18	00:25:52.653		0.58568			4
2026.03.18	00:25:54.465		0.58567			4
2026.03.18	00:25:58.515		0.58568			4
2026.03.18	00:25:58.816		0.58569			4
2026.03.18	00:26:03.925	0.58520				2
2026.03.18	00:26:24.854		0.58570			4
2026.03.18	00:26:38.269		0.58571			4
2026.03.18	00:26:40.117	0.58529	0.58572			6
2026.03.18	00:26:41.020	0.58530	0.58571			6
2026.03.18	00:26:48.233	0.58529				2
2026.03.18	00:26:49.737	0.58528	0.58570			6
2026.03.18	00:26:50.038	0.58515				2
2026.03.18	00:26:53.049	0.58514				2
2026.03.18	00:26:55.166	0.58515				2
2026.03.18	00:26:56.367	0.58514				2
2026.03.18	00:27:00.281	0.58514				2
2026.03.18	00:27:03.587	0.58515				2
2026.03.18	00:27:08.996	0.58514				2
2026.03.18	00:27:12.004	0.58515				2
2026.03.18	00:27:14.124	0.58514				2
2026.03.18	00:27:49.921		0.58570			4
2026.03.18	00:28:00.149	0.58514				2
2026.03.18	00:28:04.355	0.58515				2
2026.03.18	00:28:16.097	0.58514				2
2026.03.18	00:28:21.200	0.58516	0.58571			6
2026.03.18	00:28:27.823		0.58570			4
2026.03.18	00:28:28.123	0.58514				2
2026.03.18	00:28:38.051	0.58515				2
2026.03.18	00:29:00.009	0.58515				2
2026.03.18	00:29:28.008		0.58570			4
2026.03.18	00:30:00.216	0.58515				2
2026.03.18	00:30:00.516	0.58519				2
2026.03.18	00:30:00.814	0.58520	0.58571			6
2026.03.18	00:30:01.119	0.58518	0.58570			6
2026.03.18	00:30:01.718	0.58519				2
2026.03.18	00:30:17.368	0.58520				2
2026.03.18	00:30:25.199	0.58519				2
2026.03.18	00:30:34.226	0.58522	0.58577			6
2026.03.18	00:30:34.527		0.58578			4
2026.03.18	00:30:34.824	0.58523				2
2026.03.18	00:30:35.127	0.58522	0.58577			6
2026.03.18	00:30:35.728	0.58523				2
2026.03.18	00:30:36.633		0.58574			4
2026.03.18	00:30:37.235		0.58576			4
2026.03.18	00:30:37.833	0.58522	0.58574			6
2026.03.18	00:30:38.134	0.58523	0.58576			6
2026.03.18	00:30:38.741		0.58574			4
2026.03.18	00:30:39.041		0.58575			4
2026.03.18	00:30:39.341		0.58576			4
2026.03.18	00:30:39.644		0.58574			4
2026.03.18	00:30:40.245		0.58576			4
2026.03.18	00:30:40.546		0.58574			4
2026.03.18	00:30:40.848	0.58542	0.58580			6
2026.03.18	00:30:41.149	0.58541				2
2026.03.18	00:30:41.450	0.58542				2
2026.03.18	00:30:42.350	0.58539	0.58578			6
2026.03.18	00:30:43.859	0.58540				2
2026.03.18	00:30:45.368	0.58539				2
2026.03.18	00:30:45.969	0.58540				2
2026.03.18	00:30:46.570	0.58539				2
2026.03.18	00:30:46.874	0.58540				2
2026.03.18	00:30:47.778	0.58539	0.58577			6
2026.03.18	00:30:48.076	0.58540	0.58578			6
2026.03.18	00:30:48.378	0.58539				2
2026.03.18	00:30:49.580	0.58540				2
2026.03.18	00:30:52.289		0.58577			4
2026.03.18	00:30:54.092	0.58539				2
2026.03.18	00:30:54.394	0.58540				2
2026.03.18	00:30:55.598		0.58578			4
2026.03.18	00:30:55.897	0.58539				2
2026.03.18	00:30:56.499	0.58540				2
2026.03.18	00:30:57.097	0.58539				2
2026.03.18	00:30:57.402	0.58540				2
2026.03.18	00:30:58.004	0.58539				2
2026.03.18	00:30:58.308		0.58577			4
2026.03.18	00:30:59.508	0.58540	0.58576			6
2026.03.18	00:30:59.809	0.58541				2
2026.03.18	00:31:00.112	0.58540				2
2026.03.18	00:31:00.412		0.58577			4
2026.03.18	00:31:00.712		0.58578			4
2026.03.18	00:31:01.914	0.58539				2
2026.03.18	00:31:02.516	0.58540				2
2026.03.18	00:31:03.420		0.58576			4
2026.03.18	00:31:04.923	0.58539	0.58577			6
2026.03.18	00:31:05.223	0.58540				2
2026.03.18	00:31:07.329	0.58539	0.58576			6
2026.03.18	00:31:07.630	0.58540				2
2026.03.18	00:31:07.932	0.58539	0.58577			6
2026.03.18	00:31:08.235		0.58576			4
2026.03.18	00:31:08.534	0.58540				2
2026.03.18	00:31:09.739	0.58541				2
2026.03.18	00:31:10.040	0.58540				2
2026.03.18	00:31:11.545	0.58541				2
2026.03.18	00:31:12.148	0.58540				2
2026.03.18	00:31:12.449	0.58541	0.58575			6
2026.03.18	00:31:13.353		0.58576			4
2026.03.18	00:31:13.653	0.58540				2
2026.03.18	00:31:14.855	0.58541				2
2026.03.18	00:31:15.157	0.58540				2
2026.03.18	00:31:15.458		0.58575			4
2026.03.18	00:31:16.393	0.58541	0.58574			6
2026.03.18	00:31:17.091	0.58540				2
2026.03.18	00:31:17.391	0.58541	0.58575			6
2026.03.18	00:31:18.091	0.58540				2
2026.03.18	00:31:18.391	0.58541	0.58574			6
2026.03.18	00:31:19.091	0.58540				2
2026.03.18	00:31:19.393	0.58541				2
2026.03.18	00:31:20.090	0.58540				2
2026.03.18	00:31:20.391	0.58541				2
2026.03.18	00:31:20.692		0.58575			4
2026.03.18	00:31:20.992		0.58574			4
2026.03.18	00:31:21.593	0.58542				2
2026.03.18	00:31:21.893	0.58541				2
2026.03.18	00:31:22.493	0.58542				2
2026.03.18	00:31:23.094	0.58541	0.58575			6
2026.03.18	00:31:23.394	0.58542	0.58574			6
2026.03.18	00:31:23.995	0.58541	0.58575			6
2026.03.18	00:31:24.295	0.58542	0.58574			6
2026.03.18	00:31:25.091	0.58541	0.58575			6
2026.03.18	00:31:28.992	0.58540				2
2026.03.18	00:31:29.297	0.58541				2
2026.03.18	00:31:30.393	0.58542	0.58574			6
2026.03.18	00:31:31.516	0.58541				2
2026.03.18	00:31:32.117		0.58575			4
2026.03.18	00:31:33.020		0.58574			4
2026.03.18	00:31:33.320	0.58542				2
2026.03.18	00:31:33.791	0.58541				2
2026.03.18	00:31:34.391	0.58542				2
2026.03.18	00:31:34.993	0.58541	0.58575			6
2026.03.18	00:31:35.894		0.58574			4
2026.03.18	00:31:38.391	0.58542				2
2026.03.18	00:31:38.791	0.58541				2
2026.03.18	00:31:39.091		0.58573			4
2026.03.18	00:31:39.391	0.58542	0.58574			6
2026.03.18	00:31:40.057	0.58541				2
2026.03.18	00:31:42.465		0.58575			4
2026.03.18	00:31:42.791		0.58574			4
2026.03.18	00:31:43.091		0.58575			4
2026.03.18	00:31:43.392		0.58574			4
2026.03.18	00:31:44.693	0.58543	0.58573			6
2026.03.18	00:31:44.994	0.58541	0.58574			6
2026.03.18	00:31:45.294	0.58542				2
2026.03.18	00:31:45.894	0.58541				2
2026.03.18	00:31:46.495	0.58542				2
2026.03.18	00:31:46.795	0.58541				2
2026.03.18	00:31:47.395	0.58542	0.58573			6
2026.03.18	00:31:47.790	0.58541				2
2026.03.18	00:31:48.091		0.58574			4
2026.03.18	00:31:48.392	0.58542				2
2026.03.18	00:31:48.791	0.58541				2
2026.03.18	00:31:49.392	0.58543	0.58573			6
2026.03.18	00:31:49.692	0.58542				2
2026.03.18	00:31:49.993	0.58541				2
2026.03.18	00:31:50.293	0.58543				2
2026.03.18	00:31:50.593	0.58542	0.58574			6
2026.03.18	00:31:50.893	0.58541				2
2026.03.18	00:31:51.494	0.58542				2
2026.03.18	00:31:51.795	0.58541				2
2026.03.18	00:31:52.095		0.58573			4
2026.03.18	00:31:52.395	0.58543				2
2026.03.18	00:31:52.791	0.58542	0.58572			6
2026.03.18	00:31:53.091	0.58541	0.58573			6
2026.03.18	00:31:53.391	0.58543				2
2026.03.18	00:31:53.994	0.58541				2
2026.03.18	00:31:54.294	0.58543				2
2026.03.18	00:31:54.895	0.58541				2
2026.03.18	00:31:55.291	0.58543	0.58572			6
2026.03.18	00:31:55.893	0.58541	0.58573			6
2026.03.18	00:31:56.291	0.58543				2
2026.03.18	00:31:56.893	0.58555				2
2026.03.18	00:31:57.194	0.58541				2
2026.03.18	00:31:57.494	0.58555				2
2026.03.18	00:31:57.794	0.58541				2
2026.03.18	00:31:58.094	0.58555				2
2026.03.18	00:31:58.394	0.58543				2
2026.03.18	00:31:58.694	0.58555				2
2026.03.18	00:31:58.994	0.58541				2
2026.03.18	00:31:59.294	0.58552				2
2026.03.18	00:31:59.595	0.58543	0.58572			6
2026.03.18	00:31:59.895	0.58552				2
2026.03.18	00:32:00.195	0.58542				2
2026.03.18	00:32:00.495	0.58543	0.58573			6
2026.03.18	00:32:00.796	0.58542	0.58572			6
2026.03.18	00:32:01.095	0.58541	0.58573			6
2026.03.18	00:32:01.396	0.58543				2
2026.03.18	00:32:01.791	0.58541				2
2026.03.18	00:32:02.292	0.58543				2
2026.03.18	00:32:02.792	0.58541				2
2026.03.18	00:32:03.293	0.58543				2
2026.03.18	00:32:03.792	0.58541				2
2026.03.18	00:32:04.292	0.58543				2
2026.03.18	00:32:04.791	0.58541				2
2026.03.18	00:32:05.291	0.58542				2
2026.03.18	00:32:06.792	0.58541				2
2026.03.18	00:32:07.291	0.58543				2
2026.03.18	00:32:07.791	0.58541				2
2026.03.18	00:32:08.091	0.58540	0.58574			6
2026.03.18	00:32:08.392	0.58542				2
2026.03.18	00:32:08.791	0.58541	0.58573			6
2026.03.18	00:32:09.392	0.58542	0.58574			6
2026.03.18	00:32:09.791	0.58540				2
2026.03.18	00:32:10.291	0.58542				2
2026.03.18	00:32:10.791	0.58540				2
2026.03.18	00:32:11.391	0.58543	0.58573			6
2026.03.18	00:32:11.791	0.58542	0.58572			6
2026.03.18	00:32:12.291	0.58543	0.58573			6
2026.03.18	00:32:12.892	0.58541				2
2026.03.18	00:32:13.491	0.58543				2
2026.03.18	00:32:13.791	0.58541				2
2026.03.18	00:32:14.393	0.58543				2
2026.03.18	00:32:14.993	0.58541				2
2026.03.18	00:32:15.594	0.58543	0.58572			6
2026.03.18	00:32:15.896	0.58541	0.58573			6
2026.03.18	00:32:16.502	0.58543				2
2026.03.18	00:32:16.802	0.58541				2
2026.03.18	00:32:17.292	0.58543				2
2026.03.18	00:32:17.591	0.58544	0.58572			6
2026.03.18	00:32:17.892	0.58541	0.58573			6
2026.03.18	00:32:18.291	0.58543				2
2026.03.18	00:32:19.044	0.58541				2
2026.03.18	00:32:19.345	0.58543				2
2026.03.18	00:32:19.790	0.58542				2
2026.03.18	00:32:20.091		0.58572			4
2026.03.18	00:32:20.392	0.58543	0.58573			6
2026.03.18	00:32:20.791	0.58541				2
2026.03.18	00:32:21.445	0.58543				2
2026.03.18	00:32:21.791	0.58541				2
2026.03.18	00:32:22.392	0.58543	0.58572			6
2026.03.18	00:32:22.692		0.58573			4
2026.03.18	00:32:22.992	0.58541				2
2026.03.18	00:32:23.292	0.58543				2
2026.03.18	00:32:24.729	0.58554				2
2026.03.18	00:32:25.030	0.58542				2
2026.03.18	00:32:25.331	0.58554				2
2026.03.18	00:32:25.630	0.58543	0.58572			6
2026.03.18	00:32:25.932	0.58554				2
2026.03.18	00:32:26.232	0.58542				2
2026.03.18	00:32:26.532	0.58554				2
2026.03.18	00:32:26.832	0.58542				2
2026.03.18	00:32:27.134	0.58554				2
2026.03.18	00:32:27.435	0.58543	0.58573			6
2026.03.18	00:32:27.735	0.58554	0.58572			6
2026.03.18	00:32:28.037	0.58542				2
2026.03.18	00:32:28.344	0.58543	0.58573			6
2026.03.18	00:32:29.444	0.58542				2
2026.03.18	00:32:29.791	0.58541				2
2026.03.18	00:32:30.391	0.58544	0.58572			6
2026.03.18	00:32:31.010	0.58542				2
2026.03.18	00:32:31.312	0.58543	0.58573			6
2026.03.18	00:32:31.612	0.58544	0.58572			6
2026.03.18	00:32:31.913	0.58542				2
2026.03.18	00:32:32.291	0.58544				2
2026.03.18	00:32:32.892	0.58542				2
2026.03.18	00:32:33.492	0.58543	0.58573			6
2026.03.18	00:32:33.792	0.58542	0.58572			6
2026.03.18	00:32:34.393	0.58543	0.58573			6
2026.03.18	00:32:34.692	0.58545	0.58571			6
2026.03.18	00:32:34.993	0.58543				2
2026.03.18	00:32:35.294	0.58544	0.58572			6
2026.03.18	00:32:35.942		0.58571			4
2026.03.18	00:32:38.116	0.58545				2
2026.03.18	00:32:39.736	0.58544				2
2026.03.18	00:32:40.342	0.58545				2
2026.03.18	00:32:50.029	0.58544				2
2026.03.18	00:32:51.231		0.58572			4
2026.03.18	00:32:57.932	0.58545	0.58571			6
2026.03.18	00:32:59.716	0.58544				2
2026.03.18	00:33:00.017	0.58544				2
2026.03.18	00:33:08.475	0.58545	0.58570			6
2026.03.18	00:33:09.076		0.58571			4
2026.03.18	00:33:13.326	0.58546	0.58570			6
2026.03.18	00:33:13.627	0.58545	0.58571			6
2026.03.18	00:33:14.416		0.58570			4
2026.03.18	00:33:21.316		0.58571			4
2026.03.18	00:33:24.316	0.58546	0.58570			6
2026.03.18	00:33:28.518	0.58544				2
2026.03.18	00:33:28.819	0.58543	0.58571			6
2026.03.18	00:33:29.118	0.58545				2
2026.03.18	00:33:30.916	0.58546	0.58570			6
2026.03.18	00:33:39.654	0.58545	0.58571			6
2026.03.18	00:33:39.953	0.58543				2
2026.03.18	00:33:40.254	0.58546	0.58570			6
2026.03.18	00:33:41.717		0.58569			4
2026.03.18	00:33:45.914		0.58570			4
2026.03.18	00:33:46.215	0.58545	0.58571			6
2026.03.18	00:33:46.517	0.58546	0.58569			6
2026.03.18	00:33:46.817		0.58570			4
2026.03.18	00:33:47.118		0.58569			4
2026.03.18	00:33:47.720		0.58570			4
2026.03.18	00:33:48.320	0.58545	0.58569			6
2026.03.18	00:33:48.620	0.58546	0.58570			6
2026.03.18	00:33:48.920		0.58569			4
2026.03.18	00:33:49.283		0.58570			4
2026.03.18	00:33:56.106	0.58545				2
2026.03.18	00:33:56.406	0.58546				2
2026.03.18	00:33:57.146		0.58568			4
2026.03.18	00:33:57.646		0.58570			4
2026.03.18	00:33:59.718	0.58547	0.58569			6
2026.03.18	00:34:00.151	0.58547				2
2026.03.18	00:34:03.865	0.58546				2
2026.03.18	00:34:08.728	0.58547				2
2026.03.18	00:34:09.028	0.58546				2
2026.03.18	00:34:09.817		0.58570			4
2026.03.18	00:34:10.784		0.58569			4
2026.03.18	00:34:12.016		0.58570			4
2026.03.18	00:34:14.298	0.58545	0.58569			6
2026.03.18	00:34:14.599	0.58546	0.58570			6
2026.03.18	00:34:14.901	0.58545	0.58569			6
2026.03.18	00:34:17.802	0.58546	0.58570			6
2026.03.18	00:34:18.102	0.58545	0.58569			6
2026.03.18	00:34:18.402	0.58546				2
2026.03.18	00:34:18.703	0.58545				2
2026.03.18	00:34:19.046	0.58546				2
2026.03.18	00:34:19.351		0.58568			4
2026.03.18	00:34:22.216	0.58545	0.58569			6
2026.03.18	00:34:23.716	0.58546				2
2026.03.18	00:34:24.017		0.58568			4
2026.03.18	00:34:25.705		0.58570			4
2026.03.18	00:34:27.647	0.58547				2
2026.03.18	00:34:27.947	0.58546	0.58568			6
2026.03.18	00:34:28.248		0.58569			4
2026.03.18	00:34:28.550	0.58547				2
2026.03.18	00:34:29.578	0.58546				2
2026.03.18	00:34:29.878		0.58570			4
2026.03.18	00:34:37.948	0.58545	0.58569			6
2026.03.18	00:34:38.550	0.58547				2
2026.03.18	00:34:38.852	0.58546	0.58568			6
2026.03.18	00:34:41.354	0.58545	0.58569			6
2026.03.18	00:34:42.360	0.58546	0.58568			6
2026.03.18	00:34:43.913	0.58545	0.58569			6
2026.03.18	00:34:57.945	0.58546	0.58568			6
2026.03.18	00:34:58.249	0.58545	0.58569			6
2026.03.18	00:35:01.517	0.58545				2
2026.03.18	00:35:03.526	0.58546	0.58568			6
2026.03.18	00:35:12.317	0.58545	0.58569			6
2026.03.18	00:35:15.081	0.58546	0.58568			6
2026.03.18	00:35:26.716	0.58545	0.58569			6
2026.03.18	00:35:32.463	0.58547	0.58567			6
2026.03.18	00:35:35.722	0.58546	0.58568			6
2026.03.18	00:35:38.735	0.58547	0.58567			6
2026.03.18	00:35:39.037	0.58545	0.58569			6
2026.03.18	00:35:54.184	0.58546	0.58568			6
2026.03.18	00:35:54.786	0.58545	0.58569			6
2026.03.18	00:36:00.304	0.58545				2
2026.03.18	00:36:00.905	0.58544	0.58570			6
2026.03.18	00:36:07.949	0.58546	0.58568			6
2026.03.18	00:36:08.248	0.58545	0.58569			6
2026.03.18	00:36:08.551	0.58546	0.58568			6
2026.03.18	00:36:12.302	0.58545	0.58569			6
2026.03.18	00:36:14.111	0.58544	0.58570			6
2026.03.18	00:36:17.948	0.58545	0.58569			6
2026.03.18	00:36:19.803	0.58546				2
2026.03.18	00:36:20.103		0.58568			4
2026.03.18	00:36:20.703	0.58545	0.58569			6
2026.03.18	00:36:27.272	0.58546	0.58568			6
2026.03.18	00:36:27.575	0.58545	0.58569			6
2026.03.18	00:36:35.063	0.58546	0.58568			6
2026.03.18	00:36:35.367		0.58570			4
2026.03.18	00:36:35.672	0.58547	0.58569			6
2026.03.18	00:36:35.972	0.58544	0.58570			6
2026.03.18	00:36:36.272	0.58545	0.58571			6
2026.03.18	00:36:36.572	0.58546	0.58570			6
2026.03.18	00:36:36.874	0.58544				2
2026.03.18	00:36:39.616	0.58545				2
2026.03.18	00:36:39.918		0.58569			4
2026.03.18	00:36:40.545	0.58544	0.58570			6
2026.03.18	00:36:42.917		0.58571			4
2026.03.18	00:36:43.518	0.58543				2
2026.03.18	00:36:48.152	0.58545	0.58569			6
2026.03.18	00:36:48.453	0.58546	0.58568			6
2026.03.18	00:36:48.753	0.58547	0.58569			6
2026.03.18	00:36:49.053	0.58545				2
2026.03.18	00:36:49.356	0.58546				2
2026.03.18	00:36:49.965	0.58544	0.58570			6
2026.03.18	00:36:50.265	0.58546	0.58568			6
2026.03.18	00:36:58.686	0.58547	0.58569			6
2026.03.18	00:36:58.987	0.58545	0.58571			6
2026.03.18	00:36:59.604	0.58543				2
2026.03.18	00:36:59.904	0.58544	0.58570			6
2026.03.18	00:37:00.205	0.58544				2
2026.03.18	00:37:01.014	0.58546				2
2026.03.18	00:37:01.315	0.58547	0.58569			6
2026.03.18	00:37:12.704	0.58546	0.58570			6
2026.03.18	00:37:13.305		0.58569			4
2026.03.18	00:37:20.886	0.58547				2
2026.03.18	00:37:22.518	0.58548	0.58568			6
2026.03.18	00:37:22.818	0.58547				2
2026.03.18	00:37:24.917	0.58548				2
2026.03.18	00:37:33.120		0.58567			4
2026.03.18	00:37:33.720		0.58568			4
2026.03.18	00:37:34.921		0.58567			4
2026.03.18	00:37:46.631		0.58568			4
2026.03.18	00:37:48.298	0.58549	0.58567			6
2026.03.18	00:37:48.616	0.58548	0.58568			6
2026.03.18	00:37:49.499		0.58567			4
2026.03.18	00:37:49.802		0.58568			4
2026.03.18	00:37:50.716	0.58547				2
2026.03.18	00:37:57.952	0.58548				2
2026.03.18	00:38:00.714	0.58548				2
2026.03.18	00:38:01.316	0.58547				2
2026.03.18	00:38:01.618		0.58569			4
2026.03.18	00:38:04.191	0.58548	0.58567			6
2026.03.18	00:38:04.491	0.58547	0.58568			6
2026.03.18	00:38:04.817	0.58548				2
2026.03.18	00:38:07.517		0.58567			4
2026.03.18	00:38:09.456	0.58522	0.58565			6
2026.03.18	00:38:09.758		0.58558			4
2026.03.18	00:38:10.059		0.58560			4
2026.03.18	00:38:10.660		0.58561			4
2026.03.18	00:38:10.960		0.58562			4
2026.03.18	00:38:11.261		0.58560			4
2026.03.18	00:38:12.163		0.58559			4
2026.03.18	00:38:14.265		0.58560			4
2026.03.18	00:38:14.565		0.58559			4
2026.03.18	00:38:14.866		0.58560			4
2026.03.18	00:38:15.467		0.58566			4
2026.03.18	00:38:15.766		0.58565			4
2026.03.18	00:38:17.873		0.58559			4
2026.03.18	00:38:21.184		0.58560			4
2026.03.18	00:38:21.485		0.58563			4
2026.03.18	00:38:22.386		0.58562			4
2026.03.18	00:38:24.193		0.58561			4
2026.03.18	00:38:24.493		0.58562			4
2026.03.18	00:38:26.595		0.58561			4
2026.03.18	00:38:31.713		0.58559			4
2026.03.18	00:38:32.013		0.58562			4
2026.03.18	00:38:32.314		0.58560			4
2026.03.18	00:38:32.615		0.58563			4
2026.03.18	00:38:32.917		0.58564			4
2026.03.18	00:38:33.219		0.58566			4
2026.03.18	00:38:34.419	0.58523	0.58567			6
2026.03.18	00:38:34.720	0.58522	0.58568			6
2026.03.18	00:38:35.020		0.58569			4
2026.03.18	00:38:37.423	0.58525	0.58566			6
2026.03.18	00:38:37.724	0.58522	0.58561			6
2026.03.18	00:38:46.456		0.58562			4
2026.03.18	00:38:46.758		0.58559			4
2026.03.18	00:38:47.967		0.58558			4
2026.03.18	00:38:48.269		0.58559			4
2026.03.18	00:38:48.870		0.58566			4
2026.03.18	00:38:49.171		0.58562			4
2026.03.18	00:38:49.472	0.58521	0.58568			6
2026.03.18	00:38:49.772	0.58522	0.58561			6
2026.03.18	00:38:50.073		0.58560			4
2026.03.18	00:38:50.374		0.58561			4
2026.03.18	00:38:50.675		0.58566			4
2026.03.18	00:38:50.975		0.58563			4
2026.03.18	00:38:51.275		0.58564			4
2026.03.18	00:38:51.576	0.58521	0.58568			6
2026.03.18	00:38:51.876	0.58522	0.58565			6
2026.03.18	00:38:52.478		0.58564			4
2026.03.18	00:38:53.082		0.58563			4
2026.03.18	00:38:53.685		0.58562			4
2026.03.18	00:38:57.295		0.58565			4
2026.03.18	00:38:57.595		0.58564			4
2026.03.18	00:38:57.897		0.58565			4
2026.03.18	00:38:58.197	0.58521	0.58563			6
2026.03.18	00:38:58.498	0.58522				2
2026.03.18	00:38:59.102		0.58565			4
2026.03.18	00:38:59.703	0.58521	0.58564			6
2026.03.18	00:39:00.003	0.58521				2
2026.03.18	00:39:00.304		0.58563			4
2026.03.18	00:39:01.205	0.58522	0.58564			6
2026.03.18	00:39:04.821		0.58563			4
2026.03.18	00:39:05.120		0.58561			4
2026.03.18	00:39:05.421		0.58567			4
2026.03.18	00:39:05.721		0.58565			4
2026.03.18	00:39:06.022		0.58566			4
2026.03.18	00:39:06.321		0.58565			4
2026.03.18	00:39:06.622		0.58564			4
2026.03.18	00:39:06.922		0.58565			4
2026.03.18	00:39:07.222	0.58521				2
2026.03.18	00:39:07.523	0.58522	0.58560			6
2026.03.18	00:39:07.823		0.58558			4
2026.03.18	00:39:08.124		0.58559			4
2026.03.18	00:39:08.424		0.58561			4
2026.03.18	00:39:08.725		0.58562			4
2026.03.18	00:39:09.026	0.58521	0.58563			6
2026.03.18	00:39:09.327	0.58523	0.58565			6
2026.03.18	00:39:09.928		0.58566			4
2026.03.18	00:39:12.633		0.58563			4
2026.03.18	00:39:12.935		0.58565			4
2026.03.18	00:39:14.143		0.58564			4
2026.03.18	00:39:19.570		0.58565			4
2026.03.18	00:39:22.591	0.58522				2
2026.03.18	00:39:22.891	0.58523	0.58566			6
2026.03.18	00:39:23.193	0.58522	0.58564			6
2026.03.18	00:39:27.698		0.58567			4
2026.03.18	00:39:27.999	0.58523				2
2026.03.18	00:39:28.299	0.58522				2
2026.03.18	00:39:29.200		0.58566			4
2026.03.18	00:39:29.500	0.58523				2
2026.03.18	00:39:29.804		0.58567			4
2026.03.18	00:39:31.007	0.58522	0.58569			6
2026.03.18	00:39:31.308		0.58565			4
2026.03.18	00:39:31.606	0.58523	0.58566			6
2026.03.18	00:39:31.913		0.58565			4
2026.03.18	00:39:32.214	0.58522	0.58567			6
2026.03.18	00:39:36.128		0.58568			4
2026.03.18	00:39:36.429	0.58523	0.58565			6
2026.03.18	00:39:37.932	0.58528				2
2026.03.18	00:39:38.231	0.58532	0.58567			6
2026.03.18	00:39:38.533	0.58531	0.58569			6
2026.03.18	00:39:47.868		0.58570			4
2026.03.18	00:39:48.467		0.58569			4
2026.03.18	00:39:52.382		0.58568			4
2026.03.18	00:39:52.684		0.58570			4
2026.03.18	00:39:52.984		0.58569			4
2026.03.18	00:39:56.294	0.58532	0.58567			6
2026.03.18	00:39:56.896	0.58533	0.58566			6
2026.03.18	00:39:57.494	0.58532				2
2026.03.18	00:40:00.200	0.58533				2
2026.03.18	00:40:00.496	0.58531	0.58567			6
2026.03.18	00:40:03.807		0.58568			4
2026.03.18	00:40:06.519		0.58567			4
2026.03.18	00:40:12.538	0.58527	0.58570			6
2026.03.18	00:40:12.837		0.58568			4
2026.03.18	00:40:17.957		0.58567			4
2026.03.18	00:40:23.077		0.58565			4
2026.03.18	00:40:23.981		0.58567			4
2026.03.18	00:40:24.582		0.58566			4
2026.03.18	00:40:38.118		0.58567			4
2026.03.18	00:40:46.838		0.58566			4
2026.03.18	00:40:48.652		0.58565			4
2026.03.18	00:40:52.861		0.58568			4
2026.03.18	00:40:55.267		0.58567			4
2026.03.18	00:40:55.569		0.58568			4
2026.03.18	00:40:55.870		0.58567			4
2026.03.18	00:40:57.671		0.58566			4
2026.03.18	00:41:00.082	0.58527				2
2026.03.18	00:41:07.899		0.58567			4
2026.03.18	00:41:08.198		0.58566			4
2026.03.18	00:41:12.409	0.58528				2
2026.03.18	00:41:12.708		0.58567			4
2026.03.18	00:41:13.011		0.58566			4
2026.03.18	00:41:13.315		0.58567			4
2026.03.18	00:41:13.615	0.58527	0.58568			6
2026.03.18	00:41:16.930		0.58567			4
2026.03.18	00:41:22.309		0.58568			4
2026.03.18	00:41:22.619	0.58528	0.58566			6
2026.03.18	00:41:22.920	0.58529	0.58565			6
2026.03.18	00:41:25.817	0.58528	0.58566			6
2026.03.18	00:41:38.490	0.58530	0.58564			6
2026.03.18	00:41:43.281	0.58527	0.58565			6
2026.03.18	00:41:43.581		0.58566			4
2026.03.18	00:41:48.392		0.58568			4
2026.03.18	00:41:50.495		0.58569			4
2026.03.18	00:41:54.111		0.58567			4
2026.03.18	00:41:57.422		0.58568			4
2026.03.18	00:42:00.137	0.58527				2
2026.03.18	00:42:00.744		0.58566			4
2026.03.18	00:42:01.044		0.58567			4
2026.03.18	00:42:01.949		0.58566			4
2026.03.18	00:42:04.053		0.58568			4
2026.03.18	00:42:07.975		0.58567			4
2026.03.18	00:42:14.295		0.58566			4
2026.03.18	00:42:14.895		0.58568			4
2026.03.18	00:42:24.224		0.58566			4
2026.03.18	00:42:24.526		0.58568			4
2026.03.18	00:42:28.816		0.58567			4
2026.03.18	00:42:34.209		0.58565			4
2026.03.18	00:42:35.117		0.58567			4
2026.03.18	00:42:35.718	0.58528	0.58568			6
2026.03.18	00:42:44.153		0.58565			4
2026.03.18	00:42:44.454	0.58527	0.58568			6
2026.03.18	00:43:00.096	0.58527				2
2026.03.18	00:43:12.432		0.58567			4
2026.03.18	00:43:12.732	0.58528	0.58566			6
2026.03.18	00:43:13.033	0.58527	0.58567			6
2026.03.18	00:43:13.335	0.58530				2
2026.03.18	00:43:13.636	0.58527				2
2026.03.18	00:43:14.245		0.58566			4
2026.03.18	00:43:17.862		0.58567			4
2026.03.18	00:43:24.485		0.58566			4
2026.03.18	00:43:55.498		0.58567			4
2026.03.18	00:44:00.008	0.58527				2
2026.03.18	00:44:12.659		0.58566			4
2026.03.18	00:44:12.959		0.58568			4
2026.03.18	00:44:17.783		0.58566			4
2026.03.18	00:44:26.501	0.58528				2
2026.03.18	00:44:30.116		0.58567			4
2026.03.18	00:44:30.414	0.58527	0.58568			6
2026.03.18	00:44:31.016		0.58566			4
2026.03.18	00:44:31.618	0.58529	0.58565			6
2026.03.18	00:44:31.918	0.58528	0.58566			6
2026.03.18	00:44:32.217		0.58567			4
2026.03.18	00:44:32.521	0.58527	0.58568			6
2026.03.18	00:44:33.121	0.58529	0.58565			6
2026.03.18	00:44:36.017	0.58528	0.58566			6
2026.03.18	00:44:37.057	0.58527	0.58567			6
2026.03.18	00:44:37.358		0.58568			4
2026.03.18	00:44:37.658		0.58569			4
2026.03.18	00:44:41.573	0.58526				2
2026.03.18	00:44:44.886		0.58568			4
2026.03.18	00:44:47.595	0.58527				2
2026.03.18	00:44:52.705		0.58569			4
2026.03.18	00:44:53.906	0.58526				2
2026.03.18	00:44:55.410	0.58527	0.58567			6
2026.03.18	00:44:55.710		0.58568			4
2026.03.18	00:45:00.221	0.58527				2
2026.03.18	00:45:03.228		0.58575			4
2026.03.18	00:45:06.841		0.58568			4
2026.03.18	00:45:07.747	0.58526	0.58569			6
2026.03.18	00:45:08.349		0.58570			4
2026.03.18	00:45:30.903	0.58527	0.58571			6
2026.03.18	00:45:53.451	0.58531				2
2026.03.18	00:45:54.451	0.58527				2
2026.03.18	00:45:55.450	0.58531				2
2026.03.18	00:45:55.951	0.58527				2
2026.03.18	00:45:56.451	0.58526				2
2026.03.18	00:45:57.052	0.58527				2
2026.03.18	00:45:59.581	0.58526				2
2026.03.18	00:45:59.881	0.58527				2
2026.03.18	00:46:01.911	0.58527				2
2026.03.18	00:46:02.314	0.58526				2
2026.03.18	00:46:07.673	0.58527				2
2026.03.18	00:46:12.025	0.58526				2
2026.03.18	00:46:18.274	0.58527				2
2026.03.18	00:46:20.842		0.58572			4
2026.03.18	00:46:21.142	0.58526				2
2026.03.18	00:46:48.248	0.58527				2
2026.03.18	00:46:49.218	0.58526				2
2026.03.18	00:47:03.026	0.58526	0.58580			6
2026.03.18	00:47:05.728		0.58572			4
2026.03.18	00:47:15.855		0.58574			4
2026.03.18	00:47:17.133	0.58527	0.58573			6
2026.03.18	00:47:17.441		0.58574			4
2026.03.18	00:47:18.854		0.58573			4
2026.03.18	00:47:20.118		0.58574			4
2026.03.18	00:47:26.519		0.58573			4
2026.03.18	00:47:27.529		0.58574			4
2026.03.18	00:47:30.674		0.58573			4
2026.03.18	00:47:30.973		0.58574			4
2026.03.18	00:47:31.274		0.58573			4
2026.03.18	00:47:31.578		0.58574			4
2026.03.18	00:47:32.580		0.58573			4
2026.03.18	00:47:33.890		0.58574			4
2026.03.18	00:47:43.816		0.58575			4
2026.03.18	00:47:45.088		0.58570			4
2026.03.18	00:47:45.389		0.58569			4
2026.03.18	00:48:03.378	0.58526				2
2026.03.18	00:48:06.084		0.58568			4
2026.03.18	00:48:06.386		0.58567			4
2026.03.18	00:48:14.800	0.58531	0.58572			6
2026.03.18	00:48:15.703	0.58530				2
2026.03.18	00:48:16.603	0.58531				2
2026.03.18	00:48:17.205	0.58530				2
2026.03.18	00:48:18.707	0.58532	0.58577			6
2026.03.18	00:48:19.007	0.58531				2
2026.03.18	00:48:19.913	0.58541				2
2026.03.18	00:48:20.213	0.58531				2
2026.03.18	00:48:20.515	0.58548				2
2026.03.18	00:48:21.115	0.58547				2
2026.03.18	00:48:21.794	0.58548				2
2026.03.18	00:48:27.002	0.58532				2
2026.03.18	00:48:27.302	0.58541				2
2026.03.18	00:48:29.737	0.58548				2
2026.03.18	00:48:30.039	0.58549				2
2026.03.18	00:48:37.897	0.58548				2
2026.03.18	00:48:38.198	0.58541				2
2026.03.18	00:48:51.316	0.58542				2
2026.03.18	00:48:53.438	0.58532				2
2026.03.18	00:48:53.738	0.58542				2
2026.03.18	00:48:54.039	0.58544				2
2026.03.18	00:48:56.840	0.58549				2
2026.03.18	00:49:01.816	0.58550				2
2026.03.18	00:49:12.638	0.58544	0.58576			6
2026.03.18	00:49:12.940	0.58542	0.58577			6
2026.03.18	00:49:13.240	0.58543	0.58576			6
2026.03.18	00:49:17.985	0.58532				2
2026.03.18	00:49:18.286	0.58549	0.58577			6
2026.03.18	00:49:18.891	0.58543	0.58576			6
2026.03.18	00:49:22.816	0.58542				2
2026.03.18	00:49:23.117		0.58577			4
2026.03.18	00:49:33.045	0.58549				2
2026.03.18	00:49:37.041	0.58550				2
2026.03.18	00:49:37.347	0.58549				2
2026.03.18	00:49:37.646	0.58548				2
2026.03.18	00:49:47.443	0.58534	0.58574			6
2026.03.18	00:49:47.743	0.58549	0.58577			6
2026.03.18	00:49:48.344	0.58544	0.58575			6
2026.03.18	00:49:48.644	0.58538	0.58576			6
2026.03.18	00:49:48.945	0.58532	0.58577			6
2026.03.18	00:49:49.248		0.58576			4
2026.03.18	00:49:55.581		0.58574			4
2026.03.18	00:49:55.881		0.58575			4
2026.03.18	00:49:56.181		0.58576			4
2026.03.18	00:49:57.986		0.58574			4
2026.03.18	00:49:58.286		0.58576			4
2026.03.18	00:49:58.984		0.58575			4
2026.03.18	00:50:00.191	0.58532	0.58574			6
2026.03.18	00:50:04.404		0.58575			4
2026.03.18	00:50:08.016		0.58576			4
2026.03.18	00:50:08.617		0.58575			4
2026.03.18	00:50:09.218		0.58577			4
2026.03.18	00:50:12.524		0.58574			4
2026.03.18	00:50:13.126		0.58576			4
2026.03.18	00:50:14.931		0.58575			4
2026.03.18	00:50:39.311		0.58576			4
2026.03.18	00:50:45.624		0.58574			4
2026.03.18	00:50:46.224		0.58575			4
2026.03.18	00:50:46.828		0.58576			4
2026.03.18	00:50:48.935		0.58577			4
2026.03.18	00:50:53.159		0.58575			4
2026.03.18	00:51:00.080	0.58532				2
2026.03.18	00:51:02.791		0.58576			4
2026.03.18	00:51:05.194	0.58535	0.58577			6
2026.03.18	00:51:05.495	0.58532	0.58575			6
2026.03.18	00:51:33.012	0.58533	0.58573			6
2026.03.18	00:51:33.314	0.58532	0.58580			6
2026.03.18	00:51:33.615	0.58543				2
2026.03.18	00:51:33.915	0.58545	0.58578			6
2026.03.18	00:51:35.119	0.58546				2
2026.03.18	00:51:35.420	0.58547				2
2026.03.18	00:51:37.717	0.58548				2
2026.03.18	00:51:39.761	0.58549				2
2026.03.18	00:51:40.062	0.58548				2
2026.03.18	00:51:49.865	0.58549				2
2026.03.18	00:51:52.708	0.58535	0.58574			6
2026.03.18	00:51:53.008	0.58550	0.58578			6
2026.03.18	00:51:53.310	0.58549				2
2026.03.18	00:51:57.006	0.58550				2
2026.03.18	00:51:57.305	0.58549				2
2026.03.18	00:52:01.518	0.58549				2
2026.03.18	00:52:24.140		0.58577			4
2026.03.18	00:52:24.440		0.58576			4
2026.03.18	00:52:26.351	0.58550	0.58578			6
2026.03.18	00:52:26.652		0.58577			4
2026.03.18	00:52:26.952	0.58549				2
2026.03.18	00:52:28.660	0.58551				2
2026.03.18	00:52:28.962	0.58549				2
2026.03.18	00:52:29.894	0.58550				2
2026.03.18	00:52:31.535	0.58549	0.58575			6
2026.03.18	00:52:31.836		0.58577			4
2026.03.18	00:52:32.136	0.58548				2
2026.03.18	00:52:32.438	0.58549				2
2026.03.18	00:52:34.090	0.58535	0.58574			6
2026.03.18	00:52:34.391	0.58550	0.58573			6
2026.03.18	00:52:34.691		0.58577			4
2026.03.18	00:52:34.993	0.58535	0.58574			6
2026.03.18	00:52:35.294		0.58575			4
2026.03.18	00:52:35.594	0.58548				2
2026.03.18	00:52:35.895	0.58535	0.58573			6
2026.03.18	00:52:36.194		0.58574			4
2026.03.18	00:52:36.495	0.58550	0.58577			6
2026.03.18	00:52:36.795	0.58551				2
2026.03.18	00:52:37.096	0.58535	0.58574			6
2026.03.18	00:52:37.396	0.58549	0.58577			6
2026.03.18	00:52:37.997	0.58535	0.58574			6
2026.03.18	00:52:38.300	0.58549	0.58577			6
2026.03.18	00:52:38.601	0.58550				2
2026.03.18	00:52:38.900	0.58535	0.58575			6
2026.03.18	00:52:39.502	0.58552	0.58577			6
2026.03.18	00:52:39.803	0.58546	0.58574			6
2026.03.18	00:52:40.103	0.58535				2
2026.03.18	00:52:40.404	0.58550	0.58577			6
2026.03.18	00:52:40.795	0.58546				2
2026.03.18	00:52:41.096	0.58535	0.58574			6
2026.03.18	00:52:41.396	0.58550	0.58577			6
2026.03.18	00:52:41.996	0.58535	0.58574			6
2026.03.18	00:52:42.296		0.58575			4
2026.03.18	00:52:42.901		0.58574			4
2026.03.18	00:52:44.406	0.58549	0.58577			6
2026.03.18	00:52:44.707	0.58535	0.58573			6
2026.03.18	00:52:45.308	0.58549	0.58577			6
2026.03.18	00:52:45.611	0.58545	0.58573			6
2026.03.18	00:52:45.918	0.58535				2
2026.03.18	00:52:46.217	0.58549	0.58577			6
2026.03.18	00:52:46.981	0.58545	0.58573			6
2026.03.18	00:52:47.281	0.58549	0.58577			6
2026.03.18	00:52:47.885	0.58535	0.58573			6
2026.03.18	00:52:48.187	0.58549	0.58577			6
2026.03.18	00:52:50.761	0.58550				2
2026.03.18	00:52:51.363	0.58549				2
2026.03.18	00:52:51.665	0.58550				2
2026.03.18	00:52:51.965	0.58535	0.58573			6
2026.03.18	00:52:54.069	0.58550	0.58577			6
2026.03.18	00:52:57.995	0.58535	0.58573			6
2026.03.18	00:52:58.296	0.58549	0.58577			6
2026.03.18	00:52:58.896	0.58535	0.58573			6
2026.03.18	00:52:59.197	0.58550	0.58577			6
2026.03.18	00:52:59.497	0.58535	0.58574			6
2026.03.18	00:52:59.802		0.58573			4
2026.03.18	00:53:00.102	0.58550	0.58577			6
2026.03.18	00:53:00.402	0.58546	0.58573			6
2026.03.18	00:53:00.704	0.58535	0.58571			6
2026.03.18	00:53:01.003		0.58572			4
2026.03.18	00:53:01.904	0.58548	0.58577			6
2026.03.18	00:53:03.393	0.58549				2
2026.03.18	00:53:03.693	0.58548				2
2026.03.18	00:53:03.994	0.58547				2
2026.03.18	00:53:04.294	0.58549				2
2026.03.18	00:53:04.595	0.58547	0.58573			6
2026.03.18	00:53:05.196	0.58548	0.58576			6
2026.03.18	00:53:05.496	0.58535	0.58571			6
2026.03.18	00:53:07.301		0.58570			4
2026.03.18	00:53:07.902	0.58548	0.58573			6
2026.03.18	00:53:08.204		0.58577			4
2026.03.18	00:53:08.505	0.58535	0.58573			6
2026.03.18	00:53:08.805	0.58550	0.58577			6
2026.03.18	00:53:09.235	0.58546	0.58572			6
2026.03.18	00:53:09.535	0.58535				2
2026.03.18	00:53:09.836	0.58550	0.58577			6
2026.03.18	00:53:10.135	0.58549				2
2026.03.18	00:53:10.436	0.58535	0.58571			6
2026.03.18	00:53:10.737	0.58548	0.58575			6
2026.03.18	00:53:11.037	0.58549	0.58577			6
2026.03.18	00:53:11.339	0.58535	0.58570			6
2026.03.18	00:53:11.640		0.58571			4
2026.03.18	00:53:11.941	0.58549	0.58578			6
2026.03.18	00:53:12.241	0.58545	0.58576			6
2026.03.18	00:53:12.541	0.58535	0.58571			6
2026.03.18	00:53:12.842	0.58548	0.58576			6
2026.03.18	00:53:13.142	0.58549				2
2026.03.18	00:53:13.442	0.58535	0.58570			6
2026.03.18	00:53:13.744	0.58549				2
2026.03.18	00:53:14.045	0.58548	0.58576			6
2026.03.18	00:53:14.347	0.58536	0.58570			6
2026.03.18	00:53:14.647	0.58534				2
2026.03.18	00:53:14.947		0.58571			4
2026.03.18	00:53:15.248	0.58536				2
2026.03.18	00:53:15.548	0.58534				2
2026.03.18	00:53:15.850	0.58549	0.58577			6
2026.03.18	00:53:16.186		0.58575			4
2026.03.18	00:53:16.485	0.58535	0.58571			6
2026.03.18	00:53:16.786	0.58549	0.58576			6
2026.03.18	00:53:17.185	0.58545	0.58575			6
2026.03.18	00:53:17.486	0.58535	0.58572			6
2026.03.18	00:53:17.787	0.58550	0.58576			6
2026.03.18	00:53:18.185	0.58546				2
2026.03.18	00:53:18.486	0.58536	0.58571			6
2026.03.18	00:53:18.786	0.58549	0.58578			6
2026.03.18	00:53:19.386	0.58536	0.58572			6
2026.03.18	00:53:19.686	0.58549				2
2026.03.18	00:53:19.986	0.58548	0.58573			6
2026.03.18	00:53:20.286	0.58534	0.58570			6
2026.03.18	00:53:20.887	0.58550	0.58577			6
2026.03.18	00:53:21.187	0.58545	0.58575			6
2026.03.18	00:53:21.488	0.58535	0.58571			6
2026.03.18	00:53:26.595	0.58548	0.58577			6
2026.03.18	00:53:26.895	0.58544	0.58570			6
2026.03.18	00:53:27.196	0.58536				2
2026.03.18	00:53:27.798	0.58535	0.58571			6
2026.03.18	00:53:28.099	0.58536	0.58570			6
2026.03.18	00:53:29.605	0.58549	0.58577			6
2026.03.18	00:53:29.905	0.58545	0.58570			6
2026.03.18	00:53:30.205	0.58536				2
2026.03.18	00:53:30.508	0.58549	0.58577			6
2026.03.18	00:53:30.881	0.58545				2
2026.03.18	00:53:31.180	0.58535	0.58569			6
2026.03.18	00:53:31.480	0.58548	0.58577			6
2026.03.18	00:53:32.081	0.58536	0.58571			6
2026.03.18	00:53:32.681	0.58549	0.58577			6
2026.03.18	00:53:32.982	0.58535	0.58569			6
2026.03.18	00:53:33.582	0.58548	0.58577			6
2026.03.18	00:53:33.884	0.58544	0.58574			6
2026.03.18	00:53:34.184	0.58535	0.58569			6
2026.03.18	00:53:34.485	0.58547	0.58573			6
2026.03.18	00:53:35.674	0.58549	0.58575			6
2026.03.18	00:53:36.586	0.58535	0.58570			6
2026.03.18	00:53:36.882	0.58544				2
2026.03.18	00:53:37.182	0.58548	0.58573			6
2026.03.18	00:53:37.485	0.58534	0.58569			6
2026.03.18	00:53:37.786		0.58570			4
2026.03.18	00:53:38.085	0.58550	0.58578			6
2026.03.18	00:53:38.385	0.58546	0.58570			6
2026.03.18	00:53:38.686	0.58536				2
2026.03.18	00:53:38.989	0.58549	0.58578			6
2026.03.18	00:53:39.381	0.58545	0.58570			6
2026.03.18	00:53:39.681	0.58536				2
2026.03.18	00:53:39.981	0.58549	0.58578			6
2026.03.18	00:53:40.582	0.58535	0.58571			6
2026.03.18	00:53:40.882	0.58543	0.58570			6
2026.03.18	00:53:41.182	0.58536				2
2026.03.18	00:53:41.482		0.58571			4
2026.03.18	00:53:42.082	0.58545	0.58576			6
2026.03.18	00:53:42.685	0.58534	0.58569			6
2026.03.18	00:53:42.985	0.58550	0.58577			6
2026.03.18	00:53:43.681	0.58536	0.58571			6
2026.03.18	00:53:43.981	0.58549	0.58577			6
2026.03.18	00:53:44.282	0.58548				2
2026.03.18	00:53:44.582	0.58536	0.58571			6
2026.03.18	00:53:44.887	0.58550				2
2026.03.18	00:53:45.191		0.58577			4
2026.03.18	00:53:45.492	0.58536	0.58571			6
2026.03.18	00:53:46.092	0.58549	0.58577			6
2026.03.18	00:53:46.393	0.58545	0.58574			6
2026.03.18	00:53:46.693	0.58536	0.58570			6
2026.03.18	00:53:46.993	0.58535				2
2026.03.18	00:53:47.895	0.58536				2
2026.03.18	00:53:48.496		0.58571			4
2026.03.18	00:53:48.796		0.58570			4
2026.03.18	00:53:50.002	0.58550	0.58577			6
2026.03.18	00:53:50.331	0.58545	0.58571			6
2026.03.18	00:53:50.632	0.58549	0.58577			6
2026.03.18	00:53:50.932	0.58548				2
2026.03.18	00:53:53.218	0.58546	0.58573			6
2026.03.18	00:53:56.076		0.58567			4
2026.03.18	00:53:56.376	0.58549	0.58577			6
2026.03.18	00:53:56.677	0.58536	0.58567			6
2026.03.18	00:53:56.977		0.58568			4
2026.03.18	00:53:57.278	0.58547	0.58577			6
2026.03.18	00:53:57.581	0.58544	0.58568			6
2026.03.18	00:53:57.881	0.58535	0.58566			6
2026.03.18	00:53:58.181	0.58545	0.58572			6
2026.03.18	00:53:58.482	0.58544				2
2026.03.18	00:53:59.083	0.58545				2
2026.03.18	00:54:00.152	0.58546				2
2026.03.18	00:54:00.453	0.58547				2
2026.03.18	00:54:00.756	0.58545				2
2026.03.18	00:54:04.065	0.58546	0.58574			6
2026.03.18	00:54:04.669	0.58545				2
2026.03.18	00:54:04.971	0.58534	0.58565			6
2026.03.18	00:54:05.574	0.58545	0.58572			6
2026.03.18	00:54:05.874	0.58544	0.58566			6
2026.03.18	00:54:06.175	0.58534	0.58567			6
2026.03.18	00:54:06.476	0.58546	0.58572			6
2026.03.18	00:54:06.815		0.58570			4
2026.03.18	00:54:07.117	0.58535	0.58567			6
2026.03.18	00:54:07.418	0.58546	0.58577			6
2026.03.18	00:54:07.719	0.58545	0.58572			6
2026.03.18	00:54:08.019	0.58534	0.58566			6
2026.03.18	00:54:08.621	0.58546	0.58577			6
2026.03.18	00:54:08.921	0.58535	0.58568			6
2026.03.18	00:54:09.221		0.58566			4
2026.03.18	00:54:09.523	0.58545	0.58572			6
2026.03.18	00:54:09.823	0.58544	0.58566			6
2026.03.18	00:54:10.123	0.58534	0.58567			6
2026.03.18	00:54:10.424	0.58545	0.58572			6
2026.03.18	00:54:11.034	0.58546				2
2026.03.18	00:54:11.334		0.58571			4
2026.03.18	00:54:11.634	0.58525	0.58564			6
2026.03.18	00:54:11.936		0.58565			4
2026.03.18	00:54:13.155	0.58540				2
2026.03.18	00:54:13.456	0.58544	0.58567			6
2026.03.18	00:54:13.758		0.58568			4
2026.03.18	00:54:14.391	0.58542	0.58565			6
2026.03.18	00:54:14.694	0.58526				2
2026.03.18	00:54:15.924	0.58525	0.58564			6
2026.03.18	00:54:16.224		0.58567			4
2026.03.18	00:54:18.006	0.58526	0.58566			6
2026.03.18	00:54:25.181	0.58525	0.58565			6
2026.03.18	00:54:25.481	0.58526	0.58566			6
2026.03.18	00:54:27.697	0.58525				2
2026.03.18	00:54:28.003		0.58565			4
2026.03.18	00:54:28.680		0.58566			4
2026.03.18	00:54:28.981	0.58526				2
2026.03.18	00:54:31.538	0.58525				2
2026.03.18	00:54:31.839		0.58564			4
2026.03.18	00:54:32.141	0.58527				2
2026.03.18	00:54:32.448		0.58565			4
2026.03.18	00:54:37.612	0.58526				2
2026.03.18	00:54:39.917		0.58566			4
2026.03.18	00:54:41.376	0.58527				2
2026.03.18	00:54:41.981	0.58526	0.58567			6
2026.03.18	00:54:56.571	0.58525	0.58565			6
2026.03.18	00:55:01.033	0.58525				2
2026.03.18	00:55:02.171		0.58561			4
2026.03.18	00:55:13.274	0.58540	0.58556			6
2026.03.18	00:55:14.930	0.58453	0.58541			6
2026.03.18	00:55:15.217	0.58458				2
2026.03.18	00:55:15.818		0.58531			4
2026.03.18	00:55:16.115	0.58461	0.58530			6
2026.03.18	00:55:16.415	0.58462	0.58529			6
2026.03.18	00:55:16.717		0.58528			4
2026.03.18	00:55:17.016	0.58496	0.58560			6
2026.03.18	00:55:17.617	0.58516	0.58565			6
2026.03.18	00:55:17.919	0.58523	0.58558			6
2026.03.18	00:55:18.221	0.58522	0.58557			6
2026.03.18	00:55:18.819		0.58554			4
2026.03.18	00:55:19.118	0.58527	0.58552			6
2026.03.18	00:55:19.418	0.58528	0.58555			6
2026.03.18	00:55:19.721	0.58527				2
2026.03.18	00:55:20.019		0.58538			4
2026.03.18	00:55:20.321		0.58556			4
2026.03.18	00:55:26.343		0.58554			4
2026.03.18	00:55:28.450	0.58528	0.58555			6
2026.03.18	00:55:42.000	0.58511	0.58563			6
2026.03.18	00:55:43.506	0.58522	0.58555			6
2026.03.18	00:55:43.808	0.58511	0.58563			6
2026.03.18	00:55:46.816	0.58525	0.58556			6
2026.03.18	00:55:47.116	0.58511	0.58563			6
2026.03.18	00:55:48.319	0.58520	0.58558			6
2026.03.18	00:55:48.618	0.58511	0.58563			6
2026.03.18	00:55:57.955	0.58516				2
2026.03.18	00:55:58.262	0.58510				2
2026.03.18	00:56:00.067	0.58510				2
2026.03.18	00:56:03.371	0.58521	0.58553			6
2026.03.18	00:56:03.669	0.58510	0.58563			6
2026.03.18	00:56:04.276	0.58509				2
2026.03.18	00:56:04.577	0.58527	0.58552			6
2026.03.18	00:56:04.878	0.58507	0.58561			6
2026.03.18	00:56:05.177		0.58563			4
2026.03.18	00:56:06.079	0.58510				2
2026.03.18	00:56:06.981	0.58515				2
2026.03.18	00:56:07.282	0.58510				2
2026.03.18	00:56:07.585	0.58515				2
2026.03.18	00:56:07.884	0.58527	0.58551			6
2026.03.18	00:56:08.187	0.58510	0.58563			6
2026.03.18	00:56:17.212	0.58508				2
2026.03.18	00:56:17.816	0.58527	0.58550			6
2026.03.18	00:56:19.019	0.58510	0.58563			6
2026.03.18	00:56:22.023	0.58511				2
2026.03.18	00:56:22.324	0.58508				2
2026.03.18	00:56:22.621	0.58507				2
2026.03.18	00:56:23.824	0.58525	0.58551			6
2026.03.18	00:56:26.234	0.58507	0.58563			6
2026.03.18	00:56:26.533	0.58522	0.58553			6
2026.03.18	00:56:26.834	0.58510	0.58563			6
2026.03.18	00:56:37.677	0.58507				2
2026.03.18	00:56:37.979	0.58506	0.58560			6
2026.03.18	00:56:38.280		0.58563			4
2026.03.18	00:56:41.589	0.58507				2
2026.03.18	00:56:41.886	0.58506				2
2026.03.18	00:56:42.187		0.58561			4
2026.03.18	00:56:42.490	0.58508	0.58563			6
2026.03.18	00:56:42.788	0.58506	0.58561			6
2026.03.18	00:56:43.092		0.58562			4
2026.03.18	00:56:43.389		0.58563			4
2026.03.18	00:56:43.692		0.58561			4
2026.03.18	00:56:43.990		0.58563			4
2026.03.18	00:56:48.499	0.58526	0.58552			6
2026.03.18	00:56:48.797	0.58508	0.58563			6
2026.03.18	00:56:49.102	0.58507				2
2026.03.18	00:56:49.401	0.58506	0.58558			6
2026.03.18	00:56:49.700		0.58563			4
2026.03.18	00:56:50.004	0.58512				2
2026.03.18	00:56:50.302	0.58509				2
2026.03.18	00:56:51.809	0.58508				2
2026.03.18	00:56:53.916	0.58506	0.58561			6
2026.03.18	00:56:55.423	0.58505				2
2026.03.18	00:56:58.124		0.58559			4
2026.03.18	00:56:58.425	0.58506	0.58563			6
2026.03.18	00:56:58.725	0.58508	0.58561			6
2026.03.18	00:56:59.023	0.58528	0.58549			6
2026.03.18	00:57:00.231	0.58528				2
2026.03.18	00:57:00.530	0.58527	0.58550			6
2026.03.18	00:57:18.894	0.58523	0.58554			6
2026.03.18	00:57:19.194	0.58527	0.58550			6
2026.03.18	00:57:29.413	0.58508	0.58563			6
2026.03.18	00:57:42.657		0.58564			4
2026.03.18	00:57:50.475		0.58560			4
2026.03.18	00:57:52.581	0.58527	0.58549			6
2026.03.18	00:57:52.879	0.58508	0.58560			6
2026.03.18	00:57:54.085	0.58505				2
2026.03.18	00:57:54.382	0.58527	0.58547			6
2026.03.18	00:57:57.995		0.58548			4
2026.03.18	00:58:00.100	0.58527				2
2026.03.18	00:58:00.399	0.58526	0.58547			6
2026.03.18	00:58:00.700	0.58527				2
2026.03.18	00:58:01.901	0.58506	0.58559			6
2026.03.18	00:58:04.608	0.58505	0.58560			6
2026.03.18	00:58:07.010	0.58506				2
2026.03.18	00:58:07.313	0.58505				2
2026.03.18	00:58:10.922		0.58559			4
2026.03.18	00:58:12.123		0.58560			4
2026.03.18	00:58:16.932	0.58506	0.58559			6
2026.03.18	00:58:18.433	0.58522	0.58548			6
2026.03.18	00:58:19.041	0.58506	0.58559			6
2026.03.18	00:58:19.344	0.58525	0.58545			6
2026.03.18	00:58:19.645	0.58506	0.58559			6
2026.03.18	00:58:19.944	0.58522	0.58548			6
2026.03.18	00:58:20.248	0.58526	0.58547			6
2026.03.18	00:58:22.054		0.58546			4
2026.03.18	00:58:22.354	0.58524	0.58547			6
2026.03.18	00:58:22.653	0.58505	0.58559			6
2026.03.18	00:58:26.870		0.58560			4
2026.03.18	00:58:29.879	0.58527	0.58551			6
2026.03.18	00:58:30.179	0.58519	0.58556			6
2026.03.18	00:58:30.481	0.58517	0.58555			6
2026.03.18	00:58:30.785	0.58519	0.58554			6
2026.03.18	00:58:31.385	0.58516	0.58555			6
2026.03.18	00:58:31.686	0.58521	0.58556			6
2026.03.18	00:58:31.986	0.58520				2
2026.03.18	00:58:32.286	0.58519				2
2026.03.18	00:58:32.589		0.58555			4
2026.03.18	00:58:32.889	0.58517	0.58556			6
2026.03.18	00:58:33.192	0.58519	0.58555			6
2026.03.18	00:58:34.097	0.58516				2
2026.03.18	00:58:34.399	0.58519	0.58556			6
2026.03.18	00:58:34.698		0.58554			4
2026.03.18	00:58:34.998	0.58517				2
2026.03.18	00:58:36.801		0.58556			4
2026.03.18	00:58:37.100	0.58516				2
2026.03.18	00:58:43.409		0.58551			4
2026.03.18	00:58:43.710	0.58518	0.58556			6
2026.03.18	00:58:44.018	0.58517	0.58554			6
2026.03.18	00:58:45.825	0.58519	0.58555			6
2026.03.18	00:58:46.125	0.58520	0.58553			6
2026.03.18	00:58:46.425	0.58518	0.58552			6
2026.03.18	00:58:47.627	0.58511	0.58555			6
2026.03.18	00:58:47.926	0.58515	0.58554			6
2026.03.18	00:58:49.736	0.58514				2
2026.03.18	00:58:50.035	0.58515	0.58555			6
2026.03.18	00:58:50.335		0.58556			4
2026.03.18	00:58:50.636		0.58554			4
2026.03.18	00:58:52.146		0.58553			4
2026.03.18	00:58:58.769	0.58513	0.58556			6
2026.03.18	00:58:59.070	0.58512				2
2026.03.18	00:58:59.370	0.58514	0.58554			6
2026.03.18	00:58:59.673	0.58512	0.58555			6
2026.03.18	00:59:00.275	0.58512				2
2026.03.18	00:59:02.380	0.58520	0.58553			6
2026.03.18	00:59:02.680	0.58515	0.58555			6
2026.03.18	00:59:03.590	0.58511	0.58554			6
2026.03.18	00:59:03.891	0.58514	0.58556			6
2026.03.18	00:59:04.493		0.58553			4
2026.03.18	00:59:05.998	0.58515	0.58552			6
2026.03.18	00:59:08.400	0.58513	0.58554			6
2026.03.18	00:59:09.901	0.58515	0.58553			6
2026.03.18	00:59:10.503	0.58513	0.58551			6
2026.03.18	00:59:12.306	0.58515	0.58556			6
2026.03.18	00:59:12.907	0.58517	0.58550			6
2026.03.18	00:59:13.205	0.58514				2
2026.03.18	00:59:13.509	0.58513	0.58554			6
2026.03.18	00:59:13.810	0.58516	0.58553			6
2026.03.18	00:59:14.108	0.58515	0.58552			6
2026.03.18	00:59:14.408	0.58516	0.58554			6
2026.03.18	00:59:15.910	0.58513	0.58552			6
2026.03.18	00:59:19.824		0.58554			4
2026.03.18	00:59:20.122	0.58514				2
2026.03.18	00:59:20.724	0.58513	0.58552			6
2026.03.18	00:59:21.024	0.58512	0.58551			6
2026.03.18	00:59:21.926	0.58511	0.58549			6
2026.03.18	00:59:22.229	0.58516	0.58544			6
2026.03.18	00:59:22.528	0.58510	0.58550			6
2026.03.18	00:59:22.827		0.58552			4
2026.03.18	00:59:23.430	0.58509	0.58549			6
2026.03.18	00:59:24.032	0.58510	0.58550			6
2026.03.18	00:59:24.333	0.58511				2
2026.03.18	00:59:24.633	0.58508	0.58552			6
2026.03.18	00:59:24.930	0.58506	0.58550			6
2026.03.18	00:59:25.235	0.58507	0.58552			6
2026.03.18	00:59:25.535	0.58506	0.58550			6
2026.03.18	00:59:25.835	0.58507				2
2026.03.18	00:59:27.948	0.58509	0.58547			6
2026.03.18	00:59:28.249	0.58506	0.58548			6
2026.03.18	00:59:28.548	0.58507	0.58549			6
2026.03.18	00:59:31.255	0.58498	0.58557			6
2026.03.18	00:59:55.924	0.58510	0.58562			6
2026.03.18	00:59:56.225	0.58511				2
2026.03.18	00:59:56.526	0.58512				2
2026.03.18	00:59:56.823	0.58515				2
2026.03.18	00:59:57.125	0.58511				2
2026.03.18	00:59:57.425	0.58510	0.58561			6
2026.03.18	00:59:57.725	0.58515				2
2026.03.18	00:59:58.928	0.58527				2
2026.03.18	00:59:59.225		0.58562			4
2026.03.18	00:59:59.531		0.58564			4
2026.03.18	01:00:00.136	0.58527	0.58562			6
2026.03.18	01:00:00.434	0.58522				2
2026.03.18	01:00:00.730	0.58530				2
2026.03.18	01:00:01.030	0.58527				2
2026.03.18	01:00:01.333	0.58510				2
2026.03.18	01:00:01.638	0.58526	0.58558			6
2026.03.18	01:00:01.934	0.58515	0.58556			6
2026.03.18	01:00:03.136	0.58539	0.58578			6
2026.03.18	01:00:03.437	0.58562	0.58593			6
2026.03.18	01:00:03.739	0.58543	0.58587			6
2026.03.18	01:00:04.034	0.58551	0.58591			6
2026.03.18	01:00:04.334	0.58543				2
2026.03.18	01:00:04.637	0.58548	0.58584			6
2026.03.18	01:00:04.938	0.58540	0.58579			6
2026.03.18	01:00:05.239	0.58546				2
2026.03.18	01:00:05.842	0.58545	0.58576			6
2026.03.18	01:00:06.442		0.58575			4
2026.03.18	01:00:06.745	0.58547	0.58576			6
2026.03.18	01:00:07.349		0.58577			4
2026.03.18	01:00:08.549		0.58576			4
2026.03.18	01:00:08.854	0.58548				2
2026.03.18	01:00:10.653	0.58547	0.58577			6
2026.03.18	01:00:11.557		0.58576			4
2026.03.18	01:00:12.757	0.58546				2
2026.03.18	01:00:14.258		0.58577			4
2026.03.18	01:00:14.860	0.58547	0.58576			6
2026.03.18	01:00:15.161		0.58577			4
2026.03.18	01:00:16.061	0.58543				2
2026.03.18	01:00:16.364	0.58542	0.58578			6
2026.03.18	01:00:17.567		0.58573			4
2026.03.18	01:00:19.071	0.58543	0.58574			6
2026.03.18	01:00:21.476	0.58545	0.58575			6
2026.03.18	01:00:22.976	0.58547	0.58576			6
2026.03.18	01:00:23.278	0.58548				2
2026.03.18	01:00:25.683	0.58542	0.58573			6
2026.03.18	01:00:26.885	0.58548				2
2026.03.18	01:00:28.689	0.58544				2
2026.03.18	01:00:28.988	0.58549	0.58575			6
2026.03.18	01:00:29.289		0.58572			4
2026.03.18	01:00:31.990	0.58545	0.58573			6
2026.03.18	01:00:32.288		0.58574			4
2026.03.18	01:00:33.795		0.58573			4
2026.03.18	01:00:35.599	0.58548				2
2026.03.18	01:00:37.705	0.58549	0.58571			6
2026.03.18	01:00:38.603	0.58545	0.58573			6
2026.03.18	01:00:38.899	0.58543				2
2026.03.18	01:00:39.204	0.58551				2
2026.03.18	01:00:40.403	0.58549	0.58574			6
2026.03.18	01:00:40.710		0.58575			4
2026.03.18	01:00:41.611		0.58574			4
2026.03.18	01:00:41.908	0.58548				2
2026.03.18	01:00:42.812		0.58573			4
2026.03.18	01:00:45.816		0.58575			4
2026.03.18	01:00:46.115	0.58550				2
2026.03.18	01:00:46.717	0.58549				2
2026.03.18	01:00:51.822		0.58577			4
2026.03.18	01:00:52.123		0.58576			4
2026.03.18	01:00:53.324		0.58577			4
2026.03.18	01:01:00.235	0.58556	0.58579			6
2026.03.18	01:01:00.535	0.58568	0.58580			6
2026.03.18	01:01:00.833	0.58564				2
2026.03.18	01:01:01.436	0.58568	0.58571			6
2026.03.18	01:01:02.036	0.58565	0.58578			6
2026.03.18	01:01:02.334	0.58563				2
2026.03.18	01:01:02.638	0.58562				2
2026.03.18	01:01:02.938		0.58577			4
2026.03.18	01:01:03.239	0.58566	0.58581			6
2026.03.18	01:01:03.540		0.58580			4
2026.03.18	01:01:03.840	0.58565				2
2026.03.18	01:01:04.140	0.58564				2
2026.03.18	01:01:05.045	0.58565				2
2026.03.18	01:01:05.647	0.58567				2
2026.03.18	01:01:10.452		0.58579			4
2026.03.18	01:01:10.755	0.58568				2
2026.03.18	01:01:12.559	0.58567				2
2026.03.18	01:01:15.573	0.58568				2
2026.03.18	01:01:16.772	0.58567				2
2026.03.18	01:01:17.075	0.58568				2
2026.03.18	01:01:19.179	0.58558				2
2026.03.18	01:01:19.478	0.58564	0.58567			6
2026.03.18	01:01:20.981	0.58562				2
2026.03.18	01:01:21.581	0.58564				2
2026.03.18	01:01:21.883	0.58561				2
2026.03.18	01:01:22.784	0.58559				2
2026.03.18	01:01:23.685	0.58564				2
2026.03.18	01:01:25.490	0.58563				2
2026.03.18	01:01:25.791	0.58564				2
2026.03.18	01:01:26.996	0.58562				2
2026.03.18	01:01:27.598	0.58564				2
2026.03.18	01:01:29.400	0.58562				2
2026.03.18	01:01:29.700	0.58564				2
2026.03.18	01:01:29.999	0.58563				2
2026.03.18	01:01:30.299	0.58562				2
2026.03.18	01:01:31.797	0.58563				2
2026.03.18	01:01:32.098	0.58562				2
2026.03.18	01:01:33.606	0.58564				2
2026.03.18	01:01:35.409	0.58563				2
2026.03.18	01:01:35.707	0.58564				2
2026.03.18	01:01:42.026	0.58567	0.58570			6
2026.03.18	01:01:42.326	0.58565	0.58568			6
2026.03.18	01:01:42.627	0.58564	0.58567			6
2026.03.18	01:01:42.926	0.58566	0.58569			6
2026.03.18	01:01:43.830	0.58567	0.58570			6
2026.03.18	01:01:45.027	0.58565				2
2026.03.18	01:01:46.230	0.58564				2
2026.03.18	01:01:46.832	0.58567				2
2026.03.18	01:01:47.433	0.58570	0.58573			6
2026.03.18	01:01:47.735	0.58568	0.58571			6
2026.03.18	01:01:48.335		0.58573			4
2026.03.18	01:01:48.937	0.58570				2
2026.03.18	01:01:52.237	0.58568				2
2026.03.18	01:01:53.443	0.58567	0.58572			6
2026.03.18	01:01:53.746	0.58564				2
2026.03.18	01:01:54.044	0.58570				2
2026.03.18	01:01:54.345	0.58568				2
2026.03.18	01:01:55.249	0.58567	0.58571			6
2026.03.18	01:01:55.850		0.58572			4
2026.03.18	01:01:56.155	0.58569				2
2026.03.18	01:01:58.856	0.58568	0.58571			6
2026.03.18	01:02:00.060	0.58568				2
2026.03.18	01:02:03.661	0.58571	0.58574			6
2026.03.18	01:02:03.963	0.58570	0.58573			6
2026.03.18	01:02:05.765	0.58569	0.58572			6
2026.03.18	01:02:06.065	0.58567	0.58591			6
2026.03.18	01:02:06.365	0.58569				2
2026.03.18	01:02:06.664		0.58592			4
2026.03.18	01:02:06.971		0.58593			4
2026.03.18	01:02:07.269	0.58567	0.58592			6
2026.03.18	01:02:07.573	0.58568				2
2026.03.18	01:02:08.170		0.58590			4
2026.03.18	01:02:08.771	0.58569	0.58593			6
2026.03.18	01:02:11.175	0.58566				2
2026.03.18	01:02:11.469	0.58567				2
2026.03.18	01:02:12.072		0.58592			4
2026.03.18	01:02:12.673	0.58572	0.58575			6
2026.03.18	01:02:12.973	0.58573	0.58576			6
2026.03.18	01:02:16.275	0.58572	0.58575			6
2026.03.18	01:02:24.089	0.58570	0.58573			6
2026.03.18	01:02:24.390	0.58573	0.58576			6
2026.03.18	01:02:24.691	0.58574	0.58577			6
2026.03.18	01:02:25.294	0.58573	0.58576			6
2026.03.18	01:02:25.594	0.58572	0.58575			6
2026.03.18	01:02:25.894	0.58571	0.58574			6
2026.03.18	01:02:26.794	0.58569	0.58572			6
2026.03.18	01:02:31.298	0.58568	0.58571			6
2026.03.18	01:02:39.409		0.58569			4
2026.03.18	01:02:39.708		0.58571			4
2026.03.18	01:02:40.010	0.58570				2
2026.03.18	01:02:40.913	0.58569				2
2026.03.18	01:02:41.210	0.58567	0.58570			6
2026.03.18	01:02:41.508	0.58565	0.58568			6
2026.03.18	01:02:42.111	0.58568	0.58571			6
2026.03.18	01:02:43.011	0.58564	0.58567			6
2026.03.18	01:02:43.312	0.58565	0.58568			6
2026.03.18	01:02:43.612	0.58566	0.58569			6
2026.03.18	01:02:44.212	0.58565	0.58568			6
2026.03.18	01:02:44.512	0.58564	0.58567			6
2026.03.18	01:02:44.813	0.58562	0.58565			6
2026.03.18	01:02:45.114	0.58564	0.58567			6
2026.03.18	01:02:45.413	0.58565				2
2026.03.18	01:02:45.714	0.58564				2
2026.03.18	01:02:46.318	0.58563	0.58566			6
2026.03.18	01:02:46.618	0.58565	0.58568			6
2026.03.18	01:02:46.915	0.58566	0.58569			6
2026.03.18	01:02:47.817	0.58564	0.58567			6
2026.03.18	01:02:51.423	0.58563	0.58566			6
2026.03.18	01:02:53.528	0.58564	0.58567			6
2026.03.18	01:02:58.634	0.58563	0.58566			6
2026.03.18	01:03:00.135	0.58563				2
2026.03.18	01:03:08.553	0.58564	0.58567			6
2026.03.18	01:03:08.853	0.58566	0.58569			6
2026.03.18	01:03:11.255	0.58567	0.58570			6
2026.03.18	01:03:11.555	0.58566	0.58569			6
2026.03.18	01:03:13.054	0.58567	0.58570			6
2026.03.18	01:03:13.358	0.58565	0.58568			6
2026.03.18	01:03:13.957	0.58566	0.58569			6
2026.03.18	01:03:14.560	0.58567	0.58570			6
2026.03.18	01:03:14.860	0.58565	0.58568			6
2026.03.18	01:03:15.462	0.58566	0.58569			6
2026.03.18	01:03:16.666	0.58565	0.58568			6
2026.03.18	01:03:17.268	0.58569	0.58572			6
2026.03.18	01:03:17.572	0.58568	0.58571			6
2026.03.18	01:03:19.369	0.58566	0.58569			6
2026.03.18	01:03:24.786	0.58565	0.58568			6
2026.03.18	01:03:25.985	0.58566	0.58569			6
2026.03.18	01:03:26.287	0.58565	0.58568			6
2026.03.18	01:03:26.588	0.58566	0.58569			6
2026.03.18	01:03:31.999	0.58584	0.58585			6
2026.03.18	01:03:32.298	0.58582	0.58583			6
2026.03.18	01:03:32.600	0.58580	0.58581			6
2026.03.18	01:03:32.900	0.58579				2
2026.03.18	01:03:33.199	0.58577	0.58580			6
2026.03.18	01:03:33.499	0.58585	0.58586			6
2026.03.18	01:03:33.801	0.58589	0.58590			6
2026.03.18	01:03:34.099	0.58588	0.58589			6
2026.03.18	01:03:34.700	0.58589	0.58590			6
2026.03.18	01:03:35.001	0.58590	0.58591			6
2026.03.18	01:03:35.299	0.58583	0.58588			6
2026.03.18	01:03:35.599	0.58582	0.58587			6
2026.03.18	01:03:35.901	0.58580	0.58586			6
2026.03.18	01:03:37.103	0.58583				2
2026.03.18	01:03:44.009	0.58579	0.58582			6
2026.03.18	01:03:46.411	0.58575	0.58578			6
2026.03.18	01:03:46.709	0.58574	0.58577			6
2026.03.18	01:03:58.135	0.58573	0.58576			6
2026.03.18	01:03:59.033	0.58574	0.58577			6
2026.03.18	01:04:00.239	0.58574				2
2026.03.18	01:04:01.440	0.58573	0.58576			6
2026.03.18	01:04:09.259	0.58574	0.58577			6
2026.03.18	01:04:09.861	0.58573	0.58576			6
2026.03.18	01:04:10.160	0.58575	0.58577			6
2026.03.18	01:04:10.464	0.58574				2
2026.03.18	01:04:12.571	0.58575				2
2026.03.18	01:04:12.867	0.58574				2
2026.03.18	01:04:13.170	0.58575				2
2026.03.18	01:04:13.469	0.58574				2
2026.03.18	01:04:20.686	0.58573	0.58576			6
2026.03.18	01:04:24.596	0.58574	0.58577			6
2026.03.18	01:04:40.522	0.58575	0.58578			6
2026.03.18	01:04:51.371	0.58576	0.58579			6
2026.03.18	01:04:52.568	0.58575	0.58578			6
2026.03.18	01:04:53.173	0.58576	0.58579			6
2026.03.18	01:05:00.101	0.58576				2
2026.03.18	01:05:02.200	0.58574				2
2026.03.18	01:05:04.301	0.58576				2
2026.03.18	01:05:10.606	0.58579	0.58581			6
2026.03.18	01:05:10.910	0.58578				2
2026.03.18	01:05:11.208	0.58581	0.58584			6
2026.03.18	01:05:11.507	0.58578	0.58581			6
2026.03.18	01:05:12.709	0.58577	0.58580			6
2026.03.18	01:05:13.009	0.58578	0.58581			6
2026.03.18	01:05:13.911	0.58579	0.58582			6
2026.03.18	01:05:14.512	0.58577	0.58580			6
2026.03.18	01:05:15.712	0.58574	0.58577			6
2026.03.18	01:05:16.915	0.58573	0.58575			6
2026.03.18	01:05:17.216		0.58576			4
2026.03.18	01:05:17.817	0.58574	0.58577			6
2026.03.18	01:05:18.418	0.58575	0.58578			6
2026.03.18	01:05:18.722	0.58572	0.58575			6
2026.03.18	01:05:19.624	0.58574	0.58577			6
2026.03.18	01:05:20.224	0.58572	0.58575			6
2026.03.18	01:05:20.526	0.58571	0.58574			6
2026.03.18	01:05:20.823	0.58569	0.58571			6
2026.03.18	01:05:21.426		0.58572			4
2026.03.18	01:05:21.725	0.58570	0.58573			6
2026.03.18	01:05:22.027	0.58571	0.58574			6
2026.03.18	01:05:22.929	0.58566	0.58567			6
2026.03.18	01:05:23.228		0.58569			4
2026.03.18	01:05:23.526	0.58567	0.58570			6
2026.03.18	01:05:23.829	0.58569	0.58572			6
2026.03.18	01:05:24.731	0.58570	0.58573			6
2026.03.18	01:05:25.329	0.58566	0.58567			6
2026.03.18	01:05:25.629	0.58565	0.58566			6
2026.03.18	01:05:25.930	0.58567	0.58570			6
2026.03.18	01:05:26.232	0.58569	0.58572			6
2026.03.18	01:05:26.831	0.58570	0.58573			6
2026.03.18	01:05:27.129	0.58565	0.58567			6
2026.03.18	01:05:27.729	0.58568	0.58571			6
2026.03.18	01:05:28.330	0.58569	0.58572			6
2026.03.18	01:05:28.632	0.58570	0.58573			6
2026.03.18	01:05:29.232	0.58565	0.58566			6
2026.03.18	01:05:32.536	0.58590	0.58591			6
2026.03.18	01:05:33.738	0.58589	0.58590			6
2026.03.18	01:05:34.040	0.58585	0.58588			6
2026.03.18	01:05:34.338	0.58581	0.58585			6
2026.03.18	01:05:34.640	0.58588	0.58589			6
2026.03.18	01:05:35.540	0.58587	0.58588			6
2026.03.18	01:05:35.840	0.58582	0.58585			6
2026.03.18	01:05:36.144	0.58590	0.58591			6
2026.03.18	01:05:36.745	0.58588	0.58589			6
2026.03.18	01:05:37.045	0.58567	0.58568			6
2026.03.18	01:05:37.647	0.58570	0.58574			6
2026.03.18	01:05:37.945	0.58571				2
2026.03.18	01:05:38.248	0.58573	0.58576			6
2026.03.18	01:05:38.849	0.58572	0.58575			6
2026.03.18	01:05:39.148	0.58571	0.58574			6
2026.03.18	01:05:39.747	0.58573	0.58576			6
2026.03.18	01:05:40.649	0.58571	0.58574			6
2026.03.18	01:05:40.951	0.58572	0.58575			6
2026.03.18	01:05:41.251	0.58574	0.58577			6
2026.03.18	01:05:41.554	0.58573	0.58576			6
2026.03.18	01:05:43.056	0.58574	0.58577			6
2026.03.18	01:05:47.574	0.58570	0.58573			6
2026.03.18	01:05:48.176	0.58572	0.58575			6
2026.03.18	01:05:52.986	0.58577	0.58580			6
2026.03.18	01:05:53.286	0.58581	0.58584			6
2026.03.18	01:05:54.485	0.58569	0.58571			6
2026.03.18	01:05:54.787		0.58572			4
2026.03.18	01:05:55.089	0.58568	0.58569			6
2026.03.18	01:05:55.387	0.58570	0.58573			6
2026.03.18	01:05:55.688	0.58571	0.58574			6
2026.03.18	01:05:55.987	0.58572	0.58575			6
2026.03.18	01:05:56.288	0.58568	0.58569			6
2026.03.18	01:05:56.589	0.58569	0.58570			6
2026.03.18	01:05:56.892	0.58570	0.58573			6
2026.03.18	01:05:57.493	0.58572	0.58575			6
2026.03.18	01:05:57.796	0.58573	0.58576			6
2026.03.18	01:05:58.094	0.58574	0.58577			6
2026.03.18	01:06:00.202	0.58574				2
2026.03.18	01:06:00.496	0.58573	0.58576			6
2026.03.18	01:06:00.797	0.58570	0.58573			6
2026.03.18	01:06:01.098	0.58569	0.58572			6
2026.03.18	01:06:01.400	0.58570	0.58573			6
2026.03.18	01:06:01.700	0.58572	0.58575			6
2026.03.18	01:06:02.302	0.58573	0.58576			6
2026.03.18	01:06:02.600	0.58567	0.58568			6
2026.03.18	01:06:02.903	0.58568	0.58569			6
2026.03.18	01:06:03.202	0.58570	0.58573			6
2026.03.18	01:06:03.504	0.58571	0.58574			6
2026.03.18	01:06:03.803	0.58572	0.58575			6
2026.03.18	01:06:04.104	0.58573	0.58576			6
2026.03.18	01:06:04.405	0.58575	0.58578			6
2026.03.18	01:06:04.705	0.58573	0.58576			6
2026.03.18	01:06:05.008	0.58574	0.58577			6
2026.03.18	01:06:05.605	0.58577	0.58580			6
2026.03.18	01:06:07.409	0.58579	0.58582			6
2026.03.18	01:06:12.815	0.58581	0.58584			6
2026.03.18	01:06:23.030	0.58582	0.58585			6
2026.03.18	01:06:27.839	0.58581	0.58584			6
2026.03.18	01:06:41.069	0.58582	0.58585			6
2026.03.18	01:06:42.870	0.58581	0.58584			6
2026.03.18	01:06:54.601	0.58582	0.58585			6
2026.03.18	01:06:59.414	0.58581	0.58584			6
2026.03.18	01:07:00.017	0.58581				2
2026.03.18	01:07:00.918	0.58580	0.58583			6
2026.03.18	01:07:09.946	0.58579	0.58582			6
2026.03.18	01:07:12.955	0.58577	0.58580			6
2026.03.18	01:07:23.487	0.58578	0.58581			6
2026.03.18	01:07:28.000	0.58577	0.58580			6
2026.03.18	01:07:31.619	0.58578	0.58581			6
2026.03.18	01:07:39.136	0.58580	0.58583			6
2026.03.18	01:07:43.645	0.58595	0.58596			6
2026.03.18	01:07:44.548	0.58596	0.58597			6
2026.03.18	01:07:45.447	0.58599	0.58600			6
2026.03.18	01:07:46.653	0.58598	0.58599			6
2026.03.18	01:07:47.856	0.58599	0.58600			6
2026.03.18	01:07:54.177	0.58600	0.58601			6
2026.03.18	01:08:00.200	0.58600				2
2026.03.18	01:08:01.400	0.58599	0.58600			6
2026.03.18	01:08:03.503	0.58600	0.58601			6
2026.03.18	01:08:06.507	0.58599	0.58600			6
2026.03.18	01:08:42.276	0.58600	0.58601			6
2026.03.18	01:08:52.195	0.58603	0.58604			6
2026.03.18	01:08:52.491	0.58604	0.58605			6
2026.03.18	01:09:00.012	0.58604				2
2026.03.18	01:09:04.819	0.58593				2
2026.03.18	01:09:09.933		0.58602			4
2026.03.18	01:09:20.472	0.58602	0.58603			6
2026.03.18	01:09:21.074	0.58603	0.58604			6
2026.03.18	01:09:21.973	0.58602	0.58603			6
2026.03.18	01:09:22.274	0.58609	0.58610			6
2026.03.18	01:09:22.571	0.58611	0.58612			6
2026.03.18	01:09:23.179	0.58615	0.58616			6
2026.03.18	01:09:24.685	0.58616	0.58617			6
2026.03.18	01:09:28.295	0.58615	0.58616			6
2026.03.18	01:09:29.499	0.58618	0.58619			6
2026.03.18	01:09:29.796	0.58617	0.58618			6
2026.03.18	01:09:31.601	0.58620	0.58621			6
2026.03.18	01:09:31.900	0.58621	0.58622			6
2026.03.18	01:09:32.497	0.58620	0.58621			6
2026.03.18	01:09:32.801	0.58621	0.58622			6
2026.03.18	01:09:33.698	0.58620	0.58621			6
2026.03.18	01:09:36.104	0.58621	0.58622			6
2026.03.18	01:09:38.808	0.58620	0.58621			6
2026.03.18	01:09:40.617	0.58621	0.58622			6
2026.03.18	01:09:48.142	0.58620	0.58621			6
2026.03.18	01:09:55.367	0.58621	0.58622			6
2026.03.18	01:09:59.577	0.58619	0.58620			6
2026.03.18	01:09:59.878	0.58620	0.58621			6
2026.03.18	01:10:00.183	0.58619	0.58620			6
2026.03.18	01:10:00.479	0.58620	0.58621			6
2026.03.18	01:10:01.077	0.58619	0.58620			6
2026.03.18	01:10:03.185	0.58620	0.58621			6
2026.03.18	01:10:07.397	0.58618	0.58619			6
2026.03.18	01:10:07.693	0.58617	0.58618			6
2026.03.18	01:10:07.994	0.58618	0.58619			6
2026.03.18	01:10:08.595	0.58615	0.58616			6
2026.03.18	01:10:13.997	0.58614	0.58615			6
2026.03.18	01:10:15.497	0.58609	0.58612			6
2026.03.18	01:10:15.798	0.58602	0.58605			6
2026.03.18	01:10:20.008	0.58589	0.58592			6
2026.03.18	01:10:31.731	0.58588	0.58591			6
2026.03.18	01:10:32.633	0.58590	0.58593			6
2026.03.18	01:10:33.234	0.58589	0.58592			6
2026.03.18	01:10:35.036	0.58590				2
2026.03.18	01:10:36.238	0.58588	0.58589			6
2026.03.18	01:10:42.254	0.58589	0.58590			6
2026.03.18	01:10:42.553		0.58592			4
2026.03.18	01:10:43.457	0.58587	0.58588			6
2026.03.18	01:10:44.356	0.58588	0.58589			6
2026.03.18	01:10:44.657	0.58589	0.58590			6
2026.03.18	01:10:44.957	0.58587	0.58588			6
2026.03.18	01:10:45.259	0.58588	0.58589			6
2026.03.18	01:10:49.479		0.58590			4
2026.03.18	01:10:49.777	0.58589	0.58591			6
2026.03.18	01:10:50.076	0.58590				2
2026.03.18	01:10:50.379	0.58589				2
2026.03.18	01:10:50.981		0.58592			4
2026.03.18	01:10:51.279	0.58588	0.58589			6
2026.03.18	01:10:52.179	0.58589	0.58590			6
2026.03.18	01:10:52.480		0.58591			4
2026.03.18	01:10:53.080	0.58590				2
2026.03.18	01:10:53.384		0.58593			4
2026.03.18	01:10:54.585	0.58589	0.58592			6
2026.03.18	01:10:55.186	0.58590	0.58593			6
2026.03.18	01:10:56.687	0.58588	0.58591			6
2026.03.18	01:11:00.298	0.58588				2
2026.03.18	01:11:22.534	0.58589	0.58592			6
2026.03.18	01:11:23.433	0.58588	0.58591			6
2026.03.18	01:11:26.147	0.58589	0.58592			6
2026.03.18	01:11:31.557	0.58588	0.58591			6
2026.03.18	01:11:33.666	0.58590	0.58593			6
2026.03.18	01:11:35.473	0.58589	0.58592			6
2026.03.18	01:11:39.084	0.58588	0.58590			6
2026.03.18	01:11:40.589		0.58589			4
2026.03.18	01:11:44.495	0.58587				2
2026.03.18	01:11:45.395	0.58586	0.58588			6
2026.03.18	01:11:46.595	0.58579	0.58580			6
2026.03.18	01:11:47.194	0.58577	0.58578			6
2026.03.18	01:11:47.496	0.58579	0.58580			6
2026.03.18	01:11:47.797	0.58580	0.58581			6
2026.03.18	01:11:48.098	0.58577	0.58578			6
2026.03.18	01:11:48.397	0.58576	0.58577			6
2026.03.18	01:11:48.699	0.58578	0.58579			6
2026.03.18	01:11:49.299	0.58580	0.58581			6
2026.03.18	01:11:49.901		0.58582			4
2026.03.18	01:11:51.704	0.58579				2
2026.03.18	01:11:57.111	0.58576	0.58579			6
2026.03.18	01:12:00.123	0.58576				2
2026.03.18	01:12:00.420	0.58577	0.58580			6
2026.03.18	01:12:00.722	0.58578				2
2026.03.18	01:12:02.524		0.58579			4
2026.03.18	01:12:12.149	0.58577	0.58580			6
2026.03.18	01:12:14.852		0.58579			4
2026.03.18	01:12:18.768	0.58576				2
2026.03.18	01:12:19.370	0.58577				2
2026.03.18	01:12:20.272	0.58580	0.58581			6
2026.03.18	01:12:20.869	0.58574	0.58577			6
2026.03.18	01:12:40.398	0.58575	0.58578			6
2026.03.18	01:12:40.703	0.58576	0.58579			6
2026.03.18	01:12:41.606	0.58577	0.58580			6
2026.03.18	01:12:41.906	0.58576	0.58579			6
2026.03.18	01:12:46.109	0.58577	0.58580			6
2026.03.18	01:12:52.426	0.58584	0.58587			6
2026.03.18	01:12:53.028	0.58586	0.58601			6
2026.03.18	01:12:53.325	0.58592	0.58595			6
2026.03.18	01:12:53.628	0.58593	0.58596			6
2026.03.18	01:12:53.925	0.58592	0.58595			6
2026.03.18	01:12:54.233	0.58593	0.58596			6
2026.03.18	01:13:00.251	0.58598	0.58601			6
2026.03.18	01:13:02.357	0.58599	0.58602			6
2026.03.18	01:13:02.955	0.58600	0.58603			6
2026.03.18	01:13:03.258	0.58599	0.58602			6
2026.03.18	01:13:03.557	0.58600	0.58603			6
2026.03.18	01:13:03.855	0.58599	0.58602			6
2026.03.18	01:13:04.459	0.58598	0.58601			6
2026.03.18	01:13:04.759	0.58600	0.58603			6
2026.03.18	01:13:05.056	0.58598	0.58601			6
2026.03.18	01:13:05.359	0.58600	0.58603			6
2026.03.18	01:13:05.957	0.58599	0.58602			6
2026.03.18	01:13:06.858	0.58598	0.58601			6
2026.03.18	01:13:07.158	0.58599	0.58602			6
2026.03.18	01:13:07.459	0.58600	0.58603			6
2026.03.18	01:13:07.761	0.58599	0.58602			6
2026.03.18	01:13:08.062	0.58600	0.58603			6
2026.03.18	01:13:08.362	0.58599	0.58602			6
2026.03.18	01:13:08.663	0.58600	0.58603			6
2026.03.18	01:13:14.369	0.58599	0.58602			6
2026.03.18	01:13:22.785	0.58598	0.58601			6
2026.03.18	01:13:23.085	0.58597	0.58600			6
2026.03.18	01:13:23.383	0.58599	0.58602			6
2026.03.18	01:13:23.685	0.58598	0.58601			6
2026.03.18	01:13:23.988	0.58600	0.58603			6
2026.03.18	01:13:24.282	0.58599	0.58602			6
2026.03.18	01:13:24.590	0.58597	0.58600			6
2026.03.18	01:13:24.885	0.58600	0.58603			6
2026.03.18	01:13:25.190	0.58587	0.58589			6
2026.03.18	01:13:25.486	0.58589	0.58592			6
2026.03.18	01:13:25.791	0.58590	0.58593			6
2026.03.18	01:13:26.690	0.58591	0.58594			6
2026.03.18	01:13:29.096	0.58593	0.58596			6
2026.03.18	01:13:31.194	0.58595	0.58598			6
2026.03.18	01:13:33.599	0.58594	0.58597			6
2026.03.18	01:13:33.895	0.58593	0.58596			6
2026.03.18	01:13:41.111	0.58592	0.58595			6
2026.03.18	01:13:42.010	0.58591	0.58594			6
2026.03.18	01:13:44.112	0.58590	0.58593			6
2026.03.18	01:13:48.617	0.58591	0.58594			6
2026.03.18	01:13:48.922	0.58590	0.58593			6
2026.03.18	01:13:49.223	0.58591	0.58594			6
2026.03.18	01:13:51.023	0.58590	0.58593			6
2026.03.18	01:13:54.633	0.58603	0.58604			6
2026.03.18	01:13:54.931	0.58605	0.58608			6
2026.03.18	01:13:56.435	0.58597	0.58612			6
2026.03.18	01:13:56.735		0.58613			4
2026.03.18	01:14:00.040	0.58597				2
2026.03.18	01:14:01.239	0.58605	0.58608			6
2026.03.18	01:14:03.944	0.58607	0.58610			6
2026.03.18	01:14:04.846	0.58608	0.58611			6
2026.03.18	01:14:26.187	0.58605	0.58608			6
2026.03.18	01:14:34.599	0.58606	0.58609			6
2026.03.18	01:14:37.606	0.58605	0.58608			6
2026.03.18	01:14:37.905	0.58606	0.58609			6
2026.03.18	01:14:38.209	0.58608	0.58611			6
2026.03.18	01:14:40.311	0.58609	0.58612			6
2026.03.18	01:14:44.826	0.58608	0.58611			6
2026.03.18	01:14:58.959	0.58609	0.58612			6
2026.03.18	01:14:59.563	0.58608	0.58611			6
2026.03.18	01:14:59.863	0.58607	0.58610			6
2026.03.18	01:15:00.164	0.58607				2
2026.03.18	01:15:15.188	0.58608	0.58611			6
2026.03.18	01:15:16.691	0.58607	0.58610			6
2026.03.18	01:15:18.498	0.58611	0.58614			6
2026.03.18	01:15:18.796	0.58614	0.58617			6
2026.03.18	01:15:20.899	0.58615				2
2026.03.18	01:15:21.198	0.58614				2
2026.03.18	01:15:21.497	0.58601	0.58602			6
2026.03.18	01:15:21.799	0.58605	0.58608			6
2026.03.18	01:15:22.097	0.58607	0.58610			6
2026.03.18	01:15:27.207	0.58608	0.58611			6
2026.03.18	01:15:27.506	0.58607	0.58610			6
2026.03.18	01:15:28.406	0.58608	0.58611			6
2026.03.18	01:15:39.229	0.58610	0.58613			6
2026.03.18	01:15:39.527	0.58611	0.58614			6
2026.03.18	01:15:39.825	0.58613	0.58616			6
2026.03.18	01:15:43.135	0.58608	0.58611			6
2026.03.18	01:15:43.436	0.58610	0.58613			6
2026.03.18	01:15:53.349	0.58609	0.58612			6
2026.03.18	01:15:53.649	0.58607	0.58610			6
2026.03.18	01:15:58.464	0.58609	0.58612			6
2026.03.18	01:16:00.276	0.58609				2
2026.03.18	01:16:03.276	0.58607	0.58610			6
2026.03.18	01:16:08.391	0.58606	0.58609			6
2026.03.18	01:16:12.597	0.58607	0.58610			6
2026.03.18	01:16:13.499	0.58608	0.58611			6
2026.03.18	01:16:18.308	0.58606	0.58609			6
2026.03.18	01:16:18.908	0.58607	0.58610			6
2026.03.18	01:16:20.110	0.58606	0.58609			6
2026.03.18	01:16:26.416	0.58607	0.58610			6
2026.03.18	01:16:39.037	0.58608	0.58611			6
2026.03.18	01:16:39.333	0.58599	0.58600			6
2026.03.18	01:16:39.637	0.58603	0.58606			6
2026.03.18	01:16:44.140	0.58602	0.58605			6
2026.03.18	01:16:52.260	0.58604	0.58607			6
2026.03.18	01:17:00.074	0.58604				2
2026.03.18	01:17:00.677	0.58612	0.58615			6
2026.03.18	01:17:00.976	0.58613	0.58616			6
2026.03.18	01:17:01.579	0.58612	0.58615			6
2026.03.18	01:17:01.876	0.58613	0.58616			6
2026.03.18	01:17:02.176	0.58607	0.58610			6
2026.03.18	01:17:02.476	0.58612	0.58615			6
2026.03.18	01:17:02.776	0.58613	0.58616			6
2026.03.18	01:17:03.078	0.58614	0.58617			6
2026.03.18	01:17:03.377	0.58613	0.58616			6
2026.03.18	01:17:03.681	0.58607	0.58610			6
2026.03.18	01:17:03.983	0.58611	0.58614			6
2026.03.18	01:17:04.286	0.58612	0.58615			6
2026.03.18	01:17:04.588	0.58613	0.58616			6
2026.03.18	01:17:04.889	0.58612	0.58615			6
2026.03.18	01:17:06.094	0.58611	0.58614			6
2026.03.18	01:17:09.095	0.58612	0.58615			6
2026.03.18	01:17:10.598	0.58611	0.58614			6
2026.03.18	01:17:11.196	0.58604	0.58607			6
2026.03.18	01:17:11.799	0.58605	0.58608			6
2026.03.18	01:17:13.000	0.58614	0.58617			6
2026.03.18	01:17:13.299	0.58612	0.58615			6
2026.03.18	01:17:13.600	0.58613	0.58616			6
2026.03.18	01:17:13.899	0.58612	0.58615			6
2026.03.18	01:17:14.200	0.58613	0.58616			6
2026.03.18	01:17:15.701	0.58612	0.58615			6
2026.03.18	01:17:16.005	0.58613	0.58616			6
2026.03.18	01:17:16.306	0.58612	0.58615			6
2026.03.18	01:17:16.607	0.58613	0.58616			6
2026.03.18	01:17:19.013	0.58612	0.58615			6
2026.03.18	01:17:19.313	0.58613	0.58616			6
2026.03.18	01:17:19.615	0.58612	0.58615			6
2026.03.18	01:17:19.917	0.58613	0.58616			6
2026.03.18	01:17:34.042	0.58614	0.58617			6
2026.03.18	01:17:55.702	0.58617	0.58620			6
2026.03.18	01:17:56.000	0.58618	0.58621			6
2026.03.18	01:17:56.302	0.58613	0.58616			6
2026.03.18	01:17:56.602	0.58612	0.58615			6
2026.03.18	01:18:00.208	0.58612				2
2026.03.18	01:18:02.313	0.58616	0.58619			6
2026.03.18	01:18:58.537	0.58615	0.58618			6
2026.03.18	01:19:00.042	0.58615				2
2026.03.18	01:19:11.475	0.58616	0.58619			6
2026.03.18	01:19:17.196	0.58615	0.58618			6
2026.03.18	01:19:19.303	0.58614	0.58617			6
2026.03.18	01:19:19.602	0.58615	0.58618			6
2026.03.18	01:19:20.507	0.58614	0.58617			6
2026.03.18	01:20:00.204	0.58614				2
2026.03.18	01:20:01.106	0.58613	0.58616			6
2026.03.18	01:20:01.406	0.58615	0.58618			6
2026.03.18	01:20:01.707	0.58614	0.58617			6
2026.03.18	01:20:25.158	0.58615	0.58618			6
2026.03.18	01:20:25.454	0.58616	0.58619			6
2026.03.18	01:20:31.765	0.58615	0.58618			6
2026.03.18	01:20:32.064	0.58616	0.58619			6
2026.03.18	01:20:32.369	0.58615	0.58618			6
2026.03.18	01:20:33.571	0.58614	0.58617			6
2026.03.18	01:20:34.170	0.58615	0.58618			6
2026.03.18	01:20:35.371	0.58614	0.58617			6
2026.03.18	01:20:46.196	0.58615				2
2026.03.18	01:21:00.020	0.58615				2
2026.03.18	01:21:06.938	0.58614	0.58616			6
2026.03.18	01:21:08.142	0.58611	0.58613			6
2026.03.18	01:21:08.743	0.58610	0.58612			6
2026.03.18	01:21:09.346		0.58613			4
2026.03.18	01:21:15.370		0.58612			4
2026.03.18	01:21:20.489	0.58611	0.58613			6
2026.03.18	01:21:20.791	0.58610	0.58612			6
2026.03.18	01:21:28.298	0.58611	0.58613			6
2026.03.18	01:21:28.600	0.58612	0.58614			6
2026.03.18	01:21:29.199	0.58611	0.58613			6
2026.03.18	01:21:30.402	0.58612	0.58614			6
2026.03.18	01:21:38.815	0.58611	0.58613			6
2026.03.18	01:21:43.622	0.58606	0.58608			6
2026.03.18	01:21:49.934	0.58607	0.58609			6
2026.03.18	01:21:53.842	0.58608	0.58610			6
2026.03.18	01:22:00.170	0.58608				2
2026.03.18	01:22:04.679	0.58607	0.58609			6
2026.03.18	01:22:11.300	0.58606	0.58608			6
2026.03.18	01:22:50.335	0.58605	0.58607			6
2026.03.18	01:22:56.049	0.58606	0.58608			6
2026.03.18	01:23:00.270	0.58606				2
2026.03.18	01:23:00.868	0.58607	0.58609			6
2026.03.18	01:23:01.169	0.58605	0.58607			6
2026.03.18	01:23:18.911	0.58606	0.58608			6
2026.03.18	01:23:19.512	0.58605	0.58607			6
2026.03.18	01:23:41.484	0.58606	0.58608			6
2026.03.18	01:23:41.786	0.58607	0.58609			6
2026.03.18	01:23:42.085	0.58608	0.58610			6
2026.03.18	01:23:42.683	0.58607	0.58609			6
2026.03.18	01:23:45.089	0.58608	0.58610			6
2026.03.18	01:23:58.307	0.58609	0.58611			6
2026.03.18	01:24:00.111	0.58609				2
2026.03.18	01:24:00.408	0.58608	0.58610			6
2026.03.18	01:24:43.411	0.58609	0.58611			6
2026.03.18	01:24:49.423	0.58608	0.58610			6
2026.03.18	01:24:59.662	0.58609	0.58611			6
2026.03.18	01:25:00.266	0.58608	0.58610			6
2026.03.18	01:25:00.558	0.58607	0.58609			6
2026.03.18	01:25:04.175	0.58602	0.58604			6
2026.03.18	01:25:04.472		0.58603			4
2026.03.18	01:25:05.977	0.58603	0.58605			6
2026.03.18	01:25:07.482	0.58602	0.58604			6
2026.03.18	01:25:11.090	0.58604	0.58606			6
2026.03.18	01:25:31.218	0.58603	0.58605			6
2026.03.18	01:25:32.721	0.58604	0.58606			6
2026.03.18	01:25:37.530	0.58603	0.58605			6
2026.03.18	01:25:44.139	0.58605	0.58607			6
2026.03.18	01:25:44.438	0.58608	0.58610			6
2026.03.18	01:25:49.560	0.58609	0.58611			6
2026.03.18	01:25:54.061	0.58608	0.58610			6
2026.03.18	01:26:00.073	0.58609	0.58611			6
2026.03.18	01:26:10.300	0.58608	0.58610			6
2026.03.18	01:26:37.361	0.58609	0.58611			6
2026.03.18	01:27:00.203	0.58609				2
2026.03.18	01:27:15.537	0.58608	0.58610			6
2026.03.18	01:28:00.029	0.58608				2
2026.03.18	01:28:08.446	0.58609	0.58611			6
2026.03.18	01:28:16.270	0.58608	0.58610			6
2026.03.18	01:28:26.184	0.58609	0.58611			6
2026.03.18	01:28:51.747	0.58608	0.58610			6
2026.03.18	01:29:00.176	0.58608				2
2026.03.18	01:29:00.476	0.58599	0.58600			6
2026.03.18	01:29:00.779	0.58602	0.58604			6
2026.03.18	01:29:01.078	0.58606	0.58608			6
2026.03.18	01:29:01.378	0.58607	0.58609			6
2026.03.18	01:29:01.681	0.58608	0.58610			6
2026.03.18	01:29:11.305	0.58605	0.58607			6
2026.03.18	01:29:12.208	0.58608	0.58610			6
2026.03.18	01:29:12.507	0.58605	0.58607			6
2026.03.18	01:29:12.806	0.58608	0.58610			6
2026.03.18	01:29:15.215	0.58609	0.58611			6
2026.03.18	01:29:15.511	0.58610	0.58612			6
2026.03.18	01:29:17.621	0.58609	0.58611			6
2026.03.18	01:29:20.330	0.58610	0.58612			6
2026.03.18	01:29:25.448	0.58608	0.58610			6
2026.03.18	01:29:38.086	0.58609	0.58611			6
2026.03.18	01:29:38.387	0.58608	0.58610			6
2026.03.18	01:30:00.018	0.58608				2
2026.03.18	01:30:37.598	0.58609	0.58611			6
2026.03.18	01:30:40.001	0.58608	0.58610			6
2026.03.18	01:30:40.300	0.58609	0.58611			6
2026.03.18	01:31:00.131	0.58609				2
2026.03.18	01:31:00.431	0.58608	0.58610			6
2026.03.18	01:31:08.533	0.58603	0.58605			6
2026.03.18	01:31:08.834	0.58608	0.58610			6
2026.03.18	01:31:09.440	0.58609	0.58611			6
2026.03.18	01:31:15.455	0.58608	0.58610			6
2026.03.18	01:31:15.752	0.58609	0.58611			6
2026.03.18	01:31:16.354	0.58608	0.58610			6
2026.03.18	01:31:18.157	0.58609	0.58611			6
2026.03.18	01:31:24.172	0.58610	0.58612			6
2026.03.18	01:31:31.386	0.58607	0.58609			6
2026.03.18	01:31:56.630	0.58608	0.58610			6
2026.03.18	01:32:00.236	0.58608				2
2026.03.18	01:32:04.147	0.58607	0.58609			6
2026.03.18	01:32:07.456	0.58608	0.58610			6
2026.03.18	01:32:09.560	0.58607	0.58609			6
2026.03.18	01:32:17.384	0.58606	0.58608			6
2026.03.18	01:32:36.918	0.58605	0.58607			6
2026.03.18	01:32:40.526	0.58604	0.58606			6
2026.03.18	01:33:00.077	0.58604				2
2026.03.18	01:33:03.686	0.58606	0.58608			6
2026.03.18	01:33:04.286	0.58604	0.58606			6
2026.03.18	01:33:04.586	0.58606	0.58608			6
2026.03.18	01:33:55.980	0.58595	0.58597			6
2026.03.18	01:33:56.278	0.58599	0.58601			6
2026.03.18	01:33:56.579	0.58600	0.58602			6
2026.03.18	01:33:56.882	0.58602	0.58604			6
2026.03.18	01:33:57.183	0.58603	0.58605			6
2026.03.18	01:33:57.484	0.58604	0.58606			6
2026.03.18	01:34:00.185	0.58604				2
2026.03.18	01:34:01.090	0.58602	0.58604			6
2026.03.18	01:34:01.386	0.58604	0.58606			6
2026.03.18	01:34:05.598	0.58602	0.58604			6
2026.03.18	01:34:16.429	0.58601	0.58603			6
2026.03.18	01:34:17.028	0.58602	0.58604			6
2026.03.18	01:34:21.235	0.58603	0.58605			6
2026.03.18	01:34:33.281	0.58602	0.58604			6
2026.03.18	01:34:33.580	0.58603	0.58605			6
2026.03.18	01:34:37.192	0.58604	0.58606			6
2026.03.18	01:35:00.033	0.58604				2
2026.03.18	01:35:07.252	0.58603	0.58605			6
2026.03.18	01:35:38.807	0.58604	0.58606			6
2026.03.18	01:35:48.425	0.58603	0.58605			6
2026.03.18	01:35:49.623	0.58604	0.58606			6
2026.03.18	01:35:54.439	0.58603	0.58605			6
2026.03.18	01:35:55.042	0.58604	0.58606			6
2026.03.18	01:35:55.338	0.58603	0.58605			6
2026.03.18	01:35:56.242	0.58602	0.58604			6
2026.03.18	01:35:56.539	0.58600	0.58602			6
2026.03.18	01:36:00.159	0.58600				2
2026.03.18	01:36:02.864	0.58603	0.58605			6
2026.03.18	01:36:21.503	0.58604	0.58606			6
2026.03.18	01:36:35.032	0.58600	0.58602			6
2026.03.18	01:36:46.771	0.58601	0.58603			6
2026.03.18	01:36:48.577	0.58600	0.58602			6
2026.03.18	01:36:48.877	0.58601	0.58603			6
2026.03.18	01:36:55.194	0.58600	0.58602			6
2026.03.18	01:36:55.498	0.58601	0.58603			6
2026.03.18	01:36:59.398	0.58600	0.58602			6
2026.03.18	01:37:00.300	0.58600				2
2026.03.18	01:37:15.930	0.58599	0.58601			6
2026.03.18	01:37:35.769	0.58600	0.58602			6
2026.03.18	01:37:54.099	0.58599	0.58601			6
2026.03.18	01:37:55.902	0.58597	0.58599			6
2026.03.18	01:37:56.204	0.58593	0.58594			6
2026.03.18	01:37:56.498	0.58598	0.58600			6
2026.03.18	01:37:56.804	0.58599	0.58601			6
2026.03.18	01:37:58.602	0.58600	0.58602			6
2026.03.18	01:37:58.905	0.58598	0.58600			6
2026.03.18	01:38:00.113	0.58598				2
2026.03.18	01:38:02.514	0.58599	0.58601			6
2026.03.18	01:38:07.024	0.58600	0.58602			6
2026.03.18	01:38:34.380	0.58599	0.58601			6
2026.03.18	01:39:00.227	0.58599				2
2026.03.18	01:39:07.735	0.58598	0.58600			6
2026.03.18	01:39:08.940	0.58599	0.58601			6
2026.03.18	01:39:14.952	0.58597	0.58599			6
2026.03.18	01:39:19.464	0.58598	0.58600			6
2026.03.18	01:39:24.877	0.58597	0.58599			6
2026.03.18	01:39:31.792	0.58598	0.58600			6
2026.03.18	01:39:32.999	0.58597	0.58599			6
2026.03.18	01:40:00.041	0.58597				2
2026.03.18	01:40:00.344	0.58598	0.58600			6
2026.03.18	01:41:00.152	0.58598				2
2026.03.18	01:41:00.449		0.58600			4
2026.03.18	01:41:01.347	0.58597	0.58599			6
2026.03.18	01:41:07.967	0.58598	0.58600			6
2026.03.18	01:41:08.262	0.58597	0.58599			6
2026.03.18	01:41:12.471	0.58596	0.58598			6
2026.03.18	01:41:12.774	0.58597	0.58599			6
2026.03.18	01:41:18.178	0.58598	0.58600			6
2026.03.18	01:41:44.920	0.58596	0.58599			6
2026.03.18	01:41:45.821		0.58600			4
2026.03.18	01:41:47.022	0.58598				2
2026.03.18	01:41:47.927	0.58597	0.58599			6
2026.03.18	01:42:00.245	0.58597				2
2026.03.18	01:42:02.351	0.58596	0.58598			6
2026.03.18	01:42:02.647	0.58595	0.58597			6
2026.03.18	01:42:05.964	0.58596	0.58598			6
2026.03.18	01:42:07.763	0.58595	0.58597			6
2026.03.18	01:42:08.061	0.58596	0.58598			6
2026.03.18	01:42:26.102	0.58593	0.58595			6
2026.03.18	01:42:26.399	0.58592	0.58594			6
2026.03.18	01:42:32.408	0.58593	0.58595			6
2026.03.18	01:42:35.720	0.58592	0.58594			6
2026.03.18	01:42:36.020	0.58593	0.58595			6
2026.03.18	01:42:57.359	0.58592	0.58594			6
2026.03.18	01:42:58.564	0.58593	0.58595			6
2026.03.18	01:43:00.065	0.58592	0.58594			6
2026.03.18	01:43:12.990	0.58593	0.58595			6
2026.03.18	01:43:47.239	0.58583	0.58585			6
2026.03.18	01:43:47.539	0.58587	0.58589			6
2026.03.18	01:43:48.141		0.58590			4
2026.03.18	01:43:52.350	0.58588	0.58591			6
2026.03.18	01:43:55.963	0.58589	0.58592			6
2026.03.18	01:44:00.173	0.58589				2
2026.03.18	01:44:01.973	0.58588	0.58591			6
2026.03.18	01:44:06.782	0.58591	0.58594			6
2026.03.18	01:44:07.084	0.58594	0.58597			6
2026.03.18	01:44:07.383	0.58596	0.58599			6
2026.03.18	01:44:07.682	0.58591	0.58594			6
2026.03.18	01:44:11.596	0.58593	0.58596			6
2026.03.18	01:44:11.894	0.58591	0.58594			6
2026.03.18	01:44:25.110	0.58592	0.58595			6
2026.03.18	01:44:37.433	0.58594	0.58597			6
2026.03.18	01:44:37.733	0.58592	0.58595			6
2026.03.18	01:44:38.032	0.58589	0.58592			6
2026.03.18	01:44:53.074	0.58588	0.58591			6
2026.03.18	01:44:56.386	0.58587	0.58590			6
2026.03.18	01:45:00.293	0.58587				2
2026.03.18	01:45:01.797	0.58588	0.58591			6
2026.03.18	01:45:05.699	0.58584	0.58587			6
2026.03.18	01:45:05.998	0.58585	0.58588			6
2026.03.18	01:45:06.296	0.58586	0.58589			6
2026.03.18	01:46:00.079	0.58586				2
2026.03.18	01:46:06.387		0.58589			4
2026.03.18	01:47:00.202	0.58586				2
2026.03.18	01:47:05.598	0.58587	0.58590			6
2026.03.18	01:47:05.900	0.58586	0.58589			6
2026.03.18	01:47:08.907	0.58585	0.58588			6
2026.03.18	01:47:09.508	0.58595	0.58598			6
2026.03.18	01:47:09.808	0.58594	0.58597			6
2026.03.18	01:47:10.108	0.58593	0.58596			6
2026.03.18	01:47:10.408	0.58595	0.58598			6
2026.03.18	01:47:11.010	0.58594	0.58597			6
2026.03.18	01:47:20.932	0.58595	0.58598			6
2026.03.18	01:47:23.939	0.58594	0.58597			6
2026.03.18	01:47:32.373	0.58593	0.58596			6
2026.03.18	01:47:42.895	0.58594	0.58597			6
2026.03.18	01:47:56.419	0.58593	0.58596			6
2026.03.18	01:48:00.022	0.58593				2
2026.03.18	01:48:12.346	0.58594	0.58597			6
2026.03.18	01:48:16.252	0.58593	0.58596			6
2026.03.18	01:48:20.467	0.58594	0.58597			6
2026.03.18	01:48:21.668	0.58593	0.58596			6
2026.03.18	01:48:35.496	0.58592	0.58595			6
2026.03.18	01:48:35.797	0.58591	0.58594			6
2026.03.18	01:48:41.805	0.58590	0.58593			6
2026.03.18	01:48:46.313	0.58591	0.58594			6
2026.03.18	01:48:46.914	0.58595	0.58598			6
2026.03.18	01:48:47.214	0.58594	0.58597			6
2026.03.18	01:49:00.138	0.58594				2
2026.03.18	01:49:37.407	0.58593	0.58596			6
2026.03.18	01:49:52.465	0.58594	0.58597			6
2026.03.18	01:50:00.285	0.58594				2
2026.03.18	01:50:12.907	0.58593	0.58596			6
2026.03.18	01:50:21.326	0.58594	0.58597			6
2026.03.18	01:50:26.141	0.58593	0.58596			6
2026.03.18	01:50:26.441	0.58594	0.58597			6
2026.03.18	01:51:00.114	0.58594				2
2026.03.18	01:51:16.946	0.58592	0.58595			6
2026.03.18	01:51:26.880	0.58593	0.58596			6
2026.03.18	01:51:46.729	0.58585	0.58588			6
2026.03.18	01:51:47.029	0.58589	0.58592			6
2026.03.18	01:51:47.330	0.58590	0.58593			6
2026.03.18	01:51:50.938	0.58588	0.58591			6
2026.03.18	01:51:56.054	0.58587	0.58590			6
2026.03.18	01:52:00.268	0.58587				2
2026.03.18	01:52:01.470	0.58588	0.58591			6
2026.03.18	01:52:05.986	0.58587	0.58590			6
2026.03.18	01:52:52.926	0.58581	0.58584			6
2026.03.18	01:53:00.139	0.58581				2
2026.03.18	01:53:03.138	0.58582	0.58585			6
2026.03.18	01:53:03.742	0.58581	0.58584			6
2026.03.18	01:53:16.375	0.58580	0.58583			6
2026.03.18	01:53:26.908	0.58581	0.58584			6
2026.03.18	01:53:27.206	0.58582	0.58585			6
2026.03.18	01:53:27.507	0.58581	0.58584			6
2026.03.18	01:53:27.806	0.58582	0.58585			6
2026.03.18	01:53:28.406	0.58581	0.58584			6
2026.03.18	01:53:31.108	0.58582	0.58585			6
2026.03.18	01:53:31.410	0.58581	0.58584			6
2026.03.18	01:53:33.210	0.58582	0.58585			6
2026.03.18	01:53:40.434	0.58583	0.58586			6
2026.03.18	01:53:53.663	0.58582	0.58585			6
2026.03.18	01:54:00.285	0.58582				2
2026.03.18	01:54:03.893	0.58581	0.58584			6
2026.03.18	01:54:31.547	0.58582	0.58585			6
2026.03.18	01:54:38.775	0.58581	0.58584			6
2026.03.18	01:55:00.108	0.58581				2
2026.03.18	01:55:01.309	0.58580	0.58583			6
2026.03.18	01:55:08.232	0.58579	0.58582			6
2026.03.18	01:55:14.548	0.58580	0.58583			6
2026.03.18	01:55:15.753	0.58579	0.58582			6
2026.03.18	01:55:16.952	0.58580	0.58583			6
2026.03.18	01:55:21.159	0.58575	0.58578			6
2026.03.18	01:55:39.499	0.58574	0.58577			6
2026.03.18	01:55:39.798	0.58573	0.58575			6
2026.03.18	01:55:46.413	0.58576	0.58579			6
2026.03.18	01:55:49.722	0.58574	0.58577			6
2026.03.18	01:55:52.129		0.58576			4
2026.03.18	01:55:52.731	0.58575	0.58578			6
2026.03.18	01:55:53.331	0.58574	0.58576			6
2026.03.18	01:55:58.750	0.58572	0.58575			6
2026.03.18	01:56:00.253	0.58572				2
2026.03.18	01:56:03.566	0.58569	0.58572			6
2026.03.18	01:56:04.467	0.58570	0.58573			6
2026.03.18	01:56:04.766	0.58571	0.58574			6
2026.03.18	01:56:14.992	0.58572	0.58575			6
2026.03.18	01:56:15.593	0.58570	0.58573			6
2026.03.18	01:56:26.408	0.58571	0.58574			6
2026.03.18	01:56:28.210	0.58569	0.58572			6
2026.03.18	01:56:30.621	0.58568	0.58571			6
