<DATE>	<TIME>	<BID>	<ASK>	<LAST>	<VOLUME>	<FLAGS>
2026.01.13	00:03:31.181	0.57702	0.57746			6
2026.01.13	00:03:42.642	0.57705	0.57756			6
2026.01.13	00:04:00.308	0.57705				2
2026.01.13	00:04:42.847		0.57756			4
2026.01.13	00:05:00.209	0.57705				2
2026.01.13	00:05:02.771	0.57702				2
2026.01.13	00:05:10.149	0.57704				2
2026.01.13	00:05:14.060	0.57694	0.57750			6
2026.01.13	00:05:14.363		0.57749			4
2026.01.13	00:05:26.606	0.57722	0.57760			6
2026.01.13	00:05:28.343	0.57716				2
2026.01.13	00:05:35.385	0.57715				2
2026.01.13	00:05:36.080	0.57716				2
2026.01.13	00:05:38.351	0.57719				2
2026.01.13	00:05:41.368		0.57759			4
2026.01.13	00:05:43.117	0.57720	0.57758			6
2026.01.13	00:05:45.074	0.57716				2
2026.01.13	00:05:46.691		0.57760			4
2026.01.13	00:06:00.350	0.57718				2
2026.01.13	00:06:09.658	0.57716	0.57759			6
2026.01.13	00:06:12.845	0.57694	0.57749			6
2026.01.13	00:07:00.056	0.57694				2
2026.01.13	00:07:03.019	0.57692	0.57748			6
2026.01.13	00:08:00.293	0.57692				2
2026.01.13	00:08:03.202		0.57748			4
2026.01.13	00:08:35.530	0.57691	0.57747			6
2026.01.13	00:09:00.280	0.57691				2
2026.01.13	00:09:35.765		0.57747			4
2026.01.13	00:09:40.581	0.57693	0.57749			6
2026.01.13	00:09:52.514	0.57702				2
2026.01.13	00:09:53.174	0.57693	0.57740			6
2026.01.13	00:09:53.479	0.57702	0.57749			6
2026.01.13	00:09:53.781	0.57693	0.57740			6
2026.01.13	00:09:54.120	0.57702	0.57749			6
2026.01.13	00:09:54.433	0.57693	0.57740			6
2026.01.13	00:09:54.782	0.57702	0.57749			6
2026.01.13	00:09:55.085	0.57693	0.57740			6
2026.01.13	00:09:55.387	0.57702	0.57749			6
2026.01.13	00:09:55.737	0.57693	0.57740			6
2026.01.13	00:09:56.368	0.57702	0.57749			6
2026.01.13	00:09:56.694	0.57693				2
2026.01.13	00:10:00.215	0.57693				2
2026.01.13	00:10:56.410		0.57749			4
2026.01.13	00:11:00.275	0.57693				2
2026.01.13	00:11:06.396		0.57745			4
2026.01.13	00:11:08.000		0.57749			4
2026.01.13	00:11:08.954		0.57745			4
2026.01.13	00:11:16.980	0.57684	0.57735			6
2026.01.13	00:11:20.493		0.57739			4
2026.01.13	00:11:21.796		0.57735			4
2026.01.13	00:11:26.914		0.57739			4
2026.01.13	00:11:27.869		0.57735			4
2026.01.13	00:11:33.033		0.57739			4
2026.01.13	00:11:34.290		0.57735			4
2026.01.13	00:11:39.105	0.57691	0.57743			6
2026.01.13	00:11:58.731		0.57744			4
2026.01.13	00:12:00.034	0.57691				2
2026.01.13	00:12:50.779	0.57687	0.57739			6
2026.01.13	00:13:00.103	0.57687				2
2026.01.13	00:13:09.735	0.57702	0.57741			6
2026.01.13	00:13:10.522		0.57745			4
2026.01.13	00:13:14.870	0.57703	0.57754			6
2026.01.13	00:14:00.220	0.57703				2
2026.01.13	00:14:15.067		0.57754			4
2026.01.13	00:15:00.197	0.57703				2
2026.01.13	00:15:15.400		0.57754			4
2026.01.13	00:16:00.082	0.57703				2
2026.01.13	00:16:15.540		0.57754			4
2026.01.13	00:17:00.214	0.57703				2
2026.01.13	00:17:15.672		0.57754			4
2026.01.13	00:18:00.292	0.57703				2
2026.01.13	00:18:15.703		0.57754			4
2026.01.13	00:18:34.660	0.57704				2
2026.01.13	00:19:00.040	0.57704				2
2026.01.13	00:19:15.753		0.57754			4
2026.01.13	00:20:00.166	0.57704				2
2026.01.13	00:20:00.468		0.57755			4
2026.01.13	00:20:11.918		0.57754			4
2026.01.13	00:20:51.529	0.57703				2
2026.01.13	00:20:57.863	0.57704				2
2026.01.13	00:21:00.411	0.57704				2
2026.01.13	00:21:17.367		0.57754			4
2026.01.13	00:21:22.461	0.57703				2
2026.01.13	00:21:28.464	0.57704				2
2026.01.13	00:22:04.620	0.57704				2
2026.01.13	00:22:08.359	0.57703				2
2026.01.13	00:22:20.335		0.57754			4
2026.01.13	00:23:03.677	0.57703				2
2026.01.13	00:23:15.842	0.57701				2
2026.01.13	00:23:25.711		0.57754			4
2026.01.13	00:24:09.776	0.57701				2
2026.01.13	00:24:33.304		0.57754			4
2026.01.13	00:25:00.309	0.57701	0.57758			6
2026.01.13	00:25:03.764	0.57703				2
2026.01.13	00:25:04.080	0.57701				2
2026.01.13	00:25:07.603	0.57703				2
2026.01.13	00:25:07.990	0.57704				2
2026.01.13	00:25:09.561	0.57701				2
2026.01.13	00:25:09.868	0.57703				2
2026.01.13	00:25:17.526	0.57701				2
2026.01.13	00:25:35.180	0.57703				2
2026.01.13	00:25:38.245	0.57701				2
2026.01.13	00:25:55.299	0.57702				2
2026.01.13	00:25:57.062	0.57701				2
2026.01.13	00:25:57.381	0.57703				2
2026.01.13	00:25:57.700	0.57701				2
2026.01.13	00:25:58.019	0.57703				2
2026.01.13	00:25:58.339	0.57701				2
2026.01.13	00:25:58.669	0.57703				2
2026.01.13	00:25:59.030	0.57701				2
2026.01.13	00:26:10.412	0.57701	0.57758			6
2026.01.13	00:27:00.335	0.57701				2
2026.01.13	00:27:05.022	0.57702				2
2026.01.13	00:27:05.381	0.57701				2
2026.01.13	00:27:08.571	0.57702				2
2026.01.13	00:27:12.024	0.57701	0.57758			6
2026.01.13	00:27:17.808	0.57703				2
2026.01.13	00:27:28.099	0.57701				2
2026.01.13	00:27:28.421	0.57702				2
2026.01.13	00:27:45.731	0.57701				2
2026.01.13	00:28:00.097	0.57703				2
2026.01.13	00:28:04.839	0.57702				2
2026.01.13	00:28:05.159	0.57704				2
2026.01.13	00:28:20.450		0.57758			4
2026.01.13	00:28:31.868	0.57701				2
2026.01.13	00:28:32.261	0.57702				2
2026.01.13	00:28:38.098	0.57704				2
2026.01.13	00:28:48.013		0.57747			4
2026.01.13	00:28:48.377	0.57706	0.57758			6
2026.01.13	00:28:49.998	0.57704	0.57747			6
2026.01.13	00:28:51.020	0.57706	0.57758			6
2026.01.13	00:28:52.044	0.57704				2
2026.01.13	00:29:02.321	0.57704				2
2026.01.13	00:29:38.676	0.57691	0.57742			6
2026.01.13	00:29:41.927	0.57700	0.57748			6
2026.01.13	00:29:42.483	0.57698	0.57747			6
2026.01.13	00:29:51.667	0.57700	0.57748			6
2026.01.13	00:29:53.362		0.57747			4
2026.01.13	00:29:55.089		0.57748			4
2026.01.13	00:29:56.961		0.57747			4
2026.01.13	00:29:58.249		0.57746			4
2026.01.13	00:29:58.559	0.57699				2
2026.01.13	00:30:00.228	0.57699	0.57747			6
2026.01.13	00:30:00.669	0.57697	0.57746			6
2026.01.13	00:30:13.302	0.57696	0.57745			6
2026.01.13	00:30:13.603	0.57694				2
2026.01.13	00:30:16.779	0.57696				2
2026.01.13	00:30:17.435	0.57695				2
2026.01.13	00:30:17.817	0.57697				2
2026.01.13	00:30:18.459	0.57694	0.57744			6
2026.01.13	00:30:18.909	0.57698	0.57745			6
2026.01.13	00:30:19.438	0.57700				2
2026.01.13	00:30:19.908	0.57702				2
2026.01.13	00:30:20.354	0.57698	0.57744			6
2026.01.13	00:30:20.892	0.57699				2
2026.01.13	00:30:23.867	0.57702				2
2026.01.13	00:30:24.246	0.57699				2
2026.01.13	00:30:26.328	0.57700				2
2026.01.13	00:30:27.528	0.57698	0.57745			6
2026.01.13	00:30:28.333	0.57703	0.57746			6
2026.01.13	00:30:29.023		0.57747			4
2026.01.13	00:30:29.854	0.57702				2
2026.01.13	00:30:31.779		0.57744			4
2026.01.13	00:30:32.120		0.57745			4
2026.01.13	00:30:33.462	0.57699	0.57744			6
2026.01.13	00:30:37.759	0.57700				2
2026.01.13	00:30:38.486		0.57745			4
2026.01.13	00:30:38.830	0.57699				2
2026.01.13	00:30:40.334	0.57702	0.57746			6
2026.01.13	00:30:43.529		0.57745			4
2026.01.13	00:30:43.860	0.57698				2
2026.01.13	00:30:44.251	0.57701				2
2026.01.13	00:30:50.831	0.57699				2
2026.01.13	00:30:52.584	0.57703	0.57747			6
2026.01.13	00:30:53.216	0.57700				2
2026.01.13	00:30:53.798		0.57745			4
2026.01.13	00:30:54.118	0.57701	0.57747			6
2026.01.13	00:30:54.427	0.57699	0.57746			6
2026.01.13	00:30:54.783	0.57700	0.57747			6
2026.01.13	00:30:55.103	0.57703	0.57748			6
2026.01.13	00:30:58.478	0.57700				2
2026.01.13	00:31:01.099	0.57700				2
2026.01.13	00:31:01.780	0.57703				2
2026.01.13	00:31:08.711	0.57700	0.57746			6
2026.01.13	00:31:09.339	0.57703				2
2026.01.13	00:31:10.301	0.57702				2
2026.01.13	00:31:11.881	0.57699	0.57745			6
2026.01.13	00:31:12.200		0.57747			4
2026.01.13	00:31:13.518		0.57746			4
2026.01.13	00:31:13.932		0.57745			4
2026.01.13	00:31:17.759	0.57697	0.57740			6
2026.01.13	00:31:19.767	0.57696				2
2026.01.13	00:31:20.858	0.57693	0.57737			6
2026.01.13	00:31:21.223	0.57692				2
2026.01.13	00:31:24.260	0.57693				2
2026.01.13	00:31:47.952	0.57692				2
2026.01.13	00:31:59.128	0.57691				2
2026.01.13	00:32:01.461	0.57691	0.57736			6
2026.01.13	00:32:08.561	0.57692				2
2026.01.13	00:32:13.248	0.57694				2
2026.01.13	00:32:14.596	0.57692				2
2026.01.13	00:32:15.085	0.57691				2
2026.01.13	00:32:18.817		0.57737			4
2026.01.13	00:32:20.694		0.57736			4
2026.01.13	00:32:24.562		0.57737			4
2026.01.13	00:32:25.989		0.57736			4
2026.01.13	00:32:35.397	0.57692	0.57740			6
2026.01.13	00:32:35.699	0.57696	0.57741			6
2026.01.13	00:32:36.669	0.57695	0.57742			6
2026.01.13	00:32:36.980	0.57696				2
2026.01.13	00:32:37.325		0.57741			4
2026.01.13	00:32:38.889		0.57740			4
2026.01.13	00:32:49.635	0.57694				2
2026.01.13	00:32:53.789		0.57739			4
2026.01.13	00:32:56.674	0.57693				2
2026.01.13	00:32:57.273	0.57694				2
2026.01.13	00:32:57.818	0.57692				2
2026.01.13	00:32:58.480		0.57741			4
2026.01.13	00:32:58.807	0.57696	0.57740			6
2026.01.13	00:33:00.589	0.57695				2
2026.01.13	00:33:15.632	0.57694	0.57741			6
2026.01.13	00:33:19.870	0.57695				2
2026.01.13	00:33:21.227		0.57740			4
2026.01.13	00:33:21.622	0.57694				2
2026.01.13	00:33:25.929	0.57695	0.57739			6
2026.01.13	00:33:26.251	0.57693				2
2026.01.13	00:33:30.087		0.57738			4
2026.01.13	00:33:30.394		0.57739			4
2026.01.13	00:33:35.589		0.57738			4
2026.01.13	00:33:45.662		0.57737			4
2026.01.13	00:33:47.168	0.57691				2
2026.01.13	00:33:48.484		0.57738			4
2026.01.13	00:33:48.879	0.57693				2
2026.01.13	00:33:57.682	0.57694				2
2026.01.13	00:34:02.037	0.57693				2
2026.01.13	00:34:04.462		0.57737			4
2026.01.13	00:34:08.436		0.57738			4
2026.01.13	00:34:11.559	0.57694				2
2026.01.13	00:34:18.581		0.57737			4
2026.01.13	00:34:20.689	0.57693				2
2026.01.13	00:34:31.130	0.57691	0.57735			6
2026.01.13	00:34:31.703	0.57689				2
2026.01.13	00:34:32.023	0.57688				2
2026.01.13	00:34:32.339	0.57689				2
2026.01.13	00:34:32.665	0.57688				2
2026.01.13	00:34:32.984	0.57689				2
2026.01.13	00:34:33.309	0.57688				2
2026.01.13	00:34:35.588		0.57734			4
2026.01.13	00:34:37.881		0.57736			4
2026.01.13	00:34:38.532	0.57691				2
2026.01.13	00:34:45.713	0.57690				2
2026.01.13	00:34:46.042	0.57691	0.57737			6
2026.01.13	00:34:52.585		0.57736			4
2026.01.13	00:34:54.156	0.57692	0.57738			6
2026.01.13	00:34:55.048	0.57694				2
2026.01.13	00:35:00.927	0.57694				2
2026.01.13	00:35:05.337		0.57735			4
2026.01.13	00:35:05.643	0.57691				2
2026.01.13	00:35:05.995	0.57692				2
2026.01.13	00:35:08.481	0.57689	0.57733			6
2026.01.13	00:35:15.743		0.57734			4
2026.01.13	00:35:16.076	0.57691	0.57735			6
2026.01.13	00:35:21.089	0.57692				2
2026.01.13	00:35:24.261		0.57734			4
2026.01.13	00:35:26.443	0.57691	0.57733			6
2026.01.13	00:35:35.589		0.57732			4
2026.01.13	00:35:37.273	0.57689	0.57733			6
2026.01.13	00:35:42.234	0.57691	0.57734			6
2026.01.13	00:35:42.626	0.57692				2
2026.01.13	00:35:45.875	0.57691				2
2026.01.13	00:35:46.243	0.57692				2
2026.01.13	00:35:50.378	0.57691	0.57735			6
2026.01.13	00:36:00.409	0.57691				2
2026.01.13	00:36:13.461		0.57734			4
2026.01.13	00:36:27.272		0.57735			4
2026.01.13	00:36:28.195	0.57692				2
2026.01.13	00:36:29.761	0.57691	0.57733			6
2026.01.13	00:36:37.271	0.57690				2
2026.01.13	00:36:38.489	0.57691				2
2026.01.13	00:36:45.237		0.57734			4
2026.01.13	00:36:49.588	0.57690				2
2026.01.13	00:36:51.260		0.57732			4
2026.01.13	00:37:00.646	0.57690				2
2026.01.13	00:37:01.035	0.57688				2
2026.01.13	00:37:03.489	0.57689				2
2026.01.13	00:37:04.137	0.57690	0.57731			6
2026.01.13	00:37:04.496	0.57689	0.57730			6
2026.01.13	00:37:07.032	0.57687	0.57729			6
2026.01.13	00:37:12.161	0.57684	0.57727			6
2026.01.13	00:37:21.719		0.57725			4
2026.01.13	00:37:34.848	0.57683				2
2026.01.13	00:37:35.989		0.57732			4
2026.01.13	00:37:37.312	0.57686				2
2026.01.13	00:37:37.615	0.57685				2
2026.01.13	00:37:37.945	0.57687				2
2026.01.13	00:37:45.739	0.57684	0.57731			6
2026.01.13	00:37:53.386	0.57688	0.57728			6
2026.01.13	00:37:56.562		0.57729			4
2026.01.13	00:37:57.193		0.57731			4
2026.01.13	00:38:07.497	0.57688				2
2026.01.13	00:38:07.865		0.57729			4
2026.01.13	00:38:08.507	0.57689				2
2026.01.13	00:38:12.192		0.57731			4
2026.01.13	00:38:21.726		0.57730			4
2026.01.13	00:38:22.539		0.57731			4
2026.01.13	00:38:34.372	0.57684	0.57726			6
2026.01.13	00:38:34.724		0.57725			4
2026.01.13	00:38:38.921	0.57685	0.57727			6
2026.01.13	00:38:39.738	0.57686	0.57728			6
2026.01.13	00:38:44.513	0.57699	0.57732			6
2026.01.13	00:38:48.928	0.57694				2
2026.01.13	00:38:53.305	0.57702				2
2026.01.13	00:38:57.132	0.57695				2
2026.01.13	00:38:58.713	0.57694				2
2026.01.13	00:39:00.352	0.57694				2
2026.01.13	00:39:00.813	0.57699				2
2026.01.13	00:39:05.683		0.57739			4
2026.01.13	00:39:15.280	0.57687	0.57731			6
2026.01.13	00:39:15.594	0.57689	0.57730			6
2026.01.13	00:39:23.530	0.57687				2
2026.01.13	00:39:28.361	0.57689				2
2026.01.13	00:39:29.039	0.57690				2
2026.01.13	00:39:31.575	0.57688				2
2026.01.13	00:39:31.952	0.57684				2
2026.01.13	00:39:32.663	0.57690	0.57731			6
2026.01.13	00:39:33.842	0.57685				2
2026.01.13	00:39:34.168	0.57686				2
2026.01.13	00:39:41.746	0.57687				2
2026.01.13	00:39:42.062	0.57690				2
2026.01.13	00:39:44.925	0.57691				2
2026.01.13	00:39:45.839	0.57690				2
2026.01.13	00:39:54.295	0.57686				2
2026.01.13	00:39:54.947	0.57685				2
2026.01.13	00:39:56.021	0.57686				2
2026.01.13	00:39:56.491	0.57685				2
2026.01.13	00:39:59.276	0.57684				2
2026.01.13	00:40:00.335	0.57684				2
2026.01.13	00:40:13.634	0.57690	0.57732			6
2026.01.13	00:40:14.632	0.57685				2
2026.01.13	00:40:18.773	0.57684				2
2026.01.13	00:40:20.038	0.57685				2
2026.01.13	00:40:23.009	0.57684				2
2026.01.13	00:40:23.343	0.57689				2
2026.01.13	00:40:26.024	0.57685				2
2026.01.13	00:40:26.355	0.57684				2
2026.01.13	00:40:27.273	0.57686				2
2026.01.13	00:40:29.037	0.57685				2
2026.01.13	00:40:33.944	0.57684				2
2026.01.13	00:41:00.410	0.57684				2
2026.01.13	00:41:03.260		0.57733			4
2026.01.13	00:41:06.262		0.57732			4
2026.01.13	00:41:12.104		0.57733			4
2026.01.13	00:41:25.087		0.57734			4
2026.01.13	00:41:32.099	0.57685				2
2026.01.13	00:41:32.958	0.57686	0.57735			6
2026.01.13	00:41:38.036	0.57684				2
2026.01.13	00:41:39.261		0.57734			4
2026.01.13	00:41:43.340	0.57685	0.57735			6
2026.01.13	00:41:48.678	0.57686				2
2026.01.13	00:41:58.491		0.57734			4
2026.01.13	00:42:03.865	0.57686	0.57735			6
2026.01.13	00:42:31.473	0.57687				2
2026.01.13	00:42:37.846		0.57734			4
2026.01.13	00:42:41.471	0.57685				2
2026.01.13	00:42:49.032		0.57735			4
2026.01.13	00:42:49.575	0.57686				2
2026.01.13	00:42:55.737	0.57687				2
2026.01.13	00:43:00.665	0.57687				2
2026.01.13	00:43:02.084	0.57686				2
2026.01.13	00:43:09.862		0.57736			4
2026.01.13	00:43:19.462		0.57735			4
2026.01.13	00:43:21.346	0.57687				2
2026.01.13	00:43:32.599	0.57686				2
2026.01.13	00:43:33.892		0.57736			4
2026.01.13	00:43:35.832	0.57685				2
2026.01.13	00:43:37.180		0.57735			4
2026.01.13	00:43:42.170	0.57686				2
2026.01.13	00:43:53.661	0.57687	0.57737			6
2026.01.13	00:43:54.115	0.57688				2
2026.01.13	00:43:55.276	0.57687				2
2026.01.13	00:43:56.026	0.57688				2
2026.01.13	00:43:56.352	0.57687				2
2026.01.13	00:44:00.298	0.57687				2
2026.01.13	00:44:18.484		0.57736			4
2026.01.13	00:44:19.199	0.57689				2
2026.01.13	00:44:19.520	0.57688				2
2026.01.13	00:44:20.129	0.57687				2
2026.01.13	00:44:20.460	0.57688				2
2026.01.13	00:44:24.235		0.57737			4
2026.01.13	00:44:28.489		0.57738			4
2026.01.13	00:44:29.638	0.57687				2
2026.01.13	00:44:31.103		0.57737			4
2026.01.13	00:44:33.670		0.57736			4
2026.01.13	00:44:36.560		0.57731			4
2026.01.13	00:44:37.030	0.57699	0.57737			6
2026.01.13	00:44:37.552	0.57687	0.57731			6
2026.01.13	00:44:37.863	0.57699	0.57737			6
2026.01.13	00:44:38.790	0.57687	0.57731			6
2026.01.13	00:44:39.839	0.57699	0.57737			6
2026.01.13	00:44:40.183	0.57687	0.57731			6
2026.01.13	00:44:40.709	0.57699	0.57738			6
2026.01.13	00:44:41.104	0.57687				2
2026.01.13	00:44:41.623		0.57737			4
2026.01.13	00:44:44.660		0.57738			4
2026.01.13	00:44:55.131		0.57737			4
2026.01.13	00:44:57.664		0.57739			4
2026.01.13	00:44:58.459	0.57689				2
2026.01.13	00:44:58.901	0.57688				2
2026.01.13	00:45:00.101	0.57688				2
2026.01.13	00:45:01.465		0.57738			4
2026.01.13	00:45:03.238		0.57743			4
2026.01.13	00:45:05.125		0.57742			4
2026.01.13	00:45:06.687		0.57739			4
2026.01.13	00:45:08.707		0.57738			4
2026.01.13	00:45:13.243	0.57699	0.57724			6
2026.01.13	00:45:15.060		0.57725			4
2026.01.13	00:45:15.547		0.57723			4
2026.01.13	00:45:18.744		0.57724			4
2026.01.13	00:45:29.127		0.57725			4
2026.01.13	00:45:35.660		0.57724			4
2026.01.13	00:45:44.659		0.57725			4
2026.01.13	00:45:50.412		0.57724			4
2026.01.13	00:45:54.261		0.57725			4
2026.01.13	00:46:00.234	0.57699				2
2026.01.13	00:46:01.581		0.57724			4
2026.01.13	00:46:05.100		0.57725			4
2026.01.13	00:46:07.435		0.57724			4
2026.01.13	00:46:08.576		0.57726			4
2026.01.13	00:46:13.276		0.57725			4
2026.01.13	00:46:20.335		0.57726			4
2026.01.13	00:46:25.183		0.57725			4
2026.01.13	00:46:28.903		0.57726			4
2026.01.13	00:46:34.462		0.57725			4
2026.01.13	00:46:48.493		0.57726			4
2026.01.13	00:46:51.311		0.57725			4
2026.01.13	00:47:00.411	0.57699				2
2026.01.13	00:47:01.000		0.57724			4
2026.01.13	00:47:02.960	0.57697	0.57730			6
2026.01.13	00:47:06.126		0.57731			4
2026.01.13	00:47:06.779		0.57725			4
2026.01.13	00:47:13.795		0.57726			4
2026.01.13	00:47:15.196		0.57725			4
2026.01.13	00:47:16.663		0.57726			4
2026.01.13	00:47:18.967		0.57725			4
2026.01.13	00:47:27.844		0.57724			4
2026.01.13	00:47:30.334		0.57725			4
2026.01.13	00:47:47.915		0.57730			4
2026.01.13	00:47:48.845		0.57725			4
2026.01.13	00:47:55.860		0.57724			4
2026.01.13	00:48:00.412	0.57697				2
2026.01.13	00:48:01.809		0.57725			4
2026.01.13	00:48:20.328		0.57724			4
2026.01.13	00:49:00.262	0.57697				2
2026.01.13	00:49:19.579	0.57696	0.57722			6
2026.01.13	00:49:25.050		0.57721			4
2026.01.13	00:49:29.108		0.57720			4
2026.01.13	00:49:32.726	0.57695	0.57717			6
2026.01.13	00:49:38.904		0.57716			4
2026.01.13	00:49:39.908		0.57717			4
2026.01.13	00:50:01.162	0.57695				2
2026.01.13	00:50:19.987		0.57719			4
2026.01.13	00:50:31.460		0.57718			4
2026.01.13	00:50:31.923	0.57696	0.57720			6
2026.01.13	00:50:35.506		0.57721			4
2026.01.13	00:50:41.093		0.57720			4
2026.01.13	00:50:41.609		0.57719			4
2026.01.13	00:50:43.821		0.57720			4
2026.01.13	00:50:46.504	0.57697				2
2026.01.13	00:50:51.529		0.57719			4
2026.01.13	00:50:54.814		0.57720			4
2026.01.13	00:50:56.039		0.57722			4
2026.01.13	00:51:00.297	0.57697				2
2026.01.13	00:51:09.729	0.57699				2
2026.01.13	00:51:14.732		0.57723			4
2026.01.13	00:51:34.107		0.57722			4
2026.01.13	00:51:45.405		0.57723			4
2026.01.13	00:51:58.461		0.57722			4
2026.01.13	00:52:00.070	0.57699				2
2026.01.13	00:52:46.917		0.57723			4
2026.01.13	00:53:09.758	0.57699				2
2026.01.13	00:53:47.089		0.57723			4
2026.01.13	00:54:00.254	0.57699				2
2026.01.13	00:54:01.208		0.57722			4
2026.01.13	00:54:22.417		0.57723			4
2026.01.13	00:54:30.487	0.57707	0.57733			6
2026.01.13	00:54:30.812	0.57708				2
2026.01.13	00:54:35.631	0.57711	0.57729			6
2026.01.13	00:54:35.980	0.57710	0.57731			6
2026.01.13	00:54:36.304		0.57730			4
2026.01.13	00:54:40.170	0.57711				2
2026.01.13	00:54:43.131	0.57710				2
2026.01.13	00:54:43.926	0.57711				2
2026.01.13	00:54:48.599	0.57710				2
2026.01.13	00:54:50.589		0.57731			4
2026.01.13	00:54:52.198	0.57709				2
2026.01.13	00:54:52.905	0.57710	0.57730			6
2026.01.13	00:54:55.143		0.57731			4
2026.01.13	00:54:56.060	0.57711	0.57730			6
2026.01.13	00:55:00.412	0.57711				2
2026.01.13	00:55:04.002	0.57699	0.57731			6
2026.01.13	00:55:08.481		0.57732			4
2026.01.13	00:55:11.341		0.57731			4
2026.01.13	00:55:12.999		0.57732			4
2026.01.13	00:55:16.560		0.57731			4
2026.01.13	00:55:18.166		0.57732			4
2026.01.13	00:55:20.388		0.57731			4
2026.01.13	00:55:22.032		0.57730			4
2026.01.13	00:55:22.334		0.57731			4
2026.01.13	00:55:24.339		0.57732			4
2026.01.13	00:55:31.912		0.57731			4
2026.01.13	00:55:35.473		0.57732			4
2026.01.13	00:55:36.777		0.57731			4
2026.01.13	00:55:50.332		0.57732			4
2026.01.13	00:55:51.938	0.57709				2
2026.01.13	00:55:55.383	0.57708	0.57733			6
2026.01.13	00:55:59.558		0.57732			4
2026.01.13	00:56:01.454	0.57708	0.57733			6
2026.01.13	00:56:02.725	0.57709	0.57732			6
2026.01.13	00:56:03.102	0.57708				2
2026.01.13	00:56:05.607	0.57709				2
2026.01.13	00:56:08.387	0.57708				2
2026.01.13	00:56:10.905	0.57706	0.57735			6
2026.01.13	00:56:11.663		0.57734			4
2026.01.13	00:56:12.059	0.57708	0.57733			6
2026.01.13	00:56:14.781	0.57707	0.57734			6
2026.01.13	00:56:15.265		0.57733			4
2026.01.13	00:56:17.661	0.57708				2
2026.01.13	00:56:19.609	0.57707				2
2026.01.13	00:56:27.055	0.57708				2
2026.01.13	00:56:32.060	0.57707				2
2026.01.13	00:56:35.325		0.57734			4
2026.01.13	00:56:36.368		0.57733			4
2026.01.13	00:56:37.153	0.57708	0.57732			6
2026.01.13	00:56:37.454		0.57733			4
2026.01.13	00:56:38.061	0.57707				2
2026.01.13	00:56:42.738		0.57734			4
2026.01.13	00:56:53.474	0.57706				2
2026.01.13	00:56:53.936	0.57707				2
2026.01.13	00:56:54.650	0.57706				2
2026.01.13	00:57:00.113	0.57707				2
2026.01.13	00:57:02.986	0.57706	0.57735			6
2026.01.13	00:57:07.699	0.57707	0.57734			6
2026.01.13	00:57:14.175	0.57708	0.57733			6
2026.01.13	00:57:15.525	0.57707	0.57734			6
2026.01.13	00:57:30.632	0.57706				2
2026.01.13	00:57:32.080	0.57707	0.57733			6
2026.01.13	00:57:33.829	0.57708				2
2026.01.13	00:57:34.914	0.57707	0.57734			6
2026.01.13	00:57:35.559	0.57708	0.57733			6
2026.01.13	00:57:59.361	0.57707				2
2026.01.13	00:58:01.023	0.57707				2
2026.01.13	00:58:02.359	0.57708				2
2026.01.13	00:58:05.361	0.57707				2
2026.01.13	00:58:10.978		0.57734			4
2026.01.13	00:58:18.403		0.57733			4
2026.01.13	00:58:21.263		0.57734			4
2026.01.13	00:58:22.528		0.57733			4
2026.01.13	00:58:23.195		0.57734			4
2026.01.13	00:58:26.062	0.57708	0.57733			6
2026.01.13	00:58:31.103	0.57707	0.57734			6
2026.01.13	00:58:32.538	0.57708	0.57733			6
2026.01.13	00:58:37.202	0.57698				2
2026.01.13	00:58:41.760		0.57732			4
2026.01.13	00:58:45.923		0.57733			4
2026.01.13	00:58:46.229		0.57732			4
2026.01.13	00:58:49.742		0.57731			4
2026.01.13	00:58:50.380		0.57732			4
2026.01.13	00:59:00.275	0.57698				2
2026.01.13	00:59:02.185		0.57733			4
2026.01.13	00:59:02.494		0.57732			4
2026.01.13	00:59:03.443		0.57733			4
2026.01.13	00:59:06.699		0.57732			4
2026.01.13	00:59:19.496		0.57733			4
2026.01.13	00:59:22.408		0.57732			4
2026.01.13	00:59:22.757		0.57733			4
2026.01.13	00:59:23.060		0.57732			4
2026.01.13	00:59:25.922		0.57733			4
2026.01.13	00:59:26.572		0.57732			4
2026.01.13	00:59:26.885		0.57733			4
2026.01.13	00:59:31.738		0.57732			4
2026.01.13	00:59:36.207		0.57733			4
2026.01.13	00:59:41.726		0.57732			4
2026.01.13	00:59:46.242		0.57733			4
2026.01.13	00:59:49.457		0.57732			4
2026.01.13	00:59:52.017		0.57733			4
2026.01.13	00:59:57.792	0.57699				2
2026.01.13	01:00:00.278	0.57699	0.57732			6
2026.01.13	01:00:00.646	0.57700	0.57733			6
2026.01.13	01:00:00.951	0.57711				2
2026.01.13	01:00:01.559	0.57705	0.57732			6
2026.01.13	01:00:01.903	0.57709				2
2026.01.13	01:00:02.222	0.57711	0.57737			6
2026.01.13	01:00:03.500	0.57709	0.57741			6
2026.01.13	01:00:04.109	0.57710				2
2026.01.13	01:00:04.412	0.57709				2
2026.01.13	01:00:06.617	0.57710				2
2026.01.13	01:00:07.230		0.57737			4
2026.01.13	01:00:10.377	0.57711				2
2026.01.13	01:00:11.934	0.57710				2
2026.01.13	01:00:12.287	0.57711				2
2026.01.13	01:00:12.591	0.57710				2
2026.01.13	01:00:13.087	0.57711	0.57736			6
2026.01.13	01:00:16.364	0.57710	0.57734			6
2026.01.13	01:00:17.908	0.57711				2
2026.01.13	01:00:18.225	0.57710				2
2026.01.13	01:00:18.528		0.57733			4
2026.01.13	01:00:20.715	0.57711				2
2026.01.13	01:00:23.826		0.57734			4
2026.01.13	01:00:26.305	0.57710				2
2026.01.13	01:00:28.161	0.57709				2
2026.01.13	01:00:28.793	0.57710				2
2026.01.13	01:00:29.095	0.57709				2
2026.01.13	01:00:29.748	0.57710				2
2026.01.13	01:00:30.051	0.57711	0.57735			6
2026.01.13	01:00:30.437		0.57736			4
2026.01.13	01:00:31.071	0.57710				2
2026.01.13	01:00:31.403	0.57711				2
2026.01.13	01:00:32.330	0.57710	0.57737			6
2026.01.13	01:00:32.655		0.57735			4
2026.01.13	01:00:38.610	0.57711				2
2026.01.13	01:00:39.559	0.57710				2
2026.01.13	01:00:42.195	0.57711				2
2026.01.13	01:00:45.750	0.57712	0.57736			6
2026.01.13	01:00:47.011		0.57735			4
2026.01.13	01:00:47.360	0.57713				2
2026.01.13	01:00:51.220		0.57736			4
2026.01.13	01:00:51.521	0.57712	0.57735			6
2026.01.13	01:00:51.872	0.57713				2
2026.01.13	01:00:52.175	0.57712				2
2026.01.13	01:00:59.352	0.57713				2
2026.01.13	01:01:00.306	0.57712				2
2026.01.13	01:01:00.609	0.57713				2
2026.01.13	01:01:00.957	0.57712				2
2026.01.13	01:01:01.609	0.57714	0.57738			6
2026.01.13	01:01:03.311	0.57713	0.57734			6
2026.01.13	01:01:03.613	0.57714				2
2026.01.13	01:01:04.265	0.57712				2
2026.01.13	01:01:09.478		0.57733			4
2026.01.13	01:01:10.139		0.57734			4
2026.01.13	01:01:11.025	0.57715	0.57738			6
2026.01.13	01:01:13.616		0.57737			4
2026.01.13	01:01:19.720	0.57714	0.57738			6
2026.01.13	01:01:23.898	0.57711				2
2026.01.13	01:01:27.426	0.57710	0.57737			6
2026.01.13	01:01:27.729	0.57711				2
2026.01.13	01:01:29.970	0.57710	0.57738			6
2026.01.13	01:01:30.944	0.57711	0.57736			6
2026.01.13	01:01:31.293	0.57712				2
2026.01.13	01:01:32.247	0.57713				2
2026.01.13	01:01:32.550		0.57737			4
2026.01.13	01:01:32.858	0.57712	0.57738			6
2026.01.13	01:01:35.427	0.57713	0.57739			6
2026.01.13	01:01:36.109	0.57712				2
2026.01.13	01:01:40.296	0.57716	0.57737			6
2026.01.13	01:01:40.692	0.57729	0.57733			6
2026.01.13	01:01:41.955	0.57716	0.57738			6
2026.01.13	01:01:42.457	0.57715	0.57737			6
2026.01.13	01:01:47.329	0.57716				2
2026.01.13	01:01:53.980	0.57717				2
2026.01.13	01:01:56.314	0.57715	0.57735			6
2026.01.13	01:02:00.333	0.57715				2
2026.01.13	01:02:24.939	0.57716	0.57736			6
2026.01.13	01:02:28.738		0.57735			4
2026.01.13	01:02:29.858		0.57734			4
2026.01.13	01:02:32.382		0.57733			4
2026.01.13	01:02:34.876	0.57714	0.57732			6
2026.01.13	01:02:50.905		0.57733			4
2026.01.13	01:02:54.963	0.57713	0.57732			6
2026.01.13	01:03:03.785	0.57715				2
2026.01.13	01:03:04.445	0.57716	0.57733			6
2026.01.13	01:03:12.289		0.57732			4
2026.01.13	01:03:26.450	0.57713				2
2026.01.13	01:03:31.475	0.57722	0.57724			6
2026.01.13	01:03:43.972	0.57713	0.57732			6
2026.01.13	01:03:46.800	0.57714				2
2026.01.13	01:04:01.161	0.57713				2
2026.01.13	01:04:03.876	0.57714	0.57733			6
2026.01.13	01:04:05.980		0.57721			4
2026.01.13	01:04:07.033	0.57721	0.57733			6
2026.01.13	01:04:07.605	0.57714	0.57721			6
2026.01.13	01:04:08.462	0.57721	0.57733			6
2026.01.13	01:04:08.791	0.57714	0.57721			6
2026.01.13	01:04:09.130	0.57721	0.57733			6
2026.01.13	01:04:09.525	0.57714	0.57721			6
2026.01.13	01:04:09.908		0.57733			4
2026.01.13	01:04:12.342	0.57715	0.57732			6
2026.01.13	01:04:14.752	0.57712	0.57735			6
2026.01.13	01:04:18.296	0.57715	0.57732			6
2026.01.13	01:04:38.167	0.57712	0.57735			6
2026.01.13	01:04:41.682	0.57715	0.57732			6
2026.01.13	01:04:50.769	0.57721	0.57724			6
2026.01.13	01:04:54.181	0.57714	0.57731			6
2026.01.13	01:05:00.503	0.57714				2
2026.01.13	01:05:05.172	0.57723	0.57727			6
2026.01.13	01:05:10.143	0.57722	0.57726			6
2026.01.13	01:05:14.181	0.57723				2
2026.01.13	01:05:15.112	0.57722	0.57725			6
2026.01.13	01:05:16.365	0.57723	0.57726			6
2026.01.13	01:05:17.289	0.57722				2
2026.01.13	01:05:19.177	0.57723				2
2026.01.13	01:05:27.272	0.57722	0.57725			6
2026.01.13	01:05:28.832	0.57723	0.57726			6
2026.01.13	01:05:29.157	0.57722				2
2026.01.13	01:05:29.459	0.57723	0.57727			6
2026.01.13	01:05:31.332		0.57726			4
2026.01.13	01:05:34.796	0.57719	0.57722			6
2026.01.13	01:05:35.425		0.57723			4
2026.01.13	01:05:38.842	0.57718	0.57722			6
2026.01.13	01:05:42.625	0.57719	0.57723			6
2026.01.13	01:05:48.246	0.57720				2
2026.01.13	01:05:48.548	0.57719	0.57722			6
2026.01.13	01:05:53.845	0.57720	0.57723			6
2026.01.13	01:05:54.147		0.57724			4
2026.01.13	01:05:55.373	0.57719	0.57723			6
2026.01.13	01:05:57.257	0.57720				2
2026.01.13	01:06:00.042	0.57720				2
2026.01.13	01:06:00.370	0.57719	0.57722			6
2026.01.13	01:06:05.340	0.57720				2
2026.01.13	01:06:06.263		0.57723			4
2026.01.13	01:06:08.124		0.57722			4
2026.01.13	01:06:28.375	0.57721				2
2026.01.13	01:06:33.047	0.57719	0.57720			6
2026.01.13	01:06:34.297	0.57717	0.57721			6
2026.01.13	01:06:40.189	0.57718				2
2026.01.13	01:06:46.110		0.57720			4
2026.01.13	01:06:52.011	0.57719	0.57721			6
2026.01.13	01:06:56.979	0.57718	0.57720			6
2026.01.13	01:07:00.090	0.57718				2
2026.01.13	01:07:11.330	0.57719				2
2026.01.13	01:07:11.953	0.57718	0.57719			6
2026.01.13	01:07:13.190		0.57720			4
2026.01.13	01:07:23.142		0.57721			4
2026.01.13	01:07:24.380	0.57717	0.57720			6
2026.01.13	01:07:25.329	0.57718				2
2026.01.13	01:07:26.252		0.57721			4
2026.01.13	01:07:29.968	0.57717	0.57720			6
2026.01.13	01:07:37.125	0.57718				2
2026.01.13	01:07:58.268		0.57721			4
2026.01.13	01:08:00.208	0.57718				2
2026.01.13	01:08:00.509	0.57717	0.57720			6
2026.01.13	01:08:05.024	0.57718	0.57721			6
2026.01.13	01:08:16.267		0.57720			4
2026.01.13	01:08:18.124	0.57717				2
2026.01.13	01:08:20.077	0.57718	0.57721			6
2026.01.13	01:08:21.334	0.57717				2
2026.01.13	01:08:22.288	0.57718				2
2026.01.13	01:08:32.269		0.57720			4
2026.01.13	01:08:57.485	0.57719	0.57721			6
2026.01.13	01:08:58.115	0.57718				2
2026.01.13	01:09:00.118	0.57718				2
2026.01.13	01:09:00.726	0.57719	0.57722			6
2026.01.13	01:09:02.331		0.57723			4
2026.01.13	01:09:05.544	0.57718	0.57722			6
2026.01.13	01:09:07.800	0.57721	0.57725			6
2026.01.13	01:09:09.756	0.57717	0.57721			6
2026.01.13	01:09:21.351	0.57718				2
2026.01.13	01:09:29.182		0.57720			4
2026.01.13	01:09:31.663	0.57720	0.57722			6
2026.01.13	01:09:32.294	0.57719	0.57723			6
2026.01.13	01:09:32.899	0.57720	0.57724			6
2026.01.13	01:09:35.157		0.57723			4
2026.01.13	01:09:37.716	0.57719	0.57722			6
2026.01.13	01:09:38.032	0.57722	0.57725			6
2026.01.13	01:09:38.369	0.57721				2
2026.01.13	01:09:45.242		0.57724			4
2026.01.13	01:09:53.274	0.57722				2
2026.01.13	01:10:00.100	0.57722				2
2026.01.13	01:10:00.727	0.57720	0.57722			6
2026.01.13	01:10:01.376	0.57719				2
2026.01.13	01:10:02.008	0.57718				2
2026.01.13	01:10:06.369		0.57721			4
2026.01.13	01:10:08.983	0.57719	0.57722			6
2026.01.13	01:10:17.260		0.57721			4
2026.01.13	01:10:26.303	0.57718	0.57720			6
2026.01.13	01:10:26.926	0.57719	0.57721			6
2026.01.13	01:10:30.070	0.57718	0.57720			6
2026.01.13	01:10:32.879	0.57719	0.57721			6
2026.01.13	01:10:40.331	0.57718				2
2026.01.13	01:10:41.311	0.57719				2
2026.01.13	01:10:41.613	0.57718	0.57720			6
2026.01.13	01:10:42.234		0.57721			4
2026.01.13	01:10:43.221		0.57720			4
2026.01.13	01:10:44.147	0.57717				2
2026.01.13	01:10:45.428	0.57718				2
2026.01.13	01:10:48.211		0.57721			4
2026.01.13	01:10:50.145		0.57720			4
2026.01.13	01:10:53.911	0.57719	0.57721			6
2026.01.13	01:10:54.532	0.57717	0.57719			6
2026.01.13	01:10:54.834	0.57719	0.57721			6
2026.01.13	01:11:00.150	0.57719				2
2026.01.13	01:11:01.404	0.57720	0.57722			6
2026.01.13	01:11:02.357	0.57719				2
2026.01.13	01:11:08.161	0.57720				2
2026.01.13	01:11:17.215	0.57717	0.57719			6
2026.01.13	01:11:18.150	0.57716	0.57720			6
2026.01.13	01:11:28.235	0.57717				2
2026.01.13	01:11:31.799	0.57715	0.57718			6
2026.01.13	01:11:32.148		0.57719			4
2026.01.13	01:11:35.359		0.57718			4
2026.01.13	01:11:36.616	0.57716	0.57719			6
2026.01.13	01:11:37.268	0.57715	0.57718			6
2026.01.13	01:11:37.617	0.57713	0.57716			6
2026.01.13	01:11:38.268	0.57712				2
2026.01.13	01:11:40.274	0.57713	0.57717			6
2026.01.13	01:11:40.624	0.57712	0.57716			6
2026.01.13	01:11:46.155	0.57713				2
2026.01.13	01:11:50.209		0.57715			4
2026.01.13	01:11:50.513	0.57714	0.57716			6
2026.01.13	01:11:59.617	0.57713	0.57715			6
2026.01.13	01:12:00.263	0.57713				2
2026.01.13	01:12:01.864	0.57714	0.57716			6
2026.01.13	01:12:03.147	0.57713	0.57715			6
2026.01.13	01:12:03.754	0.57714	0.57716			6
2026.01.13	01:12:04.376	0.57713				2
2026.01.13	01:12:05.360	0.57714				2
2026.01.13	01:12:09.135		0.57715			4
2026.01.13	01:12:15.142		0.57716			4
2026.01.13	01:12:22.411		0.57715			4
2026.01.13	01:12:23.381		0.57716			4
2026.01.13	01:12:26.192	0.57713				2
2026.01.13	01:12:27.221	0.57714				2
2026.01.13	01:12:32.306		0.57715			4
2026.01.13	01:12:50.607	0.57715	0.57716			6
2026.01.13	01:12:52.164	0.57714				2
2026.01.13	01:12:58.869	0.57715	0.57717			6
2026.01.13	01:13:00.172	0.57715				2
2026.01.13	01:13:00.475	0.57714	0.57716			6
2026.01.13	01:13:02.382		0.57717			4
2026.01.13	01:13:03.686	0.57713	0.57716			6
2026.01.13	01:13:06.898	0.57714	0.57717			6
2026.01.13	01:13:08.805	0.57713	0.57716			6
2026.01.13	01:13:16.131	0.57714				2
2026.01.13	01:13:24.253		0.57717			4
2026.01.13	01:13:26.211	0.57713	0.57716			6
2026.01.13	01:13:26.512	0.57714	0.57717			6
2026.01.13	01:13:28.169		0.57716			4
2026.01.13	01:13:30.126	0.57713				2
2026.01.13	01:13:36.293	0.57714				2
2026.01.13	01:13:43.424		0.57717			4
2026.01.13	01:13:46.638	0.57713	0.57716			6
2026.01.13	01:13:49.896	0.57714	0.57717			6
2026.01.13	01:14:00.188	0.57714				2
2026.01.13	01:14:01.185		0.57716			4
2026.01.13	01:14:06.204	0.57715	0.57717			6
2026.01.13	01:14:07.128	0.57714				2
2026.01.13	01:14:11.673	0.57715	0.57718			6
2026.01.13	01:14:11.976	0.57714	0.57717			6
2026.01.13	01:14:13.278		0.57718			4
2026.01.13	01:14:16.142		0.57717			4
2026.01.13	01:14:24.819	0.57715	0.57718			6
2026.01.13	01:14:25.122	0.57714				2
2026.01.13	01:14:30.941	0.57715	0.57719			6
2026.01.13	01:14:31.244		0.57718			4
2026.01.13	01:14:31.894	0.57716	0.57719			6
2026.01.13	01:14:32.197	0.57715				2
2026.01.13	01:14:33.550	0.57714	0.57718			6
2026.01.13	01:14:35.807	0.57715	0.57719			6
2026.01.13	01:14:39.669	0.57717	0.57721			6
2026.01.13	01:14:43.488	0.57715	0.57719			6
2026.01.13	01:14:44.190	0.57714	0.57718			6
2026.01.13	01:14:44.839	0.57715	0.57719			6
2026.01.13	01:14:45.190	0.57714	0.57718			6
2026.01.13	01:14:52.216	0.57715				2
2026.01.13	01:14:53.172		0.57719			4
2026.01.13	01:14:54.171		0.57718			4
2026.01.13	01:14:56.079	0.57716	0.57719			6
2026.01.13	01:14:57.382	0.57717	0.57720			6
2026.01.13	01:14:57.685	0.57716	0.57719			6
2026.01.13	01:15:00.244	0.57716				2
2026.01.13	01:15:03.455	0.57717	0.57720			6
2026.01.13	01:15:04.410	0.57716				2
2026.01.13	01:15:08.273	0.57717				2
2026.01.13	01:15:08.619	0.57716	0.57719			6
2026.01.13	01:15:09.228		0.57720			4
2026.01.13	01:15:10.225		0.57719			4
2026.01.13	01:15:10.833	0.57717	0.57720			6
2026.01.13	01:15:18.309	0.57718				2
2026.01.13	01:15:25.155		0.57719			4
2026.01.13	01:15:35.120	0.57719	0.57720			6
2026.01.13	01:15:36.349	0.57718				2
2026.01.13	01:15:43.203	0.57719				2
2026.01.13	01:15:53.463	0.57718	0.57719			6
2026.01.13	01:15:54.398	0.57717	0.57720			6
2026.01.13	01:15:55.353	0.57718				2
2026.01.13	01:16:00.039	0.57718				2
2026.01.13	01:16:01.277		0.57721			4
2026.01.13	01:16:03.836	0.57717	0.57720			6
2026.01.13	01:16:04.490	0.57718	0.57721			6
2026.01.13	01:16:05.139	0.57717				2
2026.01.13	01:16:07.394	0.57718				2
2026.01.13	01:16:16.379	0.57719				2
2026.01.13	01:16:29.146		0.57720			4
2026.01.13	01:16:40.366		0.57721			4
2026.01.13	01:16:41.320	0.57720	0.57722			6
2026.01.13	01:16:42.274	0.57719	0.57723			6
2026.01.13	01:16:46.140	0.57720	0.57724			6
2026.01.13	01:16:51.260		0.57723			4
2026.01.13	01:16:53.214	0.57719				2
2026.01.13	01:16:53.866	0.57721	0.57725			6
2026.01.13	01:16:58.032	0.57722	0.57726			6
2026.01.13	01:16:59.942	0.57723	0.57727			6
2026.01.13	01:17:00.289	0.57723				2
2026.01.13	01:17:04.457	0.57725	0.57729			6
2026.01.13	01:17:04.761	0.57726	0.57730			6
2026.01.13	01:17:06.114	0.57727	0.57731			6
2026.01.13	01:17:07.418	0.57726	0.57730			6
2026.01.13	01:17:07.720	0.57724	0.57728			6
2026.01.13	01:17:09.325	0.57725	0.57729			6
2026.01.13	01:17:09.629	0.57724	0.57728			6
2026.01.13	01:17:10.282	0.57725	0.57729			6
2026.01.13	01:17:11.235	0.57724	0.57728			6
2026.01.13	01:17:13.189	0.57725	0.57729			6
2026.01.13	01:17:16.400	0.57724	0.57728			6
2026.01.13	01:17:19.263	0.57725				2
2026.01.13	01:17:27.295		0.57727			4
2026.01.13	01:17:28.218	0.57724				2
2026.01.13	01:17:29.205	0.57725				2
2026.01.13	01:17:31.377		0.57728			4
2026.01.13	01:17:31.705	0.57724	0.57727			6
2026.01.13	01:17:34.313	0.57725				2
2026.01.13	01:17:36.171		0.57728			4
2026.01.13	01:17:37.173		0.57727			4
2026.01.13	01:17:50.240	0.57724				2
2026.01.13	01:17:50.573	0.57725	0.57728			6
2026.01.13	01:17:51.877		0.57726			4
2026.01.13	01:17:52.180	0.57722				2
2026.01.13	01:17:58.301		0.57725			4
2026.01.13	01:18:00.211	0.57722				2
2026.01.13	01:18:03.423	0.57723				2
2026.01.13	01:18:05.295		0.57726			4
2026.01.13	01:18:06.281		0.57725			4
2026.01.13	01:18:18.423	0.57724				2
2026.01.13	01:18:40.829	0.57723	0.57724			6
2026.01.13	01:18:42.415		0.57725			4
2026.01.13	01:18:48.289	0.57722	0.57724			6
2026.01.13	01:18:49.242	0.57721				2
2026.01.13	01:18:54.408	0.57722				2
2026.01.13	01:18:57.622	0.57721	0.57723			6
2026.01.13	01:18:59.188		0.57724			4
2026.01.13	01:19:00.183	0.57721				2
2026.01.13	01:19:00.814	0.57723	0.57725			6
2026.01.13	01:19:01.143	0.57722				2
2026.01.13	01:19:01.489	0.57723	0.57726			6
2026.01.13	01:19:02.095		0.57727			4
2026.01.13	01:19:02.743	0.57722	0.57726			6
2026.01.13	01:19:03.094	0.57723	0.57727			6
2026.01.13	01:19:07.056	0.57722	0.57726			6
2026.01.13	01:19:07.359	0.57723	0.57727			6
2026.01.13	01:19:08.314		0.57726			4
2026.01.13	01:19:13.181		0.57727			4
2026.01.13	01:19:14.134		0.57726			4
2026.01.13	01:19:18.003	0.57724	0.57727			6
2026.01.13	01:19:18.350	0.57725				2
2026.01.13	01:19:19.003	0.57724				2
2026.01.13	01:19:19.308	0.57723				2
2026.01.13	01:19:20.609	0.57724	0.57728			6
2026.01.13	01:19:22.565	0.57723	0.57727			6
2026.01.13	01:19:22.869	0.57724	0.57728			6
2026.01.13	01:19:25.726	0.57725				2
2026.01.13	01:19:27.634	0.57723	0.57727			6
2026.01.13	01:19:27.982	0.57724	0.57728			6
2026.01.13	01:19:28.285		0.57726			4
2026.01.13	01:19:29.240	0.57723				2
2026.01.13	01:19:40.178	0.57724				2
2026.01.13	01:19:42.342	0.57723	0.57725			6
2026.01.13	01:19:47.356	0.57722	0.57724			6
2026.01.13	01:19:48.279	0.57721	0.57725			6
2026.01.13	01:19:48.959	0.57722	0.57726			6
2026.01.13	01:19:49.264		0.57725			4
2026.01.13	01:19:50.218		0.57726			4
2026.01.13	01:19:51.173	0.57723				2
2026.01.13	01:19:51.824	0.57722	0.57725			6
2026.01.13	01:19:52.173		0.57726			4
2026.01.13	01:19:54.432		0.57725			4
2026.01.13	01:19:55.036	0.57723	0.57726			6
2026.01.13	01:19:59.200		0.57725			4
2026.01.13	01:20:00.149	0.57723				2
2026.01.13	01:20:03.259	0.57724				2
2026.01.13	01:20:04.183		0.57726			4
2026.01.13	01:20:04.486	0.57723	0.57725			6
2026.01.13	01:20:06.347		0.57726			4
2026.01.13	01:20:07.326		0.57725			4
2026.01.13	01:20:11.363		0.57724			4
2026.01.13	01:20:12.296		0.57725			4
2026.01.13	01:20:16.336		0.57724			4
2026.01.13	01:20:21.605	0.57722	0.57723			6
2026.01.13	01:20:21.934	0.57721	0.57722			6
2026.01.13	01:20:22.237	0.57720	0.57724			6
2026.01.13	01:20:22.584	0.57722	0.57725			6
2026.01.13	01:20:22.887		0.57726			4
2026.01.13	01:20:32.175	0.57721	0.57725			6
2026.01.13	01:20:33.159	0.57722	0.57726			6
2026.01.13	01:20:33.824	0.57721	0.57725			6
2026.01.13	01:20:36.387	0.57722				2
2026.01.13	01:20:37.992	0.57723	0.57726			6
2026.01.13	01:20:39.250	0.57722				2
2026.01.13	01:20:40.201	0.57723				2
2026.01.13	01:20:40.551	0.57722	0.57725			6
2026.01.13	01:20:44.420	0.57723				2
2026.01.13	01:20:50.343	0.57724				2
2026.01.13	01:20:51.265	0.57723				2
2026.01.13	01:20:57.190		0.57724			4
2026.01.13	01:20:59.679	0.57724	0.57725			6
2026.01.13	01:21:00.300	0.57725	0.57726			6
2026.01.13	01:21:00.605	0.57724	0.57725			6
2026.01.13	01:21:01.223	0.57725	0.57726			6
2026.01.13	01:21:02.223	0.57724	0.57725			6
2026.01.13	01:21:02.543	0.57725	0.57726			6
2026.01.13	01:21:03.593	0.57723				2
2026.01.13	01:21:04.855	0.57727	0.57728			6
2026.01.13	01:21:05.159	0.57729	0.57731			6
2026.01.13	01:21:05.506	0.57728				2
2026.01.13	01:21:08.716	0.57727				2
2026.01.13	01:21:09.037	0.57729	0.57733			6
2026.01.13	01:21:09.343	0.57725	0.57728			6
2026.01.13	01:21:12.232	0.57729	0.57732			6
2026.01.13	01:21:12.561	0.57731	0.57733			6
2026.01.13	01:21:12.884	0.57732	0.57735			6
2026.01.13	01:21:13.837	0.57734	0.57737			6
2026.01.13	01:21:14.448	0.57733	0.57736			6
2026.01.13	01:21:15.090	0.57732				2
2026.01.13	01:21:15.401	0.57730	0.57734			6
2026.01.13	01:21:15.704	0.57732				2
2026.01.13	01:21:22.154	0.57733				2
2026.01.13	01:21:22.819	0.57732				2
2026.01.13	01:21:24.424	0.57733				2
2026.01.13	01:21:26.637	0.57734	0.57736			6
2026.01.13	01:21:27.288	0.57735	0.57737			6
2026.01.13	01:21:27.939	0.57736	0.57738			6
2026.01.13	01:21:29.245	0.57737	0.57740			6
2026.01.13	01:21:29.548	0.57739				2
2026.01.13	01:21:29.851	0.57737				2
2026.01.13	01:21:30.502	0.57741	0.57742			6
2026.01.13	01:21:30.806	0.57740				2
2026.01.13	01:21:31.455	0.57739				2
2026.01.13	01:21:31.782	0.57740	0.57743			6
2026.01.13	01:21:32.092	0.57742				2
2026.01.13	01:21:32.399		0.57744			4
2026.01.13	01:21:32.708		0.57745			4
2026.01.13	01:21:33.011	0.57740	0.57743			6
2026.01.13	01:21:33.358	0.57741				2
2026.01.13	01:21:33.662	0.57743	0.57744			6
2026.01.13	01:21:33.989		0.57745			4
2026.01.13	01:21:34.618	0.57744				2
2026.01.13	01:21:35.572	0.57743				2
2026.01.13	01:21:40.437	0.57742	0.57743			6
2026.01.13	01:21:41.042	0.57741				2
2026.01.13	01:21:42.345	0.57742	0.57745			6
2026.01.13	01:21:42.647	0.57741	0.57744			6
2026.01.13	01:21:42.989		0.57743			4
2026.01.13	01:21:43.901	0.57739	0.57742			6
2026.01.13	01:21:46.194	0.57737	0.57740			6
2026.01.13	01:21:46.501		0.57739			4
2026.01.13	01:21:46.983	0.57738				2
2026.01.13	01:21:47.314		0.57740			4
2026.01.13	01:21:51.177	0.57737				2
2026.01.13	01:21:52.622	0.57736	0.57738			6
2026.01.13	01:21:53.568	0.57737	0.57740			6
2026.01.13	01:21:55.417		0.57739			4
2026.01.13	01:21:56.352		0.57740			4
2026.01.13	01:21:57.352	0.57736	0.57739			6
2026.01.13	01:21:57.755	0.57737				2
2026.01.13	01:21:58.056	0.57736				2
2026.01.13	01:21:58.901	0.57737				2
2026.01.13	01:22:00.418	0.57737				2
2026.01.13	01:22:01.813	0.57736	0.57738			6
2026.01.13	01:22:02.116	0.57735				2
2026.01.13	01:22:06.434	0.57736				2
2026.01.13	01:22:07.054	0.57737				2
2026.01.13	01:22:11.475	0.57738	0.57739			6
2026.01.13	01:22:13.359	0.57737				2
2026.01.13	01:22:14.585	0.57738				2
2026.01.13	01:22:14.888		0.57740			4
2026.01.13	01:22:15.841		0.57739			4
2026.01.13	01:22:16.449	0.57741	0.57742			6
2026.01.13	01:22:17.381	0.57740				2
2026.01.13	01:22:19.080	0.57738	0.57741			6
2026.01.13	01:22:19.384		0.57739			4
2026.01.13	01:22:20.339	0.57737				2
2026.01.13	01:22:29.670	0.57738				2
2026.01.13	01:22:32.455	0.57737				2
2026.01.13	01:22:34.010		0.57738			4
2026.01.13	01:22:34.641	0.57736				2
2026.01.13	01:22:38.978	0.57735	0.57737			6
2026.01.13	01:22:40.231		0.57738			4
2026.01.13	01:22:41.566	0.57736				2
2026.01.13	01:22:42.521	0.57737	0.57739			6
2026.01.13	01:22:47.444		0.57740			4
2026.01.13	01:22:49.353	0.57738				2
2026.01.13	01:22:58.354		0.57739			4
2026.01.13	01:23:00.238	0.57738				2
2026.01.13	01:23:00.542	0.57739	0.57740			6
2026.01.13	01:23:01.161	0.57738				2
2026.01.13	01:23:04.271	0.57739				2
2026.01.13	01:23:09.588	0.57738	0.57739			6
2026.01.13	01:23:10.194		0.57740			4
2026.01.13	01:23:17.397	0.57736	0.57738			6
2026.01.13	01:23:18.019	0.57738	0.57739			6
2026.01.13	01:23:19.271	0.57737				2
2026.01.13	01:23:20.256	0.57738				2
2026.01.13	01:23:26.454	0.57736	0.57738			6
2026.01.13	01:23:29.674	0.57737				2
2026.01.13	01:23:30.640	0.57735				2
2026.01.13	01:23:32.933	0.57736				2
2026.01.13	01:23:43.237	0.57737				2
2026.01.13	01:23:44.467	0.57736				2
2026.01.13	01:23:48.814	0.57739	0.57741			6
2026.01.13	01:23:49.132	0.57738	0.57742			6
2026.01.13	01:23:49.466	0.57739				2
2026.01.13	01:23:56.236	0.57740				2
2026.01.13	01:23:58.798	0.57739				2
2026.01.13	01:24:00.055	0.57739				2
2026.01.13	01:24:03.264	0.57740				2
2026.01.13	01:24:07.126	0.57741				2
2026.01.13	01:24:08.379	0.57740				2
2026.01.13	01:24:31.419		0.57741			4
2026.01.13	01:24:31.723	0.57741	0.57742			6
2026.01.13	01:24:33.277	0.57740				2
2026.01.13	01:24:38.550	0.57738	0.57740			6
2026.01.13	01:24:40.105	0.57737	0.57741			6
2026.01.13	01:24:45.275		0.57740			4
2026.01.13	01:24:50.394	0.57738				2
2026.01.13	01:24:51.319	0.57739	0.57741			6
2026.01.13	01:24:51.949	0.57738	0.57740			6
2026.01.13	01:24:52.252		0.57741			4
2026.01.13	01:24:53.555		0.57742			4
2026.01.13	01:24:57.121		0.57741			4
2026.01.13	01:24:57.469	0.57737	0.57740			6
2026.01.13	01:24:58.422		0.57741			4
2026.01.13	01:24:59.980		0.57740			4
2026.01.13	01:25:00.282	0.57737				2
2026.01.13	01:25:05.102		0.57739			4
2026.01.13	01:25:07.278	0.57738	0.57740			6
2026.01.13	01:25:17.216		0.57739			4
2026.01.13	01:25:19.724	0.57739	0.57740			6
2026.01.13	01:25:20.672	0.57740	0.57741			6
2026.01.13	01:25:21.303	0.57739	0.57742			6
2026.01.13	01:25:21.606	0.57740	0.57743			6
2026.01.13	01:25:22.257	0.57739				2
2026.01.13	01:25:26.172	0.57740				2
2026.01.13	01:25:31.293		0.57742			4
2026.01.13	01:25:37.187	0.57739	0.57741			6
2026.01.13	01:25:37.515	0.57740	0.57742			6
2026.01.13	01:25:38.439	0.57739	0.57741			6
2026.01.13	01:25:47.774	0.57737	0.57739			6
2026.01.13	01:25:48.380	0.57738	0.57740			6
2026.01.13	01:25:49.330		0.57741			4
2026.01.13	01:25:50.923	0.57737	0.57740			6
2026.01.13	01:25:52.224	0.57736				2
2026.01.13	01:25:53.178	0.57737				2
2026.01.13	01:25:59.298		0.57739			4
2026.01.13	01:26:00.223	0.57737				2
2026.01.13	01:26:06.474	0.57738	0.57740			6
2026.01.13	01:26:07.702	0.57737	0.57739			6
2026.01.13	01:26:08.030	0.57736	0.57738			6
2026.01.13	01:26:09.257		0.57739			4
2026.01.13	01:26:11.496		0.57740			4
2026.01.13	01:26:13.652		0.57739			4
2026.01.13	01:26:21.381		0.57738			4
2026.01.13	01:26:26.667	0.57737	0.57739			6
2026.01.13	01:26:30.712	0.57736	0.57738			6
2026.01.13	01:26:32.266		0.57739			4
2026.01.13	01:26:34.175		0.57738			4
2026.01.13	01:26:48.500	0.57737	0.57739			6
2026.01.13	01:26:49.436	0.57736				2
2026.01.13	01:26:50.436	0.57737	0.57740			6
2026.01.13	01:26:56.256		0.57739			4
2026.01.13	01:26:56.879	0.57736	0.57738			6
2026.01.13	01:26:57.210		0.57739			4
2026.01.13	01:27:00.119	0.57736				2
2026.01.13	01:27:05.244		0.57738			4
2026.01.13	01:27:06.168	0.57733	0.57735			6
2026.01.13	01:27:07.122	0.57732				2
2026.01.13	01:27:12.426	0.57731	0.57734			6
2026.01.13	01:27:18.641		0.57735			4
2026.01.13	01:27:19.595	0.57732	0.57736			6
2026.01.13	01:27:21.202		0.57735			4
2026.01.13	01:27:21.842	0.57733	0.57734			6
2026.01.13	01:27:22.146	0.57731				2
2026.01.13	01:27:22.758	0.57732				2
2026.01.13	01:27:23.063	0.57731				2
2026.01.13	01:27:27.227	0.57732				2
2026.01.13	01:27:34.400		0.57733			4
2026.01.13	01:27:40.296	0.57731				2
2026.01.13	01:27:44.359	0.57732				2
2026.01.13	01:27:47.154		0.57734			4
2026.01.13	01:27:52.172		0.57733			4
2026.01.13	01:27:59.014	0.57731	0.57732			6
2026.01.13	01:28:00.268	0.57730	0.57733			6
2026.01.13	01:28:02.512	0.57731				2
2026.01.13	01:28:09.286	0.57732				2
2026.01.13	01:28:10.840	0.57731				2
2026.01.13	01:28:16.510	0.57730	0.57732			6
2026.01.13	01:28:17.131	0.57729	0.57733			6
2026.01.13	01:28:19.425	0.57730				2
2026.01.13	01:28:27.200	0.57731				2
2026.01.13	01:28:33.090	0.57730	0.57732			6
2026.01.13	01:28:33.418		0.57733			4
2026.01.13	01:28:33.722		0.57732			4
2026.01.13	01:28:34.069		0.57733			4
2026.01.13	01:28:42.396	0.57731				2
2026.01.13	01:28:49.338	0.57730				2
2026.01.13	01:28:52.232	0.57731				2
2026.01.13	01:28:59.411		0.57732			4
2026.01.13	01:29:00.032	0.57731				2
2026.01.13	01:29:00.662	0.57730	0.57731			6
2026.01.13	01:29:01.286	0.57729	0.57733			6
2026.01.13	01:29:03.712	0.57730				2
2026.01.13	01:29:11.106	0.57731				2
2026.01.13	01:29:11.455		0.57734			4
2026.01.13	01:29:12.107	0.57730	0.57733			6
2026.01.13	01:29:12.410		0.57734			4
2026.01.13	01:29:14.366		0.57733			4
2026.01.13	01:29:15.320		0.57734			4
2026.01.13	01:29:21.746	0.57731	0.57735			6
2026.01.13	01:29:22.147	0.57732	0.57736			6
2026.01.13	01:29:25.059	0.57731	0.57735			6
2026.01.13	01:29:29.577	0.57732				2
2026.01.13	01:29:32.439		0.57736			4
2026.01.13	01:29:35.348	0.57733				2
2026.01.13	01:29:38.258		0.57735			4
2026.01.13	01:29:39.181	0.57732				2
2026.01.13	01:29:41.122	0.57733				2
2026.01.13	01:29:45.158		0.57734			4
2026.01.13	01:29:45.789	0.57732	0.57733			6
2026.01.13	01:29:46.091	0.57731	0.57735			6
2026.01.13	01:29:47.395		0.57734			4
2026.01.13	01:29:50.305	0.57732				2
2026.01.13	01:29:53.089	0.57733	0.57735			6
2026.01.13	01:29:53.391	0.57732	0.57736			6
2026.01.13	01:29:58.239	0.57733				2
2026.01.13	01:30:00.195	0.57733	0.57735			6
2026.01.13	01:30:00.498	0.57732				2
2026.01.13	01:30:03.407	0.57733				2
2026.01.13	01:30:06.190		0.57734			4
2026.01.13	01:30:19.264	0.57734	0.57735			6
2026.01.13	01:30:19.567	0.57733	0.57734			6
2026.01.13	01:30:22.983	0.57738	0.57739			6
2026.01.13	01:30:23.302	0.57737	0.57741			6
2026.01.13	01:30:23.974		0.57740			4
2026.01.13	01:30:24.939		0.57741			4
2026.01.13	01:30:28.151	0.57743	0.57746			6
2026.01.13	01:30:28.454	0.57744	0.57748			6
2026.01.13	01:30:30.363	0.57743	0.57747			6
2026.01.13	01:30:39.242		0.57746			4
2026.01.13	01:30:43.152	0.57742	0.57745			6
2026.01.13	01:30:46.063	0.57743	0.57746			6
2026.01.13	01:30:50.233	0.57744				2
2026.01.13	01:30:53.364	0.57743	0.57745			6
2026.01.13	01:31:00.238	0.57743				2
2026.01.13	01:31:02.098	0.57742	0.57744			6
2026.01.13	01:31:02.403	0.57744	0.57746			6
2026.01.13	01:31:04.302	0.57743	0.57745			6
2026.01.13	01:31:16.188	0.57741	0.57743			6
2026.01.13	01:31:16.492	0.57738	0.57740			6
2026.01.13	01:31:17.112	0.57737	0.57741			6
2026.01.13	01:31:23.221	0.57738				2
2026.01.13	01:31:31.145	0.57739				2
2026.01.13	01:31:31.766	0.57742	0.57743			6
2026.01.13	01:31:32.069	0.57744	0.57746			6
2026.01.13	01:31:32.698	0.57742	0.57744			6
2026.01.13	01:31:33.325		0.57746			4
2026.01.13	01:31:34.427		0.57745			4
2026.01.13	01:31:36.717		0.57746			4
2026.01.13	01:31:40.037		0.57745			4
2026.01.13	01:31:40.386		0.57746			4
2026.01.13	01:31:42.398		0.57745			4
2026.01.13	01:31:44.657	0.57740	0.57743			6
2026.01.13	01:31:46.310	0.57739				2
2026.01.13	01:31:48.221		0.57742			4
2026.01.13	01:31:54.344	0.57740				2
2026.01.13	01:31:56.823	0.57739	0.57741			6
2026.01.13	01:32:00.235	0.57740	0.57742			6
2026.01.13	01:32:01.790	0.57739	0.57741			6
2026.01.13	01:32:02.118	0.57738	0.57740			6
2026.01.13	01:32:03.343	0.57737	0.57741			6
2026.01.13	01:32:05.326		0.57740			4
2026.01.13	01:32:07.538	0.57738	0.57741			6
2026.01.13	01:32:10.447	0.57737	0.57740			6
2026.01.13	01:32:11.143	0.57738				2
2026.01.13	01:32:16.412	0.57735	0.57737			6
2026.01.13	01:32:17.361	0.57734	0.57738			6
2026.01.13	01:32:17.664	0.57735	0.57739			6
2026.01.13	01:32:20.490	0.57741	0.57744			6
2026.01.13	01:32:21.472		0.57745			4
2026.01.13	01:32:21.774	0.57742				2
2026.01.13	01:32:22.122		0.57746			4
2026.01.13	01:32:31.203	0.57743				2
2026.01.13	01:32:31.508	0.57742	0.57744			6
2026.01.13	01:32:31.855		0.57745			4
2026.01.13	01:32:33.764	0.57740	0.57743			6
2026.01.13	01:32:34.078	0.57739	0.57742			6
2026.01.13	01:32:35.370		0.57743			4
2026.01.13	01:32:37.933	0.57737	0.57740			6
2026.01.13	01:32:39.234		0.57741			4
2026.01.13	01:32:40.513		0.57740			4
2026.01.13	01:32:45.354		0.57739			4
2026.01.13	01:32:45.659	0.57738	0.57740			6
2026.01.13	01:32:47.260		0.57741			4
2026.01.13	01:32:48.216		0.57740			4
2026.01.13	01:32:53.848	0.57737	0.57739			6
2026.01.13	01:32:54.151		0.57738			4
2026.01.13	01:32:55.406		0.57739			4
2026.01.13	01:32:55.736	0.57736	0.57738			6
2026.01.13	01:32:56.054	0.57735	0.57737			6
2026.01.13	01:32:58.847	0.57736	0.57738			6
2026.01.13	01:33:00.100	0.57736				2
2026.01.13	01:33:02.610	0.57735	0.57737			6
2026.01.13	01:33:05.419	0.57736				2
2026.01.13	01:33:13.817	0.57735	0.57736			6
2026.01.13	01:33:14.440	0.57731	0.57732			6
2026.01.13	01:33:14.752	0.57734	0.57735			6
2026.01.13	01:33:15.373	0.57733	0.57737			6
2026.01.13	01:33:15.766	0.57734	0.57738			6
2026.01.13	01:33:16.107		0.57737			4
2026.01.13	01:33:16.414		0.57738			4
2026.01.13	01:33:22.369	0.57733	0.57735			6
2026.01.13	01:33:28.849	0.57731	0.57733			6
2026.01.13	01:33:30.107		0.57732			4
2026.01.13	01:33:30.760	0.57732	0.57735			6
2026.01.13	01:33:31.409	0.57731				2
2026.01.13	01:33:32.822		0.57734			4
2026.01.13	01:33:34.116	0.57732	0.57735			6
2026.01.13	01:33:35.769	0.57731	0.57734			6
2026.01.13	01:33:37.026	0.57732	0.57735			6
2026.01.13	01:33:37.329	0.57731	0.57734			6
2026.01.13	01:33:38.003	0.57732	0.57735			6
2026.01.13	01:33:38.325	0.57733				2
2026.01.13	01:33:39.254	0.57732				2
2026.01.13	01:33:40.239		0.57734			4
2026.01.13	01:33:44.294		0.57733			4
2026.01.13	01:33:44.916	0.57733	0.57734			6
2026.01.13	01:33:46.153	0.57732	0.57733			6
2026.01.13	01:33:46.471	0.57733	0.57734			6
2026.01.13	01:33:48.024	0.57732	0.57733			6
2026.01.13	01:33:48.657	0.57733	0.57734			6
2026.01.13	01:33:48.961	0.57732	0.57733			6
2026.01.13	01:33:50.188		0.57734			4
2026.01.13	01:33:51.134	0.57733				2
2026.01.13	01:33:52.371		0.57735			4
2026.01.13	01:33:53.295	0.57732	0.57734			6
2026.01.13	01:33:54.231	0.57733	0.57735			6
2026.01.13	01:33:57.034	0.57732	0.57734			6
2026.01.13	01:33:57.337	0.57733	0.57735			6
2026.01.13	01:33:57.654	0.57731	0.57733			6
2026.01.13	01:33:58.259		0.57734			4
2026.01.13	01:34:00.194	0.57733	0.57735			6
2026.01.13	01:34:00.497	0.57732	0.57734			6
2026.01.13	01:34:01.148	0.57733	0.57735			6
2026.01.13	01:34:05.185		0.57734			4
2026.01.13	01:34:17.716	0.57732	0.57733			6
2026.01.13	01:34:25.180	0.57734	0.57735			6
2026.01.13	01:34:26.434	0.57733	0.57736			6
2026.01.13	01:34:27.389		0.57735			4
2026.01.13	01:34:36.370	0.57734				2
2026.01.13	01:34:37.294	0.57733	0.57734			6
2026.01.13	01:34:38.227		0.57735			4
2026.01.13	01:34:44.402		0.57734			4
2026.01.13	01:34:47.214	0.57734	0.57735			6
2026.01.13	01:34:48.164	0.57733				2
2026.01.13	01:35:00.016	0.57733				2
2026.01.13	01:35:02.321	0.57732				2
2026.01.13	01:35:04.277		0.57734			4
2026.01.13	01:35:05.232		0.57735			4
2026.01.13	01:35:06.190		0.57734			4
2026.01.13	01:35:11.361	0.57733				2
2026.01.13	01:35:11.665	0.57734	0.57736			6
2026.01.13	01:35:11.980	0.57733	0.57735			6
2026.01.13	01:35:12.309	0.57734	0.57737			6
2026.01.13	01:35:12.612	0.57735	0.57738			6
2026.01.13	01:35:13.265	0.57734				2
2026.01.13	01:35:15.406	0.57733	0.57737			6
2026.01.13	01:35:19.236	0.57734				2
2026.01.13	01:35:27.073	0.57733	0.57735			6
2026.01.13	01:35:27.417		0.57736			4
2026.01.13	01:35:31.378	0.57734				2
2026.01.13	01:35:33.557	0.57733	0.57735			6
2026.01.13	01:35:34.206		0.57736			4
2026.01.13	01:35:39.155		0.57735			4
2026.01.13	01:35:44.413	0.57731	0.57734			6
2026.01.13	01:35:53.405	0.57728	0.57731			6
2026.01.13	01:36:00.555	0.57727				2
2026.01.13	01:36:00.880	0.57726	0.57730			6
2026.01.13	01:36:01.837	0.57727	0.57731			6
2026.01.13	01:36:04.397		0.57730			4
2026.01.13	01:36:07.259	0.57725	0.57728			6
2026.01.13	01:36:07.562	0.57724	0.57727			6
2026.01.13	01:36:08.865		0.57728			4
2026.01.13	01:36:14.717	0.57722	0.57726			6
2026.01.13	01:36:20.395		0.57725			4
2026.01.13	01:36:24.256	0.57723				2
2026.01.13	01:36:32.401		0.57724			4
2026.01.13	01:36:35.237	0.57722				2
2026.01.13	01:36:36.811	0.57723	0.57725			6
2026.01.13	01:36:38.979	0.57722	0.57724			6
2026.01.13	01:36:43.028	0.57721	0.57723			6
2026.01.13	01:36:43.330	0.57720				2
2026.01.13	01:36:45.268		0.57722			4
2026.01.13	01:36:55.219		0.57723			4
2026.01.13	01:36:59.110	0.57721	0.57724			6
2026.01.13	01:37:00.229	0.57721				2
2026.01.13	01:37:00.539	0.57722	0.57725			6
2026.01.13	01:37:01.820		0.57724			4
2026.01.13	01:37:02.431		0.57725			4
2026.01.13	01:37:02.777	0.57720	0.57723			6
2026.01.13	01:37:11.208		0.57722			4
2026.01.13	01:37:13.370	0.57722	0.57725			6
2026.01.13	01:37:13.690	0.57721	0.57724			6
2026.01.13	01:37:15.942	0.57722	0.57725			6
2026.01.13	01:37:16.282	0.57723	0.57726			6
2026.01.13	01:37:22.406		0.57725			4
2026.01.13	01:37:27.675	0.57724	0.57726			6
2026.01.13	01:37:28.926	0.57721	0.57723			6
2026.01.13	01:37:30.154		0.57724			4
2026.01.13	01:37:32.076		0.57725			4
2026.01.13	01:37:38.327		0.57724			4
2026.01.13	01:37:39.301	0.57720	0.57723			6
2026.01.13	01:37:39.608	0.57719	0.57722			6
2026.01.13	01:37:40.258		0.57723			4
2026.01.13	01:37:42.258		0.57722			4
2026.01.13	01:37:42.561	0.57720	0.57723			6
2026.01.13	01:37:47.430		0.57722			4
2026.01.13	01:37:50.214	0.57722	0.57723			6
2026.01.13	01:37:50.543	0.57721				2
2026.01.13	01:37:51.163	0.57720	0.57724			6
2026.01.13	01:37:52.133	0.57721	0.57725			6
2026.01.13	01:37:52.439	0.57722	0.57724			6
2026.01.13	01:37:53.058		0.57723			4
2026.01.13	01:37:56.362	0.57721				2
2026.01.13	01:37:58.620		0.57724			4
2026.01.13	01:37:58.922		0.57725			4
2026.01.13	01:37:59.821	0.57722				2
2026.01.13	01:38:00.523	0.57722				2
2026.01.13	01:38:01.182	0.57721				2
2026.01.13	01:38:02.886	0.57722				2
2026.01.13	01:38:08.360	0.57723				2
2026.01.13	01:38:11.520	0.57725	0.57727			6
2026.01.13	01:38:12.138	0.57726				2
2026.01.13	01:38:12.442	0.57725	0.57726			6
2026.01.13	01:38:13.377	0.57724	0.57728			6
2026.01.13	01:38:16.792	0.57725				2
2026.01.13	01:38:17.107	0.57726	0.57729			6
2026.01.13	01:38:20.349	0.57725	0.57728			6
2026.01.13	01:38:25.168		0.57727			4
2026.01.13	01:38:27.346	0.57726				2
2026.01.13	01:38:32.015	0.57725	0.57726			6
2026.01.13	01:38:32.343	0.57726	0.57727			6
2026.01.13	01:38:58.434	0.57725	0.57726			6
2026.01.13	01:38:58.752	0.57724	0.57725			6
2026.01.13	01:39:00.008	0.57724				2
2026.01.13	01:39:00.336	0.57723	0.57726			6
2026.01.13	01:39:01.754	0.57722				2
2026.01.13	01:39:03.355	0.57725	0.57729			6
2026.01.13	01:39:08.087	0.57726				2
2026.01.13	01:39:12.419		0.57728			4
2026.01.13	01:39:14.326		0.57727			4
2026.01.13	01:39:15.249		0.57728			4
2026.01.13	01:39:16.431		0.57727			4
2026.01.13	01:39:32.034	0.57725	0.57726			6
2026.01.13	01:39:32.655	0.57726	0.57727			6
2026.01.13	01:39:32.966	0.57725	0.57726			6
2026.01.13	01:39:33.287	0.57726	0.57727			6
2026.01.13	01:39:33.588	0.57725	0.57726			6
2026.01.13	01:39:34.511	0.57726	0.57727			6
2026.01.13	01:39:34.840	0.57725	0.57726			6
2026.01.13	01:39:35.144	0.57726	0.57727			6
2026.01.13	01:39:35.446	0.57725	0.57726			6
2026.01.13	01:39:35.765	0.57726	0.57727			6
2026.01.13	01:39:37.316	0.57725	0.57726			6
2026.01.13	01:39:37.619	0.57726	0.57727			6
2026.01.13	01:39:44.778	0.57725	0.57726			6
2026.01.13	01:39:46.334		0.57727			4
2026.01.13	01:39:47.293		0.57726			4
2026.01.13	01:39:50.101	0.57722	0.57723			6
2026.01.13	01:39:50.403	0.57720	0.57721			6
2026.01.13	01:39:51.327		0.57723			4
2026.01.13	01:40:00.626	0.57720				2
2026.01.13	01:40:06.156		0.57722			4
2026.01.13	01:40:08.638	0.57721	0.57723			6
2026.01.13	01:40:14.262		0.57722			4
2026.01.13	01:40:20.562	0.57727	0.57728			6
2026.01.13	01:40:21.167	0.57724	0.57727			6
2026.01.13	01:40:21.469		0.57728			4
2026.01.13	01:40:31.293	0.57725				2
2026.01.13	01:40:36.156		0.57727			4
2026.01.13	01:40:43.373	0.57724	0.57726			6
2026.01.13	01:40:43.997	0.57725	0.57727			6
2026.01.13	01:40:45.253		0.57728			4
2026.01.13	01:40:45.582	0.57724	0.57727			6
2026.01.13	01:40:47.187	0.57725				2
2026.01.13	01:40:56.240	0.57724	0.57726			6
2026.01.13	01:41:00.293	0.57724				2
2026.01.13	01:41:01.214	0.57725	0.57727			6
2026.01.13	01:41:02.149	0.57724	0.57726			6
2026.01.13	01:41:04.625	0.57720	0.57722			6
2026.01.13	01:41:05.257		0.57723			4
2026.01.13	01:41:07.197	0.57719				2
2026.01.13	01:41:09.739	0.57720				2
2026.01.13	01:41:13.386		0.57722			4
2026.01.13	01:41:14.990		0.57723			4
2026.01.13	01:41:17.400		0.57722			4
2026.01.13	01:41:23.335	0.57723	0.57724			6
2026.01.13	01:41:23.637	0.57725	0.57726			6
2026.01.13	01:41:23.966	0.57726	0.57727			6
2026.01.13	01:41:24.269	0.57724	0.57728			6
2026.01.13	01:41:25.571	0.57725				2
2026.01.13	01:41:28.127	0.57726	0.57730			6
2026.01.13	01:41:28.429		0.57728			4
2026.01.13	01:41:36.408		0.57727			4
2026.01.13	01:42:00.071	0.57726				2
2026.01.13	01:42:07.852	0.57727	0.57728			6
2026.01.13	01:42:08.183	0.57726				2
2026.01.13	01:42:14.957	0.57725	0.57727			6
2026.01.13	01:42:15.305	0.57726	0.57728			6
2026.01.13	01:42:16.309		0.57729			4
2026.01.13	01:42:16.612	0.57725	0.57728			6
2026.01.13	01:42:19.127	0.57726				2
2026.01.13	01:42:27.216		0.57727			4
2026.01.13	01:42:51.268		0.57728			4
2026.01.13	01:43:00.035	0.57726				2
2026.01.13	01:43:00.687	0.57725	0.57727			6
2026.01.13	01:43:00.990	0.57724	0.57726			6
2026.01.13	01:43:01.340		0.57727			4
2026.01.13	01:43:10.433	0.57725	0.57728			6
2026.01.13	01:43:10.772	0.57724	0.57727			6
2026.01.13	01:43:13.333		0.57726			4
2026.01.13	01:43:16.549	0.57721	0.57723			6
2026.01.13	01:43:18.154	0.57720	0.57724			6
2026.01.13	01:43:23.326	0.57721				2
2026.01.13	01:43:33.262		0.57723			4
2026.01.13	01:43:49.739	0.57723	0.57725			6
2026.01.13	01:43:50.675	0.57725	0.57726			6
2026.01.13	01:43:50.986	0.57723	0.57725			6
2026.01.13	01:43:51.297	0.57722	0.57726			6
2026.01.13	01:43:54.385	0.57723				2
2026.01.13	01:43:56.997	0.57722	0.57725			6
2026.01.13	01:43:57.645	0.57723				2
2026.01.13	01:43:57.949	0.57724	0.57727			6
2026.01.13	01:43:58.561	0.57723	0.57726			6
2026.01.13	01:44:00.154	0.57723				2
2026.01.13	01:44:00.457		0.57727			4
2026.01.13	01:44:05.357	0.57726	0.57730			6
2026.01.13	01:44:05.666	0.57727				2
2026.01.13	01:44:07.542	0.57726				2
2026.01.13	01:44:16.600	0.57725	0.57729			6
2026.01.13	01:44:17.402		0.57728			4
2026.01.13	01:44:18.357		0.57729			4
2026.01.13	01:44:20.415		0.57728			4
2026.01.13	01:44:24.380	0.57726				2
2026.01.13	01:44:32.220		0.57727			4
2026.01.13	01:44:40.079	0.57725	0.57726			6
2026.01.13	01:44:41.028	0.57724	0.57725			6
2026.01.13	01:44:41.329		0.57726			4
2026.01.13	01:44:41.688		0.57727			4
2026.01.13	01:44:42.024	0.57725	0.57728			6
2026.01.13	01:44:50.287		0.57727			4
2026.01.13	01:44:51.867	0.57726	0.57728			6
2026.01.13	01:44:58.138		0.57727			4
2026.01.13	01:44:59.694	0.57727	0.57728			6
2026.01.13	01:45:00.013	0.57727				2
2026.01.13	01:45:01.250		0.57729			4
2026.01.13	01:45:01.901	0.57724	0.57727			6
2026.01.13	01:45:02.523	0.57722	0.57725			6
2026.01.13	01:45:03.203		0.57726			4
2026.01.13	01:45:10.957	0.57724				2
2026.01.13	01:45:11.271	0.57725	0.57728			6
2026.01.13	01:45:13.790		0.57729			4
2026.01.13	01:45:17.349		0.57728			4
2026.01.13	01:45:21.364		0.57727			4
2026.01.13	01:45:23.267	0.57723	0.57725			6
2026.01.13	01:45:24.192		0.57726			4
2026.01.13	01:45:24.833	0.57725				2
2026.01.13	01:45:25.139	0.57723	0.57727			6
2026.01.13	01:45:25.474		0.57726			4
2026.01.13	01:45:26.313	0.57725	0.57729			6
2026.01.13	01:45:27.331	0.57728	0.57731			6
2026.01.13	01:45:27.957		0.57730			4
2026.01.13	01:45:34.717	0.57726	0.57728			6
2026.01.13	01:45:40.431		0.57727			4
2026.01.13	01:45:42.914	0.57725				2
2026.01.13	01:45:45.109		0.57726			4
2026.01.13	01:45:48.870	0.57726	0.57727			6
2026.01.13	01:45:51.983	0.57725	0.57726			6
2026.01.13	01:45:52.965	0.57726	0.57727			6
2026.01.13	01:45:53.574	0.57725	0.57726			6
2026.01.13	01:45:56.683	0.57724	0.57725			6
2026.01.13	01:45:57.305	0.57723				2
2026.01.13	01:46:00.140	0.57724				2
2026.01.13	01:46:01.063	0.57723	0.57724			6
2026.01.13	01:46:25.086	0.57722	0.57723			6
2026.01.13	01:46:25.388	0.57723	0.57724			6
2026.01.13	01:46:39.757	0.57722	0.57723			6
2026.01.13	01:46:40.067	0.57723	0.57724			6
2026.01.13	01:46:40.390	0.57722	0.57725			6
2026.01.13	01:46:44.907		0.57724			4
2026.01.13	01:46:49.723	0.57721	0.57723			6
2026.01.13	01:46:50.072		0.57724			4
2026.01.13	01:46:52.299	0.57722				2
2026.01.13	01:46:53.283	0.57721	0.57725			6
2026.01.13	01:46:54.238	0.57722				2
2026.01.13	01:47:00.057	0.57722				2
2026.01.13	01:47:00.405		0.57724			4
2026.01.13	01:47:04.570	0.57723	0.57725			6
2026.01.13	01:47:12.997	0.57722	0.57724			6
2026.01.13	01:47:13.648	0.57721	0.57723			6
2026.01.13	01:47:14.278		0.57724			4
2026.01.13	01:47:15.204	0.57722	0.57725			6
2026.01.13	01:47:16.162		0.57726			4
2026.01.13	01:47:22.275		0.57725			4
2026.01.13	01:47:30.403		0.57724			4
2026.01.13	01:47:44.082	0.57721	0.57723			6
2026.01.13	01:47:44.409	0.57722	0.57724			6
2026.01.13	01:47:45.332	0.57721				2
2026.01.13	01:47:46.318	0.57722				2
2026.01.13	01:47:55.348	0.57721	0.57723			6
2026.01.13	01:47:56.271		0.57724			4
2026.01.13	01:48:00.115	0.57721				2
2026.01.13	01:48:00.417		0.57723			4
2026.01.13	01:48:01.069	0.57722	0.57724			6
2026.01.13	01:48:02.321	0.57721				2
2026.01.13	01:48:03.927		0.57723			4
2026.01.13	01:48:05.184	0.57720				2
2026.01.13	01:48:14.517	0.57722	0.57725			6
2026.01.13	01:48:15.165		0.57726			4
2026.01.13	01:48:24.405		0.57725			4
2026.01.13	01:48:29.219	0.57723				2
2026.01.13	01:48:37.298	0.57721	0.57723			6
2026.01.13	01:48:38.247	0.57720	0.57724			6
2026.01.13	01:48:38.549	0.57721				2
2026.01.13	01:48:39.511	0.57720				2
2026.01.13	01:48:41.055	0.57721				2
2026.01.13	01:48:41.499	0.57720				2
2026.01.13	01:48:41.812	0.57721				2
2026.01.13	01:48:42.115	0.57720				2
2026.01.13	01:48:42.766	0.57721				2
2026.01.13	01:48:44.401	0.57720				2
2026.01.13	01:48:45.025	0.57721				2
2026.01.13	01:48:45.328		0.57723			4
2026.01.13	01:48:45.676	0.57720				2
2026.01.13	01:48:49.191	0.57721				2
2026.01.13	01:48:55.412		0.57722			4
2026.01.13	01:49:00.079	0.57721				2
2026.01.13	01:49:03.208	0.57720				2
2026.01.13	01:49:08.210	0.57721				2
2026.01.13	01:49:08.512	0.57720	0.57721			6
2026.01.13	01:49:08.820	0.57723	0.57724			6
2026.01.13	01:49:09.764	0.57721	0.57722			6
2026.01.13	01:49:10.386		0.57723			4
2026.01.13	01:49:11.673		0.57725			4
2026.01.13	01:49:12.000	0.57722	0.57726			6
2026.01.13	01:49:13.279	0.57715	0.57719			6
2026.01.13	01:49:13.696	0.57716	0.57720			6
2026.01.13	01:49:19.497		0.57719			4
2026.01.13	01:49:22.056	0.57714	0.57718			6
2026.01.13	01:49:25.919	0.57716	0.57720			6
2026.01.13	01:49:26.222	0.57715	0.57718			6
2026.01.13	01:49:28.824	0.57714	0.57717			6
2026.01.13	01:49:29.432	0.57716	0.57718			6
2026.01.13	01:49:30.084	0.57715				2
2026.01.13	01:49:35.247	0.57716				2
2026.01.13	01:49:41.441	0.57717	0.57719			6
2026.01.13	01:49:41.773	0.57716	0.57718			6
2026.01.13	01:49:43.044	0.57715	0.57717			6
2026.01.13	01:49:43.360	0.57717	0.57719			6
2026.01.13	01:49:44.298		0.57720			4
2026.01.13	01:49:46.234		0.57719			4
2026.01.13	01:49:50.580	0.57716	0.57718			6
2026.01.13	01:49:50.898	0.57715	0.57717			6
2026.01.13	01:49:51.200		0.57718			4
2026.01.13	01:49:53.608	0.57716				2
2026.01.13	01:49:53.911	0.57717	0.57720			6
2026.01.13	01:49:54.216	0.57716	0.57719			6
2026.01.13	01:49:55.566	0.57717	0.57720			6
2026.01.13	01:49:55.869	0.57716	0.57719			6
2026.01.13	01:49:56.218	0.57717	0.57720			6
2026.01.13	01:49:58.126	0.57716	0.57719			6
2026.01.13	01:50:00.082	0.57716				2
2026.01.13	01:50:04.246		0.57718			4
2026.01.13	01:50:12.029	0.57715	0.57717			6
2026.01.13	01:50:12.346	0.57716				2
2026.01.13	01:50:12.648	0.57715				2
2026.01.13	01:50:13.280	0.57714				2
2026.01.13	01:50:15.190	0.57715				2
2026.01.13	01:50:19.222	0.57716	0.57718			6
2026.01.13	01:50:20.175		0.57719			4
2026.01.13	01:50:24.369	0.57717				2
2026.01.13	01:50:27.152	0.57718				2
2026.01.13	01:50:28.087	0.57717	0.57718			6
2026.01.13	01:50:29.339		0.57719			4
2026.01.13	01:50:29.642	0.57718				2
2026.01.13	01:50:36.917	0.57716				2
2026.01.13	01:50:37.229	0.57718				2
2026.01.13	01:50:47.876		0.57720			4
2026.01.13	01:50:48.486		0.57719			4
2026.01.13	01:50:50.364		0.57720			4
2026.01.13	01:50:51.319		0.57719			4
2026.01.13	01:51:00.018	0.57718				2
2026.01.13	01:51:07.177	0.57717	0.57718			6
2026.01.13	01:51:10.687	0.57718	0.57719			6
2026.01.13	01:51:11.291		0.57720			4
2026.01.13	01:51:18.412		0.57719			4
2026.01.13	01:51:19.062		0.57720			4
2026.01.13	01:51:20.014		0.57719			4
2026.01.13	01:51:20.316		0.57720			4
2026.01.13	01:51:22.071	0.57716				2
2026.01.13	01:51:24.324		0.57719			4
2026.01.13	01:51:29.188	0.57717				2
2026.01.13	01:51:31.351	0.57716	0.57718			6
2026.01.13	01:51:43.488	0.57717	0.57719			6
2026.01.13	01:52:00.243	0.57717				2
2026.01.13	01:52:06.212	0.57716	0.57718			6
2026.01.13	01:52:07.136		0.57719			4
2026.01.13	01:52:10.379		0.57718			4
2026.01.13	01:52:14.719	0.57714	0.57716			6
2026.01.13	01:52:15.021	0.57718	0.57720			6
2026.01.13	01:52:15.350	0.57717	0.57721			6
2026.01.13	01:52:28.200		0.57720			4
2026.01.13	01:52:32.370	0.57718				2
2026.01.13	01:52:32.686	0.57717	0.57719			6
2026.01.13	01:52:33.293		0.57720			4
2026.01.13	01:52:34.272		0.57719			4
2026.01.13	01:52:41.100	0.57718				2
2026.01.13	01:52:48.244		0.57720			4
2026.01.13	01:52:51.658	0.57717	0.57719			6
2026.01.13	01:52:59.131	0.57718				2
2026.01.13	01:53:00.067	0.57718				2
2026.01.13	01:53:21.197	0.57717	0.57718			6
2026.01.13	01:53:22.119	0.57716	0.57719			6
2026.01.13	01:53:22.449	0.57717				2
2026.01.13	01:53:24.989	0.57716				2
2026.01.13	01:53:30.134		0.57718			4
2026.01.13	01:53:33.345	0.57717	0.57719			6
2026.01.13	01:53:34.299	0.57716				2
2026.01.13	01:53:35.906	0.57718	0.57721			6
2026.01.13	01:53:36.217	0.57717				2
2026.01.13	01:53:38.579	0.57718				2
2026.01.13	01:53:40.314	0.57717	0.57720			6
2026.01.13	01:53:41.584		0.57721			4
2026.01.13	01:53:43.181		0.57720			4
2026.01.13	01:53:49.310	0.57718				2
2026.01.13	01:53:52.427		0.57719			4
2026.01.13	01:53:53.351		0.57720			4
2026.01.13	01:53:54.289	0.57717				2
2026.01.13	01:53:55.291		0.57719			4
2026.01.13	01:54:00.267	0.57717				2
2026.01.13	01:54:13.680		0.57718			4
2026.01.13	01:54:14.301		0.57719			4
2026.01.13	01:54:20.206		0.57721			4
2026.01.13	01:54:20.510		0.57720			4
2026.01.13	01:54:20.823	0.57716				2
2026.01.13	01:54:31.461	0.57717				2
2026.01.13	01:54:36.370		0.57719			4
2026.01.13	01:54:39.791	0.57718	0.57720			6
2026.01.13	01:54:40.094	0.57717	0.57719			6
2026.01.13	01:54:40.714	0.57718	0.57720			6
2026.01.13	01:54:41.318	0.57717	0.57719			6
2026.01.13	01:54:48.155		0.57718			4
2026.01.13	01:54:54.061	0.57718	0.57719			6
2026.01.13	01:54:54.375	0.57717	0.57718			6
2026.01.13	01:54:54.681	0.57718	0.57719			6
2026.01.13	01:54:55.312	0.57717	0.57718			6
2026.01.13	01:54:56.262		0.57719			4
2026.01.13	01:54:57.262		0.57720			4
2026.01.13	01:55:00.411	0.57717	0.57719			6
2026.01.13	01:55:00.727		0.57720			4
2026.01.13	01:55:01.682		0.57719			4
2026.01.13	01:55:02.332		0.57720			4
2026.01.13	01:55:07.231		0.57719			4
2026.01.13	01:55:07.556		0.57720			4
2026.01.13	01:55:09.212		0.57721			4
2026.01.13	01:55:11.137		0.57720			4
2026.01.13	01:55:16.239		0.57719			4
2026.01.13	01:55:26.241		0.57718			4
2026.01.13	01:55:46.191	0.57718	0.57719			6
2026.01.13	01:55:46.797	0.57717	0.57718			6
2026.01.13	01:55:47.115		0.57719			4
2026.01.13	01:55:49.055	0.57716				2
2026.01.13	01:55:50.313	0.57717				2
2026.01.13	01:56:00.042	0.57717				2
2026.01.13	01:56:00.392		0.57718			4
2026.01.13	01:56:03.805	0.57718	0.57719			6
2026.01.13	01:56:04.425	0.57717	0.57718			6
2026.01.13	01:56:18.125		0.57719			4
2026.01.13	01:56:21.014	0.57718	0.57720			6
2026.01.13	01:56:21.317	0.57717	0.57719			6
2026.01.13	01:56:29.347		0.57720			4
2026.01.13	01:56:32.256		0.57719			4
2026.01.13	01:56:32.559	0.57716				2
2026.01.13	01:56:33.211		0.57720			4
2026.01.13	01:56:34.413		0.57719			4
2026.01.13	01:56:40.838	0.57717				2
2026.01.13	01:56:45.006	0.57718	0.57720			6
2026.01.13	01:56:46.309	0.57717	0.57721			6
2026.01.13	01:56:46.961		0.57719			4
2026.01.13	01:56:47.280	0.57719	0.57721			6
2026.01.13	01:56:47.593	0.57716	0.57719			6
2026.01.13	01:56:49.093	0.57719	0.57720			6
2026.01.13	01:56:49.398	0.57716	0.57719			6
2026.01.13	01:56:49.714	0.57719	0.57720			6
2026.01.13	01:56:50.020	0.57716	0.57719			6
2026.01.13	01:56:50.329	0.57720	0.57721			6
2026.01.13	01:56:50.673	0.57717				2
2026.01.13	01:56:59.106		0.57720			4
2026.01.13	01:57:00.105	0.57717				2
2026.01.13	01:57:05.228	0.57718				2
2026.01.13	01:57:11.122		0.57721			4
2026.01.13	01:57:15.268	0.57717	0.57719			6
2026.01.13	01:57:15.920	0.57718	0.57720			6
2026.01.13	01:57:16.237	0.57717	0.57721			6
2026.01.13	01:57:24.600	0.57716	0.57720			6
2026.01.13	01:57:27.161	0.57717				2
2026.01.13	01:57:32.633	0.57716	0.57719			6
2026.01.13	01:57:32.972	0.57717	0.57720			6
2026.01.13	01:57:33.285	0.57716				2
2026.01.13	01:57:33.935	0.57717	0.57721			6
2026.01.13	01:57:39.412		0.57720			4
2026.01.13	01:57:43.322	0.57718				2
2026.01.13	01:57:48.333		0.57719			4
2026.01.13	01:57:55.161	0.57719	0.57720			6
2026.01.13	01:57:56.086	0.57718	0.57719			6
2026.01.13	01:57:56.414		0.57720			4
2026.01.13	01:57:57.340	0.57717				2
2026.01.13	01:58:00.232	0.57717				2
2026.01.13	01:58:01.231	0.57718				2
2026.01.13	01:58:05.264		0.57719			4
2026.01.13	01:58:08.982	0.57721	0.57722			6
2026.01.13	01:58:09.311	0.57720	0.57723			6
2026.01.13	01:58:10.262		0.57724			4
2026.01.13	01:58:14.177		0.57723			4
2026.01.13	01:58:14.662		0.57724			4
2026.01.13	01:58:21.305		0.57723			4
2026.01.13	01:58:26.426	0.57721				2
2026.01.13	01:58:38.269	0.57722				2
2026.01.13	01:58:54.452	0.57723	0.57724			6
2026.01.13	01:58:55.387		0.57726			4
2026.01.13	01:59:00.092	0.57723				2
2026.01.13	01:59:05.924		0.57725			4
2026.01.13	01:59:10.059	0.57726	0.57728			6
2026.01.13	01:59:11.312	0.57725	0.57729			6
2026.01.13	01:59:14.884	0.57722	0.57725			6
2026.01.13	01:59:16.792		0.57726			4
2026.01.13	01:59:25.141	0.57723				2
2026.01.13	01:59:29.305		0.57725			4
2026.01.13	01:59:36.180	0.57724				2
2026.01.13	01:59:38.355	0.57723	0.57724			6
2026.01.13	01:59:39.289		0.57725			4
2026.01.13	01:59:43.357		0.57724			4
2026.01.13	01:59:54.542	0.57728	0.57729			6
2026.01.13	01:59:55.165	0.57727	0.57731			6
2026.01.13	02:00:00.308	0.57727	0.57730			6
2026.01.13	02:00:00.928	0.57728	0.57731			6
2026.01.13	02:00:02.152	0.57727	0.57730			6
2026.01.13	02:00:02.463	0.57728	0.57731			6
2026.01.13	02:00:04.205		0.57730			4
2026.01.13	02:00:06.379	0.57727				2
2026.01.13	02:00:07.341		0.57729			4
2026.01.13	02:00:08.295		0.57730			4
2026.01.13	02:00:08.946		0.57729			4
2026.01.13	02:00:10.203		0.57730			4
2026.01.13	02:00:12.808	0.57726	0.57729			6
2026.01.13	02:00:14.413	0.57727				2
2026.01.13	02:00:15.643	0.57728	0.57730			6
2026.01.13	02:00:15.970	0.57727	0.57729			6
2026.01.13	02:00:19.088	0.57724	0.57726			6
2026.01.13	02:00:19.418	0.57722	0.57725			6
2026.01.13	02:00:20.088	0.57723	0.57726			6
2026.01.13	02:00:20.515	0.57725	0.57729			6
2026.01.13	02:00:22.752	0.57723	0.57726			6
2026.01.13	02:00:25.681		0.57724			4
2026.01.13	02:00:26.022		0.57726			4
2026.01.13	02:00:26.336	0.57722	0.57723			6
2026.01.13	02:00:26.649	0.57723	0.57726			6
2026.01.13	02:00:27.195	0.57722	0.57723			6
2026.01.13	02:00:27.583	0.57724	0.57726			6
2026.01.13	02:00:28.268	0.57723	0.57724			6
2026.01.13	02:00:28.573	0.57724	0.57726			6
2026.01.13	02:00:28.920	0.57723	0.57724			6
2026.01.13	02:00:29.223	0.57724	0.57726			6
2026.01.13	02:00:32.436	0.57722	0.57725			6
2026.01.13	02:00:32.903	0.57723				2
2026.01.13	02:00:37.755	0.57722	0.57724			6
2026.01.13	02:00:38.058	0.57721				2
2026.01.13	02:00:38.362	0.57726	0.57730			6
2026.01.13	02:00:38.976	0.57727				2
2026.01.13	02:00:39.310	0.57726				2
2026.01.13	02:00:39.614	0.57728				2
2026.01.13	02:00:39.917		0.57731			4
2026.01.13	02:00:44.434	0.57730	0.57733			6
2026.01.13	02:00:46.343		0.57732			4
2026.01.13	02:00:46.645	0.57728	0.57730			6
2026.01.13	02:00:47.650	0.57729	0.57731			6
2026.01.13	02:00:51.559	0.57728				2
2026.01.13	02:00:53.417	0.57729				2
2026.01.13	02:01:00.193	0.57729				2
2026.01.13	02:01:02.070		0.57730			4
2026.01.13	02:01:02.372	0.57728				2
2026.01.13	02:01:03.371	0.57726	0.57728			6
2026.01.13	02:01:03.976	0.57727	0.57729			6
2026.01.13	02:01:04.305	0.57726				2
2026.01.13	02:01:05.410		0.57728			4
2026.01.13	02:01:08.192	0.57725	0.57727			6
2026.01.13	02:01:08.522	0.57726	0.57728			6
2026.01.13	02:01:09.447	0.57725	0.57727			6
2026.01.13	02:01:12.254	0.57722	0.57724			6
2026.01.13	02:01:12.557	0.57723	0.57725			6
2026.01.13	02:01:14.113	0.57722				2
2026.01.13	02:01:14.538	0.57723				2
2026.01.13	02:01:15.201		0.57724			4
2026.01.13	02:01:16.201		0.57725			4
2026.01.13	02:01:18.110		0.57724			4
2026.01.13	02:01:19.064		0.57725			4
2026.01.13	02:01:22.624		0.57724			4
2026.01.13	02:01:22.934		0.57725			4
2026.01.13	02:01:23.585	0.57722	0.57724			6
2026.01.13	02:01:23.898		0.57723			4
2026.01.13	02:01:24.230		0.57724			4
2026.01.13	02:01:25.488		0.57725			4
2026.01.13	02:01:25.792		0.57724			4
2026.01.13	02:01:27.094		0.57723			4
2026.01.13	02:01:29.571	0.57723	0.57725			6
2026.01.13	02:01:29.901	0.57722	0.57724			6
2026.01.13	02:01:30.509	0.57716	0.57718			6
2026.01.13	02:01:32.381	0.57717	0.57720			6
2026.01.13	02:01:37.434	0.57718	0.57722			6
2026.01.13	02:01:38.100	0.57719	0.57723			6
2026.01.13	02:01:39.088	0.57720	0.57724			6
2026.01.13	02:01:39.389	0.57719	0.57723			6
2026.01.13	02:01:39.738	0.57718	0.57722			6
2026.01.13	02:01:40.692	0.57719	0.57723			6
2026.01.13	02:01:42.646	0.57718	0.57722			6
2026.01.13	02:01:47.117	0.57719	0.57723			6
2026.01.13	02:01:47.420	0.57718	0.57721			6
2026.01.13	02:01:51.333	0.57719				2
2026.01.13	02:01:52.890	0.57720	0.57722			6
2026.01.13	02:01:54.142	0.57719	0.57721			6
2026.01.13	02:01:55.066	0.57720	0.57722			6
2026.01.13	02:01:55.368	0.57719	0.57721			6
2026.01.13	02:02:00.035	0.57719				2
2026.01.13	02:02:00.667	0.57720	0.57722			6
2026.01.13	02:02:01.591	0.57719	0.57721			6
2026.01.13	02:02:03.149	0.57720	0.57723			6
2026.01.13	02:02:03.483	0.57718	0.57721			6
2026.01.13	02:02:05.089	0.57719	0.57722			6
2026.01.13	02:02:05.438	0.57718	0.57721			6
2026.01.13	02:02:06.393	0.57719				2
2026.01.13	02:02:08.253	0.57720	0.57722			6
2026.01.13	02:02:11.687	0.57718	0.57720			6
2026.01.13	02:02:13.243		0.57721			4
2026.01.13	02:02:14.229		0.57720			4
2026.01.13	02:02:17.665	0.57719	0.57721			6
2026.01.13	02:02:19.569	0.57723	0.57725			6
2026.01.13	02:02:21.109		0.57726			4
2026.01.13	02:02:24.541	0.57725				2
2026.01.13	02:02:24.844		0.57728			4
2026.01.13	02:02:25.827	0.57726	0.57730			6
2026.01.13	02:02:26.149	0.57725	0.57729			6
2026.01.13	02:02:26.827	0.57728	0.57730			6
2026.01.13	02:02:27.132		0.57731			4
2026.01.13	02:02:27.783		0.57730			4
2026.01.13	02:02:29.696		0.57731			4
2026.01.13	02:02:32.653		0.57730			4
2026.01.13	02:02:37.122	0.57727				2
2026.01.13	02:02:37.468	0.57728				2
2026.01.13	02:02:38.423		0.57729			4
2026.01.13	02:02:39.347		0.57730			4
2026.01.13	02:02:39.649		0.57729			4
2026.01.13	02:02:40.602		0.57730			4
2026.01.13	02:02:40.930	0.57727	0.57729			6
2026.01.13	02:02:42.535	0.57729	0.57730			6
2026.01.13	02:02:42.839	0.57732	0.57735			6
2026.01.13	02:02:44.143	0.57731				2
2026.01.13	02:02:47.352	0.57728	0.57732			6
2026.01.13	02:02:48.005	0.57729	0.57733			6
2026.01.13	02:02:48.308	0.57730	0.57734			6
2026.01.13	02:02:54.129	0.57729	0.57733			6
2026.01.13	02:02:55.432		0.57732			4
2026.01.13	02:02:56.083	0.57730	0.57733			6
2026.01.13	02:02:57.435	0.57729	0.57732			6
2026.01.13	02:02:58.390	0.57728	0.57731			6
2026.01.13	02:02:59.023	0.57730	0.57733			6
2026.01.13	02:02:59.344	0.57729	0.57732			6
2026.01.13	02:03:00.302	0.57729				2
2026.01.13	02:03:01.257	0.57730				2
2026.01.13	02:03:05.275		0.57731			4
2026.01.13	02:03:05.593	0.57732	0.57733			6
2026.01.13	02:03:05.897	0.57730	0.57731			6
2026.01.13	02:03:06.224		0.57732			4
2026.01.13	02:03:08.709	0.57728	0.57730			6
2026.01.13	02:03:09.318		0.57729			4
2026.01.13	02:03:10.266	0.57727	0.57730			6
2026.01.13	02:03:10.902		0.57729			4
2026.01.13	02:03:15.289	0.57729	0.57730			6
2026.01.13	02:03:16.241	0.57728	0.57731			6
2026.01.13	02:03:17.227		0.57730			4
2026.01.13	02:03:17.548	0.57727	0.57729			6
2026.01.13	02:03:18.156	0.57726				2
2026.01.13	02:03:19.135	0.57727				2
2026.01.13	02:03:19.439	0.57725	0.57727			6
2026.01.13	02:03:20.390	0.57724				2
2026.01.13	02:03:20.740		0.57726			4
2026.01.13	02:03:21.047	0.57722	0.57725			6
2026.01.13	02:03:23.006		0.57726			4
2026.01.13	02:03:23.400		0.57725			4
2026.01.13	02:03:24.355		0.57726			4
2026.01.13	02:03:24.660	0.57723	0.57727			6
2026.01.13	02:03:25.009	0.57722	0.57726			6
2026.01.13	02:03:25.409		0.57725			4
2026.01.13	02:03:27.322	0.57723				2
2026.01.13	02:03:28.573	0.57722	0.57724			6
2026.01.13	02:03:29.195	0.57723	0.57725			6
2026.01.13	02:03:31.054	0.57722	0.57724			6
2026.01.13	02:03:31.382		0.57723			4
2026.01.13	02:03:31.687	0.57724	0.57725			6
2026.01.13	02:03:44.176	0.57723	0.57724			6
2026.01.13	02:03:47.265	0.57725	0.57726			6
2026.01.13	02:03:48.215	0.57724	0.57727			6
2026.01.13	02:03:48.550	0.57723	0.57726			6
2026.01.13	02:03:50.206	0.57722	0.57725			6
2026.01.13	02:03:50.527		0.57724			4
2026.01.13	02:03:51.508	0.57723	0.57726			6
2026.01.13	02:03:53.417		0.57725			4
2026.01.13	02:03:56.530	0.57724	0.57726			6
2026.01.13	02:03:58.110		0.57725			4
2026.01.13	02:03:59.042	0.57723	0.57724			6
2026.01.13	02:04:00.293	0.57723	0.57725			6
2026.01.13	02:04:03.405		0.57724			4
2026.01.13	02:04:07.744	0.57722	0.57723			6
2026.01.13	02:04:09.299		0.57724			4
2026.01.13	02:04:13.192		0.57723			4
2026.01.13	02:04:14.418	0.57723	0.57724			6
2026.01.13	02:04:14.749	0.57722	0.57723			6
2026.01.13	02:04:15.673	0.57724	0.57725			6
2026.01.13	02:04:17.227	0.57723				2
2026.01.13	02:04:36.534	0.57722	0.57724			6
2026.01.13	02:04:36.836	0.57723	0.57725			6
2026.01.13	02:04:37.184	0.57722				2
2026.01.13	02:04:44.148	0.57724	0.57726			6
2026.01.13	02:04:48.375	0.57723	0.57725			6
2026.01.13	02:04:49.327		0.57726			4
2026.01.13	02:04:51.393		0.57725			4
2026.01.13	02:04:53.998		0.57726			4
2026.01.13	02:04:59.045		0.57725			4
2026.01.13	02:04:59.373		0.57726			4
2026.01.13	02:05:00.860	0.57723				2
2026.01.13	02:05:01.428	0.57724				2
2026.01.13	02:05:04.893	0.57723	0.57725			6
2026.01.13	02:05:05.212	0.57724	0.57726			6
2026.01.13	02:05:08.654	0.57723	0.57725			6
2026.01.13	02:05:14.424	0.57724				2
2026.01.13	02:05:17.335		0.57726			4
2026.01.13	02:05:17.636	0.57725				2
2026.01.13	02:05:18.289	0.57724				2
2026.01.13	02:05:20.198		0.57727			4
2026.01.13	02:05:21.501	0.57727	0.57729			6
2026.01.13	02:05:21.805	0.57726				2
2026.01.13	02:05:24.372	0.57725				2
2026.01.13	02:05:25.366		0.57728			4
2026.01.13	02:05:26.973	0.57727	0.57730			6
2026.01.13	02:05:30.389	0.57728				2
2026.01.13	02:05:32.646	0.57727				2
2026.01.13	02:05:34.891	0.57723	0.57726			6
2026.01.13	02:05:41.935	0.57722	0.57725			6
2026.01.13	02:05:47.354	0.57723	0.57726			6
2026.01.13	02:05:47.681	0.57726	0.57729			6
2026.01.13	02:05:48.305	0.57725				2
2026.01.13	02:05:55.328	0.57726				2
2026.01.13	02:05:57.937	0.57727	0.57730			6
2026.01.13	02:06:00.196	0.57728				2
2026.01.13	02:06:01.752	0.57729	0.57731			6
2026.01.13	02:06:02.070	0.57728	0.57730			6
2026.01.13	02:06:02.376	0.57729	0.57732			6
2026.01.13	02:06:05.064	0.57730	0.57733			6
2026.01.13	02:06:06.368	0.57731	0.57734			6
2026.01.13	02:06:07.322	0.57730	0.57733			6
2026.01.13	02:06:08.611	0.57729	0.57732			6
2026.01.13	02:06:08.928	0.57730	0.57733			6
2026.01.13	02:06:10.228	0.57731				2
2026.01.13	02:06:13.647	0.57732				2
2026.01.13	02:06:14.267	0.57731				2
2026.01.13	02:06:14.571	0.57732				2
2026.01.13	02:06:14.906	0.57731				2
2026.01.13	02:06:16.459	0.57729	0.57731			6
2026.01.13	02:06:17.406	0.57728				2
2026.01.13	02:06:20.273		0.57730			4
2026.01.13	02:06:21.224	0.57729				2
2026.01.13	02:06:22.528		0.57731			4
2026.01.13	02:06:29.103		0.57730			4
2026.01.13	02:06:30.963	0.57728	0.57729			6
2026.01.13	02:06:31.281		0.57730			4
2026.01.13	02:06:31.584	0.57729	0.57731			6
2026.01.13	02:06:32.214	0.57728				2
2026.01.13	02:06:33.169	0.57729				2
2026.01.13	02:06:39.190	0.57730				2
2026.01.13	02:06:40.417	0.57729	0.57730			6
2026.01.13	02:06:40.744	0.57730	0.57731			6
2026.01.13	02:06:47.914	0.57729	0.57730			6
2026.01.13	02:06:48.216		0.57731			4
2026.01.13	02:06:51.325		0.57730			4
2026.01.13	02:06:56.040	0.57730	0.57731			6
2026.01.13	02:06:57.291		0.57732			4
2026.01.13	02:06:57.910	0.57729	0.57731			6
2026.01.13	02:06:58.215		0.57732			4
2026.01.13	02:06:58.542	0.57728	0.57731			6
2026.01.13	02:07:00.148	0.57728				2
2026.01.13	02:07:01.102	0.57729	0.57732			6
2026.01.13	02:07:01.406	0.57730				2
2026.01.13	02:07:02.328	0.57729				2
2026.01.13	02:07:05.217	0.57730				2
2026.01.13	02:07:05.838	0.57731				2
2026.01.13	02:07:06.204	0.57728	0.57730			6
2026.01.13	02:07:06.523	0.57729	0.57731			6
2026.01.13	02:07:11.793		0.57730			4
2026.01.13	02:07:18.365	0.57730	0.57731			6
2026.01.13	02:07:47.344	0.57729				2
2026.01.13	02:07:54.707	0.57730				2
2026.01.13	02:07:55.709	0.57731	0.57732			6
2026.01.13	02:07:56.011	0.57729	0.57731			6
2026.01.13	02:07:57.315	0.57728				2
2026.01.13	02:08:00.220	0.57729				2
2026.01.13	02:08:20.748	0.57728	0.57730			6
2026.01.13	02:08:22.352	0.57727	0.57731			6
2026.01.13	02:08:27.424		0.57730			4
2026.01.13	02:08:30.637	0.57728	0.57731			6
2026.01.13	02:08:38.719	0.57729				2
2026.01.13	02:08:45.750	0.57728				2
2026.01.13	02:08:48.353		0.57730			4
2026.01.13	02:08:48.657	0.57729				2
2026.01.13	02:08:51.869	0.57728				2
2026.01.13	02:08:53.171	0.57727				2
2026.01.13	02:08:53.474		0.57731			4
2026.01.13	02:08:55.730		0.57730			4
2026.01.13	02:08:56.382	0.57728				2
2026.01.13	02:08:58.293		0.57729			4
2026.01.13	02:09:00.208	0.57728				2
2026.01.13	02:09:02.166	0.57723	0.57724			6
2026.01.13	02:09:02.470	0.57721				2
2026.01.13	02:09:03.168	0.57720				2
2026.01.13	02:09:03.517		0.57723			4
2026.01.13	02:09:06.431	0.57721				2
2026.01.13	02:09:09.394	0.57722	0.57726			6
2026.01.13	02:09:10.046	0.57723				2
2026.01.13	02:09:10.399	0.57724				2
2026.01.13	02:09:18.232	0.57725	0.57728			6
2026.01.13	02:09:25.311	0.57726				2
2026.01.13	02:09:32.235	0.57727				2
2026.01.13	02:09:33.160	0.57726				2
2026.01.13	02:09:39.259	0.57727				2
2026.01.13	02:09:42.971		0.57729			4
2026.01.13	02:09:44.200		0.57728			4
2026.01.13	02:10:00.087	0.57727				2
2026.01.13	02:10:00.708	0.57725	0.57727			6
2026.01.13	02:10:01.314	0.57724	0.57728			6
2026.01.13	02:10:02.191		0.57727			4
2026.01.13	02:10:04.406		0.57726			4
2026.01.13	02:10:06.969	0.57725	0.57728			6
2026.01.13	02:10:08.274	0.57724	0.57727			6
2026.01.13	02:10:08.906		0.57728			4
2026.01.13	02:10:11.035		0.57726			4
2026.01.13	02:10:11.344	0.57723				2
2026.01.13	02:10:17.398		0.57725			4
2026.01.13	02:10:18.016		0.57726			4
2026.01.13	02:10:25.399	0.57724				2
2026.01.13	02:10:29.123	0.57723	0.57725			6
2026.01.13	02:10:30.048	0.57724	0.57726			6
2026.01.13	02:10:30.377	0.57723				2
2026.01.13	02:10:31.987	0.57724				2
2026.01.13	02:10:32.290	0.57723				2
2026.01.13	02:10:35.364	0.57724				2
2026.01.13	02:10:45.332	0.57725				2
2026.01.13	02:10:52.217	0.57724				2
2026.01.13	02:10:56.268	0.57725				2
2026.01.13	02:10:56.576	0.57724	0.57725			6
2026.01.13	02:10:56.894	0.57723	0.57724			6
2026.01.13	02:10:57.224	0.57722	0.57725			6
2026.01.13	02:10:57.527		0.57724			4
2026.01.13	02:10:58.178	0.57723				2
2026.01.13	02:11:00.051	0.57723				2
2026.01.13	02:11:00.355	0.57722				2
2026.01.13	02:11:01.991	0.57721				2
2026.01.13	02:11:03.294	0.57722				2
2026.01.13	02:11:05.506	0.57720	0.57723			6
2026.01.13	02:11:07.459	0.57721				2
2026.01.13	02:11:10.324	0.57722				2
2026.01.13	02:11:10.672	0.57723	0.57726			6
2026.01.13	02:11:10.975	0.57724				2
2026.01.13	02:11:11.323	0.57723				2
2026.01.13	02:11:12.278		0.57725			4
2026.01.13	02:11:16.236	0.57724				2
2026.01.13	02:11:24.117	0.57725	0.57727			6
2026.01.13	02:11:24.437	0.57726				2
2026.01.13	02:11:25.084	0.57727	0.57729			6
2026.01.13	02:11:25.386	0.57726				2
2026.01.13	02:11:28.459		0.57728			4
2026.01.13	02:11:37.315	0.57727				2
2026.01.13	02:11:48.235	0.57726	0.57727			6
2026.01.13	02:11:50.094	0.57727	0.57728			6
2026.01.13	02:11:50.397	0.57726	0.57727			6
2026.01.13	02:11:50.726	0.57727	0.57728			6
2026.01.13	02:11:51.030	0.57726	0.57727			6
2026.01.13	02:11:51.336		0.57728			4
2026.01.13	02:11:51.651		0.57727			4
2026.01.13	02:11:52.270		0.57728			4
2026.01.13	02:11:56.352	0.57727				2
2026.01.13	02:12:00.091	0.57727				2
2026.01.13	02:12:01.041	0.57726	0.57727			6
2026.01.13	02:12:01.348	0.57727	0.57728			6
2026.01.13	02:12:02.904	0.57725	0.57726			6
2026.01.13	02:12:03.208	0.57723	0.57725			6
2026.01.13	02:12:06.102		0.57724			4
2026.01.13	02:12:06.406	0.57721				2
2026.01.13	02:12:08.062		0.57725			4
2026.01.13	02:12:12.234		0.57724			4
2026.01.13	02:12:12.586	0.57722	0.57725			6
2026.01.13	02:12:13.237	0.57721				2
2026.01.13	02:12:14.240	0.57722				2
2026.01.13	02:12:16.502	0.57721	0.57724			6
2026.01.13	02:12:19.418	0.57722				2
2026.01.13	02:12:25.360		0.57723			4
2026.01.13	02:12:38.161	0.57723	0.57724			6
2026.01.13	02:12:39.413	0.57722				2
2026.01.13	02:12:41.672		0.57725			4
2026.01.13	02:12:43.276	0.57723				2
2026.01.13	02:12:48.398	0.57722	0.57724			6
2026.01.13	02:12:49.397	0.57721				2
2026.01.13	02:12:55.166	0.57722				2
2026.01.13	02:13:00.106	0.57722				2
2026.01.13	02:13:02.313	0.57721	0.57723			6
2026.01.13	02:13:04.172		0.57722			4
2026.01.13	02:13:04.478		0.57723			4
2026.01.13	02:13:07.368	0.57720				2
2026.01.13	02:13:08.636		0.57721			4
2026.01.13	02:13:08.976	0.57719				2
2026.01.13	02:13:14.454	0.57718				2
2026.01.13	02:13:16.712	0.57719				2
2026.01.13	02:13:20.273	0.57718				2
2026.01.13	02:13:26.091	0.57719				2
2026.01.13	02:13:30.512	0.57718				2
2026.01.13	02:13:31.210	0.57717				2
2026.01.13	02:13:32.062	0.57718				2
2026.01.13	02:13:41.404		0.57720			4
2026.01.13	02:13:42.352		0.57721			4
2026.01.13	02:13:46.420		0.57720			4
2026.01.13	02:14:00.127	0.57718				2
2026.01.13	02:14:03.266	0.57719	0.57721			6
2026.01.13	02:14:04.192	0.57718				2
2026.01.13	02:14:08.206	0.57720	0.57722			6
2026.01.13	02:14:10.314		0.57723			4
2026.01.13	02:14:10.687	0.57723	0.57726			6
2026.01.13	02:14:14.827		0.57725			4
2026.01.13	02:14:16.460	0.57722				2
2026.01.13	02:14:19.869		0.57724			4
2026.01.13	02:14:20.519		0.57725			4
2026.01.13	02:14:32.418	0.57723				2
2026.01.13	02:14:40.562	0.57722	0.57724			6
2026.01.13	02:14:48.534	0.57723	0.57725			6
2026.01.13	02:14:52.207	0.57722				2
2026.01.13	02:14:54.433	0.57723				2
2026.01.13	02:14:56.615	0.57722	0.57724			6
2026.01.13	02:15:00.080	0.57722				2
2026.01.13	02:15:01.334	0.57721	0.57723			6
2026.01.13	02:15:02.273	0.57720				2
2026.01.13	02:15:05.459		0.57722			4
2026.01.13	02:15:05.781		0.57723			4
2026.01.13	02:15:06.185		0.57722			4
2026.01.13	02:15:10.002	0.57721	0.57724			6
2026.01.13	02:15:11.254	0.57720				2
2026.01.13	02:15:15.380	0.57721				2
2026.01.13	02:15:15.712	0.57720	0.57723			6
2026.01.13	02:15:20.082	0.57718	0.57721			6
2026.01.13	02:15:24.720	0.57720	0.57723			6
2026.01.13	02:15:26.831	0.57718	0.57721			6
2026.01.13	02:15:30.491	0.57717	0.57720			6
2026.01.13	02:15:34.189		0.57721			4
2026.01.13	02:15:39.392	0.57718				2
2026.01.13	02:15:43.301		0.57720			4
2026.01.13	02:15:43.918	0.57719	0.57721			6
2026.01.13	02:15:44.550	0.57718	0.57720			6
2026.01.13	02:15:45.475	0.57719	0.57721			6
2026.01.13	02:15:45.789	0.57720	0.57722			6
2026.01.13	02:15:46.409	0.57722	0.57724			6
2026.01.13	02:15:46.711	0.57721	0.57723			6
2026.01.13	02:15:47.334		0.57724			4
2026.01.13	02:15:48.683	0.57720	0.57723			6
2026.01.13	02:15:56.082		0.57722			4
2026.01.13	02:15:56.385		0.57723			4
2026.01.13	02:15:58.335		0.57722			4
2026.01.13	02:15:59.260	0.57724	0.57726			6
2026.01.13	02:15:59.563	0.57726	0.57728			6
2026.01.13	02:16:00.195	0.57725	0.57729			6
2026.01.13	02:16:00.641	0.57726				2
2026.01.13	02:16:00.947	0.57725				2
2026.01.13	02:16:01.412	0.57724	0.57726			6
2026.01.13	02:16:02.099	0.57723				2
2026.01.13	02:16:02.507	0.57725	0.57729			6
2026.01.13	02:16:02.824	0.57726				2
2026.01.13	02:16:06.593	0.57727				2
2026.01.13	02:16:06.922	0.57726				2
2026.01.13	02:16:09.230	0.57727				2
2026.01.13	02:16:09.835	0.57726				2
2026.01.13	02:16:10.169	0.57727				2
2026.01.13	02:16:11.189	0.57728				2
2026.01.13	02:16:14.401	0.57727				2
2026.01.13	02:16:18.540	0.57728	0.57730			6
2026.01.13	02:16:24.144	0.57727	0.57729			6
2026.01.13	02:16:26.319	0.57728	0.57730			6
2026.01.13	02:16:38.773	0.57729				2
2026.01.13	02:16:39.103	0.57727	0.57729			6
2026.01.13	02:16:39.406	0.57728	0.57730			6
2026.01.13	02:16:39.723	0.57727	0.57729			6
2026.01.13	02:16:44.376	0.57728				2
2026.01.13	02:16:44.694	0.57729	0.57730			6
2026.01.13	02:16:45.327	0.57728				2
2026.01.13	02:16:53.116	0.57726	0.57728			6
2026.01.13	02:16:53.736	0.57727	0.57729			6
2026.01.13	02:16:54.368		0.57730			4
2026.01.13	02:16:55.323	0.57726				2
2026.01.13	02:16:56.431	0.57727				2
2026.01.13	02:16:58.990	0.57726	0.57729			6
2026.01.13	02:16:59.339	0.57727				2
2026.01.13	02:17:00.293	0.57727				2
2026.01.13	02:17:12.761	0.57728	0.57730			6
2026.01.13	02:17:13.077	0.57727	0.57729			6
2026.01.13	02:17:22.142	0.57728				2
2026.01.13	02:17:23.697	0.57727	0.57728			6
2026.01.13	02:17:24.329		0.57729			4
2026.01.13	02:17:25.884	0.57728				2
2026.01.13	02:17:27.137	0.57727				2
2026.01.13	02:17:30.402	0.57728				2
2026.01.13	02:17:32.910	0.57727				2
2026.01.13	02:17:34.167	0.57726				2
2026.01.13	02:17:34.718	0.57727				2
2026.01.13	02:17:42.365	0.57728	0.57730			6
2026.01.13	02:17:42.693	0.57729				2
2026.01.13	02:17:43.313	0.57728				2
2026.01.13	02:17:44.603		0.57729			4
2026.01.13	02:17:44.951	0.57729	0.57730			6
2026.01.13	02:17:46.631	0.57727	0.57729			6
2026.01.13	02:17:47.475	0.57729	0.57730			6
2026.01.13	02:17:48.376	0.57728				2
2026.01.13	02:17:53.886	0.57727				2
2026.01.13	02:17:58.549	0.57728				2
2026.01.13	02:17:58.860	0.57727				2
2026.01.13	02:18:00.371	0.57727				2
2026.01.13	02:18:01.419	0.57728				2
2026.01.13	02:18:02.042	0.57731	0.57733			6
2026.01.13	02:18:03.295	0.57730				2
2026.01.13	02:18:15.367		0.57732			4
2026.01.13	02:18:16.291		0.57733			4
2026.01.13	02:18:17.278		0.57732			4
2026.01.13	02:18:20.698	0.57729	0.57731			6
2026.01.13	02:18:21.001	0.57728	0.57730			6
2026.01.13	02:18:21.316		0.57731			4
2026.01.13	02:18:26.426		0.57730			4
2026.01.13	02:18:26.744	0.57729	0.57731			6
2026.01.13	02:18:27.048	0.57728	0.57730			6
2026.01.13	02:18:27.378		0.57731			4
2026.01.13	02:18:29.386		0.57730			4
2026.01.13	02:18:33.609	0.57729	0.57731			6
2026.01.13	02:18:35.135	0.57728	0.57730			6
2026.01.13	02:18:36.391	0.57727				2
2026.01.13	02:18:36.720	0.57728				2
2026.01.13	02:18:38.647		0.57731			4
2026.01.13	02:18:39.419	0.57729				2
2026.01.13	02:18:44.308	0.57730				2
2026.01.13	02:19:00.174	0.57730				2
2026.01.13	02:19:02.364	0.57731	0.57732			6
2026.01.13	02:19:03.621	0.57734	0.57735			6
2026.01.13	02:19:03.928	0.57735	0.57736			6
2026.01.13	02:19:04.237	0.57733	0.57735			6
2026.01.13	02:19:18.275	0.57734				2
2026.01.13	02:19:20.456	0.57733				2
2026.01.13	02:19:26.412		0.57734			4
2026.01.13	02:19:28.922	0.57734	0.57735			6
2026.01.13	02:19:29.223	0.57733				2
2026.01.13	02:19:30.177	0.57734				2
2026.01.13	02:19:33.941	0.57735	0.57736			6
2026.01.13	02:19:34.259	0.57734	0.57735			6
2026.01.13	02:19:35.209	0.57735	0.57736			6
2026.01.13	02:19:41.124	0.57734	0.57735			6
2026.01.13	02:19:48.310	0.57733	0.57734			6
2026.01.13	02:19:49.236	0.57732	0.57735			6
2026.01.13	02:19:52.424	0.57733				2
2026.01.13	02:19:58.206	0.57734				2
2026.01.13	02:19:59.131	0.57733				2
2026.01.13	02:19:59.767	0.57734				2
2026.01.13	02:20:00.116	0.57734				2
2026.01.13	02:20:00.420		0.57736			4
2026.01.13	02:20:01.725		0.57735			4
2026.01.13	02:20:10.340	0.57735	0.57736			6
2026.01.13	02:20:10.906	0.57734				2
2026.01.13	02:20:15.685	0.57733	0.57735			6
2026.01.13	02:20:16.330	0.57732				2
2026.01.13	02:20:18.984	0.57733				2
2026.01.13	02:20:20.896	0.57734	0.57736			6
2026.01.13	02:20:31.327	0.57735				2
2026.01.13	02:20:31.629	0.57734				2
2026.01.13	02:20:32.280	0.57735				2
2026.01.13	02:20:37.267	0.57734				2
2026.01.13	02:20:38.202	0.57735				2
2026.01.13	02:20:56.569	0.57738	0.57739			6
2026.01.13	02:20:57.188	0.57737	0.57740			6
2026.01.13	02:20:58.472	0.57738				2
2026.01.13	02:21:00.044	0.57737				2
2026.01.13	02:21:00.382	0.57736	0.57739			6
2026.01.13	02:21:01.009		0.57738			4
2026.01.13	02:21:02.038		0.57739			4
2026.01.13	02:21:04.694		0.57738			4
2026.01.13	02:21:06.305		0.57739			4
2026.01.13	02:21:07.912		0.57738			4
2026.01.13	02:21:13.389	0.57737				2
2026.01.13	02:21:21.485	0.57736				2
2026.01.13	02:21:21.814	0.57737				2
2026.01.13	02:21:32.725	0.57736	0.57737			6
2026.01.13	02:21:34.282		0.57738			4
2026.01.13	02:21:35.263	0.57737				2
2026.01.13	02:21:36.188	0.57736				2
2026.01.13	02:21:38.432	0.57737	0.57739			6
2026.01.13	02:21:39.430	0.57736	0.57738			6
2026.01.13	02:21:40.384	0.57735				2
2026.01.13	02:21:42.945	0.57736				2
2026.01.13	02:21:48.162	0.57737				2
2026.01.13	02:21:54.384	0.57736				2
2026.01.13	02:21:55.691	0.57737				2
2026.01.13	02:21:56.642	0.57736				2
2026.01.13	02:21:57.565	0.57737				2
2026.01.13	02:21:58.516	0.57736	0.57737			6
2026.01.13	02:21:59.123		0.57738			4
2026.01.13	02:22:00.060	0.57736				2
2026.01.13	02:22:07.341	0.57737				2
2026.01.13	02:22:20.188		0.57739			4
2026.01.13	02:22:20.843		0.57738			4
2026.01.13	02:22:22.727	0.57738	0.57739			6
2026.01.13	02:22:23.048	0.57737	0.57738			6
2026.01.13	02:22:36.173	0.57736	0.57737			6
2026.01.13	02:22:36.478	0.57735	0.57736			6
2026.01.13	02:22:37.122	0.57734				2
2026.01.13	02:22:41.023	0.57733	0.57735			6
2026.01.13	02:22:46.244	0.57734				2
2026.01.13	02:22:56.537	0.57733				2
2026.01.13	02:23:00.184	0.57733	0.57734			6
2026.01.13	02:23:00.485	0.57732				2
2026.01.13	02:23:01.138	0.57731	0.57735			6
2026.01.13	02:23:03.399	0.57732				2
2026.01.13	02:23:03.747		0.57734			4
2026.01.13	02:23:05.659	0.57731				2
2026.01.13	02:23:10.429	0.57732				2
2026.01.13	02:23:15.118		0.57733			4
2026.01.13	02:23:42.207	0.57733	0.57734			6
2026.01.13	02:23:43.156	0.57732				2
2026.01.13	02:23:55.720	0.57730	0.57731			6
2026.01.13	02:23:56.022	0.57731	0.57733			6
2026.01.13	02:23:57.323	0.57730				2
2026.01.13	02:23:57.707		0.57732			4
2026.01.13	02:24:00.229	0.57730				2
2026.01.13	02:24:02.136	0.57731				2
2026.01.13	02:24:04.343	0.57730				2
