<DATE>	<TIME>	<BID>	<ASK>	<LAST>	<VOLUME>	<FLAGS>
2026.04.09	00:03:30.985	0.58238	0.58360			6
2026.04.09	00:04:00.192	0.58238				2
2026.04.09	00:04:31.165		0.58360			4
2026.04.09	00:05:00.073	0.58238				2
2026.04.09	00:05:00.376	0.58203	0.58325			6
2026.04.09	00:05:05.791		0.58306			4
2026.04.09	00:05:06.392		0.58301			4
2026.04.09	00:05:06.694		0.58310			4
2026.04.09	00:05:06.994		0.58308			4
2026.04.09	00:05:07.294		0.58304			4
2026.04.09	00:05:07.896		0.58300			4
2026.04.09	00:05:08.198		0.58308			4
2026.04.09	00:05:08.799		0.58304			4
2026.04.09	00:05:10.305		0.58298			4
2026.04.09	00:05:12.108	0.58231	0.58353			6
2026.04.09	00:05:56.653	0.58232	0.58354			6
2026.04.09	00:06:00.259	0.58232				2
2026.04.09	00:06:12.310	0.58234	0.58356			6
2026.04.09	00:06:30.653	0.58236	0.58358			6
2026.04.09	00:07:00.159	0.58236				2
2026.04.09	00:07:30.862		0.58358			4
2026.04.09	00:08:00.076	0.58236				2
2026.04.09	00:08:31.068		0.58358			4
2026.04.09	00:08:55.793	0.58233	0.58355			6
2026.04.09	00:09:00.004	0.58233				2
2026.04.09	00:09:26.788	0.58231	0.58353			6
2026.04.09	00:09:28.591	0.58232	0.58354			6
2026.04.09	00:09:35.511	0.58231	0.58353			6
2026.04.09	00:09:38.517	0.58232	0.58354			6
2026.04.09	00:09:43.326	0.58231	0.58353			6
2026.04.09	00:09:45.738	0.58232	0.58354			6
2026.04.09	00:10:00.187	0.58232				2
2026.04.09	00:10:01.092	0.58231	0.58353			6
2026.04.09	00:10:01.760	0.58193	0.58235			6
2026.04.09	00:10:01.997	0.58194	0.58236			6
2026.04.09	00:10:02.297	0.58190	0.58228			6
2026.04.09	00:10:08.014	0.58191	0.58229			6
2026.04.09	00:10:09.216	0.58190	0.58228			6
2026.04.09	00:10:13.125	0.58191	0.58229			6
2026.04.09	00:10:20.658	0.58130	0.58196			6
2026.04.09	00:10:32.096	0.58131	0.58197			6
2026.04.09	00:10:40.525	0.58132	0.58198			6
2026.04.09	00:10:41.727	0.58130	0.58196			6
2026.04.09	00:10:53.768		0.58222			4
2026.04.09	00:10:59.186		0.58221			4
2026.04.09	00:11:00.091	0.58130				2
2026.04.09	00:11:02.199	0.58126				2
2026.04.09	00:11:02.500		0.58222			4
2026.04.09	00:11:04.915		0.58210			4
2026.04.09	00:11:05.215		0.58211			4
2026.04.09	00:11:09.123		0.58213			4
2026.04.09	00:11:10.023		0.58192			4
2026.04.09	00:11:24.758		0.58227			4
2026.04.09	00:11:25.059		0.58210			4
2026.04.09	00:11:29.867		0.58192			4
2026.04.09	00:11:31.374		0.58211			4
2026.04.09	00:11:39.798		0.58192			4
2026.04.09	00:11:50.022		0.58193			4
2026.04.09	00:11:54.837		0.58192			4
2026.04.09	00:11:55.138		0.58227			4
2026.04.09	00:11:57.845	0.58175				2
2026.04.09	00:11:58.146	0.58204	0.58281			6
2026.04.09	00:11:59.351		0.58282			4
2026.04.09	00:12:00.252	0.58204				2
2026.04.09	00:12:01.454		0.58283			4
2026.04.09	00:12:01.755		0.58284			4
2026.04.09	00:12:02.957		0.58285			4
2026.04.09	00:12:06.562		0.58286			4
2026.04.09	00:12:07.465		0.58287			4
2026.04.09	00:12:08.967	0.58205	0.58288			6
2026.04.09	00:12:09.869		0.58284			4
2026.04.09	00:12:10.169		0.58285			4
2026.04.09	00:12:12.575	0.58212	0.58264			6
2026.04.09	00:12:36.953	0.58211				2
2026.04.09	00:12:37.555	0.58212				2
2026.04.09	00:12:48.092	0.58211				2
2026.04.09	00:12:56.818	0.58212				2
2026.04.09	00:13:00.123	0.58212				2
2026.04.09	00:13:07.950	0.58211				2
2026.04.09	00:13:12.454	0.58212				2
2026.04.09	00:13:12.754		0.58264			4
2026.04.09	00:13:18.164	0.58206				2
2026.04.09	00:13:25.393	0.58226	0.58265			6
2026.04.09	00:13:25.693	0.58233	0.58272			6
2026.04.09	00:13:45.551	0.58236	0.58277			6
2026.04.09	00:13:45.851	0.58237	0.58278			6
2026.04.09	00:14:00.276	0.58237				2
2026.04.09	00:14:46.025		0.58278			4
2026.04.09	00:15:00.156	0.58237				2
2026.04.09	00:15:11.585	0.58236	0.58277			6
2026.04.09	00:15:19.708	0.58238	0.58279			6
2026.04.09	00:15:20.010	0.58239	0.58280			6
2026.04.09	00:15:22.722	0.58238	0.58279			6
2026.04.09	00:15:37.762	0.58237	0.58278			6
2026.04.09	00:15:39.572	0.58236	0.58277			6
2026.04.09	00:15:54.328	0.58235	0.58276			6
2026.04.09	00:16:00.047	0.58235				2
2026.04.09	00:16:04.258	0.58240	0.58281			6
2026.04.09	00:16:07.261	0.58241	0.58282			6
2026.04.09	00:16:08.162	0.58240	0.58281			6
2026.04.09	00:17:00.225	0.58240				2
2026.04.09	00:17:02.933	0.58260	0.58311			6
2026.04.09	00:17:03.234	0.58261				2
2026.04.09	00:17:03.535	0.58263				2
2026.04.09	00:17:07.150	0.58265				2
2026.04.09	00:17:08.051	0.58267				2
2026.04.09	00:17:16.767	0.58266				2
2026.04.09	00:17:18.577	0.58260				2
2026.04.09	00:17:18.879	0.58259				2
2026.04.09	00:17:21.893	0.58258				2
2026.04.09	00:17:30.927	0.58259				2
2026.04.09	00:17:33.937	0.58252				2
2026.04.09	00:17:37.011	0.58258				2
2026.04.09	00:17:37.612	0.58257				2
2026.04.09	00:17:42.124	0.58258				2
2026.04.09	00:17:45.738	0.58256				2
2026.04.09	00:17:50.250	0.58253				2
2026.04.09	00:17:50.550	0.58254				2
2026.04.09	00:17:50.850	0.58253				2
2026.04.09	00:17:51.151	0.58251				2
2026.04.09	00:17:52.053	0.58254				2
2026.04.09	00:17:55.061	0.58256				2
2026.04.09	00:17:55.362	0.58254				2
2026.04.09	00:18:00.192	0.58254				2
2026.04.09	00:18:00.794	0.58255				2
2026.04.09	00:18:03.199		0.58311			4
2026.04.09	00:18:07.117	0.58260				2
2026.04.09	00:18:12.228	0.58263				2
2026.04.09	00:18:14.036	0.58259	0.58305			6
2026.04.09	00:18:14.636	0.58257				2
2026.04.09	00:18:49.526	0.58256				2
2026.04.09	00:18:57.952	0.58261				2
2026.04.09	00:19:00.054	0.58261				2
2026.04.09	00:19:14.218		0.58302			4
2026.04.09	00:19:20.850	0.58258				2
2026.04.09	00:19:54.252	0.58260				2
2026.04.09	00:19:58.166	0.58259				2
2026.04.09	00:20:00.276	0.58246	0.58299			6
2026.04.09	00:20:22.247	0.58247				2
2026.04.09	00:20:23.451		0.58304			4
2026.04.09	00:20:23.958		0.58299			4
2026.04.09	00:20:29.965	0.58248				2
2026.04.09	00:21:00.056	0.58248				2
2026.04.09	00:21:07.275	0.58252				2
2026.04.09	00:21:15.701	0.58256				2
2026.04.09	00:21:24.133	0.58257	0.58299			6
2026.04.09	00:21:24.434	0.58254				2
2026.04.09	00:21:27.746	0.58255				2
2026.04.09	00:21:38.863	0.58254				2
2026.04.09	00:21:43.978	0.58253				2
2026.04.09	00:21:46.390	0.58252				2
2026.04.09	00:22:00.220	0.58252				2
2026.04.09	00:22:18.563	0.58251				2
2026.04.09	00:22:24.276		0.58299			4
2026.04.09	00:22:26.989	0.58231	0.58275			6
2026.04.09	00:22:29.695	0.58224	0.58271			6
2026.04.09	00:23:00.081	0.58224				2
2026.04.09	00:23:25.057	0.58212	0.58259			6
2026.04.09	00:23:26.257	0.58210				2
2026.04.09	00:23:30.170	0.58208				2
2026.04.09	00:23:47.625	0.58209				2
2026.04.09	00:24:00.263	0.58209				2
2026.04.09	00:24:02.066	0.58208				2
2026.04.09	00:24:02.367	0.58209				2
2026.04.09	00:24:04.772	0.58208				2
2026.04.09	00:24:06.876	0.58209				2
2026.04.09	00:24:08.078	0.58208				2
2026.04.09	00:24:11.094	0.58199				2
2026.04.09	00:24:11.994		0.58253			4
2026.04.09	00:24:24.937	0.58201				2
2026.04.09	00:24:26.445	0.58202				2
2026.04.09	00:24:51.420	0.58201				2
2026.04.09	00:24:53.225	0.58202				2
2026.04.09	00:24:56.236	0.58201				2
2026.04.09	00:24:56.537	0.58202				2
2026.04.09	00:25:00.145	0.58202				2
2026.04.09	00:25:04.053	0.58195	0.58246			6
2026.04.09	00:25:14.581		0.58245			4
2026.04.09	00:25:16.697		0.58246			4
2026.04.09	00:25:20.614		0.58245			4
2026.04.09	00:25:22.421		0.58246			4
2026.04.09	00:26:00.031	0.58195				2
2026.04.09	00:26:03.945	0.58193				2
2026.04.09	00:26:22.417		0.58245			4
2026.04.09	00:26:29.523		0.58246			4
2026.04.09	00:26:40.377		0.58245			4
2026.04.09	00:26:41.877		0.58244			4
2026.04.09	00:26:53.361		0.58245			4
2026.04.09	00:27:00.265	0.58193				2
2026.04.09	00:27:00.565		0.58244			4
2026.04.09	00:27:07.071		0.58245			4
2026.04.09	00:27:08.308		0.58244			4
2026.04.09	00:27:09.050		0.58245			4
2026.04.09	00:27:10.250		0.58246			4
2026.04.09	00:27:18.675		0.58244			4
2026.04.09	00:27:18.975		0.58245			4
2026.04.09	00:27:28.671		0.58244			4
2026.04.09	00:27:30.178		0.58245			4
2026.04.09	00:27:34.378		0.58244			4
2026.04.09	00:27:51.246		0.58245			4
2026.04.09	00:28:00.178	0.58193				2
2026.04.09	00:28:53.883		0.58245			4
2026.04.09	00:29:02.877	0.58193				2
2026.04.09	00:29:11.580		0.58244			4
2026.04.09	00:29:15.779		0.58245			4
2026.04.09	00:29:54.477		0.58244			4
2026.04.09	00:29:58.143		0.58245			4
2026.04.09	00:29:59.577		0.58244			4
2026.04.09	00:30:00.424	0.58193				2
2026.04.09	00:30:00.723		0.58243			4
2026.04.09	00:30:19.102		0.58242			4
2026.04.09	00:30:28.516		0.58243			4
2026.04.09	00:31:00.576	0.58193				2
2026.04.09	00:31:00.877		0.58244			4
2026.04.09	00:31:34.369		0.58245			4
2026.04.09	00:31:38.482		0.58237			4
2026.04.09	00:31:38.854	0.58207	0.58245			6
2026.04.09	00:31:39.454	0.58193	0.58237			6
2026.04.09	00:31:39.755	0.58207	0.58245			6
2026.04.09	00:31:40.056	0.58193	0.58237			6
2026.04.09	00:31:40.356	0.58207	0.58245			6
2026.04.09	00:31:40.656	0.58193	0.58237			6
2026.04.09	00:31:40.956	0.58207	0.58245			6
2026.04.09	00:31:41.257	0.58193	0.58237			6
2026.04.09	00:31:41.560	0.58207	0.58245			6
2026.04.09	00:31:41.860	0.58193	0.58237			6
2026.04.09	00:31:42.200	0.58207	0.58245			6
2026.04.09	00:31:42.535	0.58193				2
2026.04.09	00:32:00.667	0.58193				2
2026.04.09	00:32:00.967		0.58244			4
2026.04.09	00:32:09.054		0.58236			4
2026.04.09	00:32:09.353	0.58203	0.58244			6
2026.04.09	00:32:09.704	0.58193	0.58236			6
2026.04.09	00:32:10.019	0.58203	0.58244			6
2026.04.09	00:32:10.361	0.58193	0.58236			6
2026.04.09	00:32:10.980	0.58203	0.58244			6
2026.04.09	00:32:11.279	0.58193	0.58236			6
2026.04.09	00:32:11.591	0.58203	0.58244			6
2026.04.09	00:32:11.892	0.58193	0.58236			6
2026.04.09	00:32:12.195	0.58203	0.58244			6
2026.04.09	00:32:12.495	0.58193	0.58236			6
2026.04.09	00:32:12.795	0.58203	0.58244			6
2026.04.09	00:32:13.100	0.58193				2
2026.04.09	00:32:16.382		0.58241			4
2026.04.09	00:32:17.894		0.58244			4
2026.04.09	00:32:22.456		0.58243			4
2026.04.09	00:32:25.691		0.58240			4
2026.04.09	00:32:36.488		0.58239			4
2026.04.09	00:32:37.987		0.58243			4
2026.04.09	00:32:38.287		0.58244			4
2026.04.09	00:32:54.798		0.58242			4
2026.04.09	00:33:00.422	0.58193				2
2026.04.09	00:33:00.722		0.58240			4
2026.04.09	00:33:03.178		0.58239			4
2026.04.09	00:33:04.384		0.58243			4
2026.04.09	00:33:14.797		0.58240			4
2026.04.09	00:33:19.094		0.58244			4
2026.04.09	00:33:19.394		0.58245			4
2026.04.09	00:33:21.483		0.58244			4
2026.04.09	00:33:21.787		0.58242			4
2026.04.09	00:33:23.577		0.58241			4
2026.04.09	00:33:37.408		0.58242			4
2026.04.09	00:33:39.095		0.58241			4
2026.04.09	00:34:00.778	0.58193	0.58242			6
2026.04.09	00:34:04.080	0.58194				2
2026.04.09	00:34:11.621		0.58241			4
2026.04.09	00:34:18.538		0.58240			4
2026.04.09	00:34:37.774		0.58242			4
2026.04.09	00:34:38.975		0.58244			4
2026.04.09	00:34:39.874		0.58245			4
2026.04.09	00:34:40.778		0.58246			4
2026.04.09	00:35:00.044	0.58194				2
2026.04.09	00:35:40.977		0.58246			4
2026.04.09	00:35:59.650		0.58245			4
2026.04.09	00:35:59.950		0.58244			4
2026.04.09	00:36:00.249	0.58194				2
2026.04.09	00:36:08.062		0.58243			4
2026.04.09	00:36:13.475		0.58246			4
2026.04.09	00:36:24.024		0.58243			4
2026.04.09	00:36:39.974		0.58242			4
2026.04.09	00:36:56.824	0.58192	0.58241			6
2026.04.09	00:36:58.630		0.58240			4
2026.04.09	00:37:00.133	0.58192	0.58242			6
2026.04.09	00:37:05.250		0.58243			4
2026.04.09	00:37:09.156		0.58242			4
2026.04.09	00:37:23.899		0.58241			4
2026.04.09	00:37:28.415		0.58242			4
2026.04.09	00:37:37.140		0.58241			4
2026.04.09	00:37:38.645		0.58242			4
2026.04.09	00:37:39.247		0.58243			4
2026.04.09	00:37:44.355		0.58246			4
2026.04.09	00:38:00.002	0.58192				2
2026.04.09	00:38:19.256		0.58242			4
2026.04.09	00:38:22.860		0.58241			4
2026.04.09	00:38:58.657		0.58243			4
2026.04.09	00:38:58.958		0.58241			4
2026.04.09	00:39:00.158	0.58192				2
2026.04.09	00:39:09.191		0.58244			4
2026.04.09	00:39:10.694		0.58241			4
2026.04.09	00:39:13.102		0.58240			4
2026.04.09	00:39:18.826		0.58241			4
2026.04.09	00:39:28.450		0.58240			4
2026.04.09	00:39:28.750		0.58242			4
2026.04.09	00:39:29.051		0.58241			4
2026.04.09	00:39:29.351		0.58240			4
2026.04.09	00:39:30.554		0.58241			4
2026.04.09	00:39:32.055		0.58240			4
2026.04.09	00:39:33.256	0.58191				2
2026.04.09	00:39:43.481		0.58239			4
2026.04.09	00:39:48.896		0.58240			4
2026.04.09	00:39:51.309		0.58239			4
2026.04.09	00:39:59.127		0.58240			4
2026.04.09	00:40:00.031	0.58191				2
2026.04.09	00:40:11.462		0.58246			4
2026.04.09	00:40:14.475	0.58186	0.58240			6
2026.04.09	00:40:18.395		0.58239			4
2026.04.09	00:40:18.995		0.58240			4
2026.04.09	00:40:41.567		0.58241			4
2026.04.09	00:40:55.725		0.58239			4
2026.04.09	00:41:00.244	0.58186				2
2026.04.09	00:41:04.152		0.58241			4
2026.04.09	00:41:14.679	0.58185				2
2026.04.09	00:41:19.495		0.58238			4
2026.04.09	00:41:21.301		0.58239			4
2026.04.09	00:41:22.506		0.58240			4
2026.04.09	00:41:32.752		0.58239			4
2026.04.09	00:41:37.861		0.58238			4
2026.04.09	00:42:00.148	0.58185				2
2026.04.09	00:42:00.449		0.58237			4
2026.04.09	00:42:01.951		0.58238			4
2026.04.09	00:42:04.655		0.58237			4
2026.04.09	00:42:05.256		0.58238			4
2026.04.09	00:42:06.463		0.58237			4
2026.04.09	00:42:13.685		0.58238			4
2026.04.09	00:42:20.308		0.58239			4
2026.04.09	00:42:20.608		0.58241			4
2026.04.09	00:42:20.909		0.58240			4
2026.04.09	00:42:22.113		0.58241			4
2026.04.09	00:42:22.714		0.58240			4
2026.04.09	00:42:26.925		0.58233			4
2026.04.09	00:42:37.460		0.58234			4
2026.04.09	00:42:38.361		0.58233			4
2026.04.09	00:42:38.963		0.58232			4
2026.04.09	00:42:39.264		0.58234			4
2026.04.09	00:42:39.566		0.58233			4
2026.04.09	00:42:41.975		0.58232			4
2026.04.09	00:42:51.916		0.58234			4
2026.04.09	00:43:00.049	0.58185				2
2026.04.09	00:43:07.563		0.58235			4
2026.04.09	00:43:16.896		0.58234			4
2026.04.09	00:43:18.099		0.58235			4
2026.04.09	00:43:38.574		0.58234			4
2026.04.09	00:43:52.116		0.58233			4
2026.04.09	00:43:53.320		0.58234			4
2026.04.09	00:44:00.237	0.58185	0.58235			6
2026.04.09	00:44:03.245		0.58234			4
2026.04.09	00:44:08.657		0.58235			4
2026.04.09	00:44:09.858		0.58234			4
2026.04.09	00:44:11.361		0.58235			4
2026.04.09	00:44:16.178		0.58239			4
2026.04.09	00:44:20.089		0.58240			4
2026.04.09	00:44:21.594		0.58239			4
2026.04.09	00:44:24.906		0.58240			4
2026.04.09	00:44:33.326		0.58241			4
2026.04.09	00:44:34.531		0.58240			4
2026.04.09	00:44:48.963		0.58241			4
2026.04.09	00:44:50.766		0.58240			4
2026.04.09	00:44:54.376		0.58239			4
2026.04.09	00:44:55.285		0.58240			4
2026.04.09	00:44:57.695		0.58239			4
2026.04.09	00:45:00.103	0.58185				2
2026.04.09	00:45:00.703		0.58240			4
2026.04.09	00:45:01.905		0.58239			4
2026.04.09	00:45:02.205		0.58247			4
2026.04.09	00:45:04.920		0.58238			4
2026.04.09	00:45:08.525		0.58239			4
2026.04.09	00:45:11.231		0.58238			4
2026.04.09	00:45:12.435		0.58239			4
2026.04.09	00:45:19.654		0.58238			4
2026.04.09	00:45:28.962		0.58239			4
2026.04.09	00:45:33.782		0.58238			4
2026.04.09	00:45:35.286		0.58239			4
2026.04.09	00:45:46.122		0.58238			4
2026.04.09	00:45:51.239		0.58240			4
2026.04.09	00:45:56.054		0.58237			4
2026.04.09	00:45:56.958		0.58236			4
2026.04.09	00:45:58.461		0.58237			4
2026.04.09	00:46:00.265	0.58185				2
2026.04.09	00:46:08.402		0.58236			4
2026.04.09	00:46:10.513		0.58235			4
2026.04.09	00:46:14.425	0.58184				2
2026.04.09	00:46:19.242		0.58237			4
2026.04.09	00:46:19.542		0.58239			4
2026.04.09	00:46:28.856		0.58238			4
2026.04.09	00:46:32.461		0.58239			4
2026.04.09	00:47:00.157	0.58184				2
2026.04.09	00:47:02.261		0.58246			4
2026.04.09	00:47:04.065		0.58239			4
2026.04.09	00:47:08.582		0.58236			4
2026.04.09	00:47:09.184		0.58237			4
2026.04.09	00:47:15.802		0.58236			4
2026.04.09	00:47:18.512		0.58237			4
2026.04.09	00:47:19.113		0.58238			4
2026.04.09	00:47:21.216		0.58239			4
2026.04.09	00:48:00.013	0.58184				2
2026.04.09	00:48:21.363		0.58239			4
2026.04.09	00:48:23.472		0.58238			4
2026.04.09	00:48:30.099		0.58239			4
2026.04.09	00:48:34.318		0.58241			4
2026.04.09	00:48:38.527		0.58240			4
2026.04.09	00:48:43.042		0.58238			4
2026.04.09	00:48:45.150		0.58239			4
2026.04.09	00:48:48.453		0.58236			4
2026.04.09	00:48:58.672		0.58238			4
2026.04.09	00:48:58.973		0.58235			4
2026.04.09	00:48:59.274		0.58236			4
2026.04.09	00:49:00.175	0.58184	0.58234			6
2026.04.09	00:49:00.775		0.58235			4
2026.04.09	00:49:08.926		0.58237			4
2026.04.09	00:49:09.229		0.58238			4
2026.04.09	00:49:28.468		0.58235			4
2026.04.09	00:49:38.407		0.58238			4
2026.04.09	00:49:48.937		0.58235			4
2026.04.09	00:49:56.162		0.58236			4
2026.04.09	00:49:56.762		0.58235			4
2026.04.09	00:49:58.866		0.58237			4
2026.04.09	00:50:00.075	0.58184	0.58238			6
2026.04.09	00:50:11.819		0.58239			4
2026.04.09	00:50:14.525	0.58185				2
2026.04.09	00:50:15.426		0.58238			4
2026.04.09	00:50:31.662		0.58242			4
2026.04.09	00:50:33.774		0.58241			4
2026.04.09	00:50:34.675		0.58240			4
2026.04.09	00:50:35.275		0.58239			4
2026.04.09	00:50:35.577		0.58238			4
2026.04.09	00:50:40.695		0.58240			4
2026.04.09	00:50:51.521		0.58239			4
2026.04.09	00:50:54.526		0.58237			4
2026.04.09	00:51:00.250	0.58185				2
2026.04.09	00:51:03.553		0.58236			4
2026.04.09	00:51:04.157		0.58237			4
2026.04.09	00:51:07.158		0.58238			4
2026.04.09	00:51:08.058	0.58217	0.58248			6
2026.04.09	00:51:08.358	0.58216				2
2026.04.09	00:51:08.660	0.58220				2
2026.04.09	00:51:09.260	0.58222	0.58250			6
2026.04.09	00:51:09.560	0.58223				2
2026.04.09	00:51:13.170	0.58224				2
2026.04.09	00:51:14.375	0.58225				2
2026.04.09	00:51:15.577	0.58224				2
2026.04.09	00:51:27.014	0.58226				2
2026.04.09	00:51:29.420	0.58227				2
2026.04.09	00:51:29.720	0.58225				2
2026.04.09	00:51:30.924	0.58224				2
2026.04.09	00:51:31.225	0.58225				2
2026.04.09	00:51:32.127	0.58226				2
2026.04.09	00:51:33.028	0.58228				2
2026.04.09	00:51:33.330	0.58227				2
2026.04.09	00:51:36.341	0.58226				2
2026.04.09	00:51:45.057	0.58227				2
2026.04.09	00:51:48.361	0.58228				2
2026.04.09	00:51:51.965	0.58227				2
2026.04.09	00:51:52.265	0.58229				2
2026.04.09	00:51:54.972	0.58224				2
2026.04.09	00:51:55.273	0.58226				2
2026.04.09	00:51:58.292	0.58225				2
2026.04.09	00:52:00.095	0.58225				2
2026.04.09	00:52:02.500	0.58229				2
2026.04.09	00:52:07.621	0.58228				2
2026.04.09	00:52:09.426		0.58250			4
2026.04.09	00:52:25.658	0.58227				2
2026.04.09	00:52:28.067	0.58229				2
2026.04.09	00:52:28.367	0.58228				2
2026.04.09	00:52:32.892	0.58227				2
2026.04.09	00:52:33.192	0.58228				2
2026.04.09	00:52:35.903	0.58229				2
2026.04.09	00:52:36.808	0.58228				2
2026.04.09	00:52:38.611	0.58227				2
2026.04.09	00:52:46.430	0.58228				2
2026.04.09	00:52:48.837	0.58229				2
2026.04.09	00:52:56.952	0.58228				2
2026.04.09	00:52:59.057	0.58229				2
2026.04.09	00:53:00.262	0.58229				2
2026.04.09	00:53:02.667	0.58228				2
2026.04.09	00:53:02.971	0.58227				2
2026.04.09	00:53:04.775	0.58228				2
2026.04.09	00:53:09.610		0.58250			4
2026.04.09	00:53:12.315	0.58229				2
2026.04.09	00:53:20.449	0.58223				2
2026.04.09	00:53:20.750	0.58215				2
2026.04.09	00:53:22.851	0.58214				2
2026.04.09	00:53:26.456	0.58215				2
2026.04.09	00:53:28.261	0.58216				2
2026.04.09	00:53:33.967	0.58215				2
2026.04.09	00:53:34.568	0.58217				2
2026.04.09	00:53:35.170	0.58218				2
2026.04.09	00:53:36.674	0.58219				2
2026.04.09	00:53:40.284	0.58218				2
2026.04.09	00:53:43.899	0.58220				2
2026.04.09	00:53:44.199	0.58221				2
2026.04.09	00:53:48.420	0.58220				2
2026.04.09	00:53:52.330	0.58221				2
2026.04.09	00:53:57.144	0.58220				2
2026.04.09	00:53:59.250	0.58219				2
2026.04.09	00:54:00.151	0.58219				2
2026.04.09	00:54:03.456	0.58220				2
2026.04.09	00:54:03.755	0.58221				2
2026.04.09	00:54:04.357	0.58222				2
2026.04.09	00:54:09.165	0.58220				2
2026.04.09	00:54:09.767	0.58228	0.58250			6
2026.04.09	00:54:11.275	0.58227				2
2026.04.09	00:54:16.993	0.58228				2
2026.04.09	00:54:17.295	0.58229				2
2026.04.09	00:54:20.002	0.58228				2
2026.04.09	00:54:33.845	0.58229				2
2026.04.09	00:54:52.487	0.58228				2
2026.04.09	00:54:55.195	0.58229				2
2026.04.09	00:55:00.013	0.58229				2
2026.04.09	00:55:07.529	0.58225				2
2026.04.09	00:55:08.431	0.58223				2
2026.04.09	00:55:08.732	0.58222				2
2026.04.09	00:55:09.333	0.58221				2
2026.04.09	00:55:09.934	0.58220	0.58250			6
2026.04.09	00:55:14.811	0.58219				2
2026.04.09	00:55:17.817	0.58218				2
2026.04.09	00:55:18.420	0.58216				2
2026.04.09	00:55:32.560	0.58215				2
2026.04.09	00:56:00.251	0.58215				2
2026.04.09	00:56:04.756	0.58214				2
2026.04.09	00:56:10.168		0.58250			4
2026.04.09	00:56:12.276	0.58215				2
2026.04.09	00:56:16.796	0.58214				2
2026.04.09	00:56:42.378	0.58213				2
2026.04.09	00:56:58.326	0.58211				2
2026.04.09	00:57:00.130	0.58210				2
2026.04.09	00:57:01.935	0.58211				2
2026.04.09	00:57:02.234	0.58210				2
2026.04.09	00:57:02.535	0.58208				2
2026.04.09	00:57:05.549	0.58209				2
2026.04.09	00:57:06.149	0.58210				2
2026.04.09	00:57:10.356		0.58250			4
2026.04.09	00:57:11.257	0.58209				2
2026.04.09	00:57:13.660	0.58210				2
2026.04.09	00:57:17.260	0.58209				2
2026.04.09	00:57:20.265	0.58210				2
2026.04.09	00:57:22.967	0.58209				2
2026.04.09	00:57:38.317	0.58208				2
2026.04.09	00:57:39.821	0.58209				2
2026.04.09	00:57:40.721	0.58208				2
2026.04.09	00:57:41.020	0.58209				2
2026.04.09	00:57:43.127	0.58210				2
2026.04.09	00:57:53.955	0.58209				2
2026.04.09	00:57:55.758	0.58208				2
2026.04.09	00:57:56.059	0.58209				2
2026.04.09	00:57:59.664	0.58208				2
2026.04.09	00:58:00.268	0.58208				2
2026.04.09	00:58:01.470	0.58210				2
2026.04.09	00:58:10.504		0.58250			4
2026.04.09	00:58:12.613	0.58211				2
2026.04.09	00:58:15.021	0.58210				2
2026.04.09	00:58:15.319	0.58209				2
2026.04.09	00:58:15.623	0.58208				2
2026.04.09	00:58:20.435	0.58210				2
2026.04.09	00:58:51.118	0.58209				2
2026.04.09	00:58:55.626	0.58208				2
2026.04.09	00:58:56.828	0.58209				2
2026.04.09	00:59:00.143	0.58209				2
2026.04.09	00:59:05.856	0.58199				2
2026.04.09	00:59:09.164	0.58201	0.58248			6
2026.04.09	01:00:00.298	0.58199	0.58253			6
2026.04.09	01:00:00.603	0.58198				2
2026.04.09	01:00:01.498	0.58200	0.58245			6
2026.04.09	01:00:01.799	0.58216	0.58252			6
2026.04.09	01:00:02.100	0.58215				2
2026.04.09	01:00:02.402	0.58205				2
2026.04.09	01:00:05.104	0.58213				2
2026.04.09	01:00:05.401	0.58212				2
2026.04.09	01:00:06.605	0.58211				2
2026.04.09	01:00:06.905	0.58212				2
2026.04.09	01:00:07.806	0.58210				2
2026.04.09	01:00:09.310	0.58205	0.58253			6
2026.04.09	01:00:09.609	0.58201				2
2026.04.09	01:00:13.218	0.58202				2
2026.04.09	01:00:18.029	0.58203				2
2026.04.09	01:00:20.129	0.58204	0.58252			6
2026.04.09	01:00:20.429	0.58206	0.58253			6
2026.04.09	01:00:21.034	0.58205				2
2026.04.09	01:00:21.631	0.58204				2
2026.04.09	01:00:31.557		0.58237			4
2026.04.09	01:00:31.855	0.58209				2
2026.04.09	01:00:40.868	0.58219	0.58238			6
2026.04.09	01:00:41.163	0.58217				2
2026.04.09	01:00:41.469	0.58216				2
2026.04.09	01:00:56.793	0.58217				2
2026.04.09	01:00:57.391	0.58216				2
2026.04.09	01:00:57.996	0.58217				2
2026.04.09	01:00:58.898	0.58216				2
2026.04.09	01:01:00.106	0.58227	0.58230			6
2026.04.09	01:01:00.401	0.58218	0.58238			6
2026.04.09	01:01:00.697	0.58219	0.58244			6
2026.04.09	01:01:01.298	0.58220	0.58243			6
2026.04.09	01:01:05.204	0.58217	0.58244			6
2026.04.09	01:01:11.518		0.58243			4
2026.04.09	01:01:15.120	0.58229	0.58232			6
2026.04.09	01:01:15.418	0.58232	0.58235			6
2026.04.09	01:01:34.349	0.58233				2
2026.04.09	01:01:38.551	0.58223	0.58225			6
2026.04.09	01:01:38.853	0.58222	0.58224			6
2026.04.09	01:01:39.155	0.58220	0.58223			6
2026.04.09	01:01:40.358	0.58219	0.58222			6
2026.04.09	01:01:40.652	0.58220	0.58223			6
2026.04.09	01:02:00.177	0.58220				2
2026.04.09	01:02:07.386		0.58222			4
2026.04.09	01:02:08.293	0.58221	0.58223			6
2026.04.09	01:02:14.602	0.58222	0.58224			6
2026.04.09	01:02:15.204	0.58223	0.58225			6
2026.04.09	01:02:15.504	0.58225	0.58227			6
2026.04.09	01:02:16.402	0.58224	0.58226			6
2026.04.09	01:02:22.424	0.58222				2
2026.04.09	01:02:22.725	0.58220				2
2026.04.09	01:02:24.229	0.58224				2
2026.04.09	01:02:29.032	0.58227	0.58229			6
2026.04.09	01:02:30.236	0.58228	0.58230			6
2026.04.09	01:02:30.837	0.58227	0.58229			6
2026.04.09	01:02:31.440	0.58228	0.58230			6
2026.04.09	01:02:32.638	0.58229	0.58231			6
2026.04.09	01:02:32.939	0.58230	0.58232			6
2026.04.09	01:02:34.745	0.58231	0.58233			6
2026.04.09	01:02:36.546	0.58232	0.58234			6
2026.04.09	01:02:46.458	0.58239	0.58241			6
2026.04.09	01:02:47.360	0.58238				2
2026.04.09	01:02:54.266	0.58240	0.58243			6
2026.04.09	01:02:56.671	0.58241	0.58244			6
2026.04.09	01:03:00.274	0.58241				2
2026.04.09	01:03:02.374	0.58243	0.58246			6
2026.04.09	01:03:03.870	0.58241				2
2026.04.09	01:03:05.374		0.58245			4
2026.04.09	01:03:05.978	0.58243				2
2026.04.09	01:03:13.490	0.58242	0.58244			6
2026.04.09	01:03:25.205	0.58243	0.58245			6
2026.04.09	01:03:26.112	0.58244	0.58246			6
2026.04.09	01:03:31.222	0.58243	0.58245			6
2026.04.09	01:03:32.425	0.58242	0.58244			6
2026.04.09	01:03:39.629	0.58243	0.58245			6
2026.04.09	01:03:39.932	0.58245	0.58247			6
2026.04.09	01:03:55.259	0.58246				2
2026.04.09	01:04:00.070	0.58246				2
2026.04.09	01:04:02.471	0.58244	0.58246			6
2026.04.09	01:04:46.330		0.58245			4
2026.04.09	01:04:53.240	0.58243				2
2026.04.09	01:05:00.156	0.58244	0.58246			6
2026.04.09	01:05:01.357	0.58246	0.58247			6
2026.04.09	01:05:15.166	0.58247	0.58248			6
2026.04.09	01:05:15.470	0.58248	0.58250			6
2026.04.09	01:05:15.768	0.58247	0.58249			6
2026.04.09	01:05:16.371	0.58249	0.58250			6
2026.04.09	01:05:16.969	0.58248				2
2026.04.09	01:05:17.268	0.58249				2
2026.04.09	01:05:17.569	0.58248				2
2026.04.09	01:05:17.871	0.58249				2
2026.04.09	01:05:18.171	0.58248				2
2026.04.09	01:05:18.475	0.58249				2
2026.04.09	01:05:18.776	0.58248				2
2026.04.09	01:05:19.075	0.58249				2
2026.04.09	01:05:19.377	0.58248				2
2026.04.09	01:05:19.676	0.58249				2
2026.04.09	01:05:19.976	0.58248				2
2026.04.09	01:05:25.398	0.58251	0.58253			6
2026.04.09	01:05:28.102	0.58252	0.58254			6
2026.04.09	01:05:29.303	0.58253	0.58255			6
2026.04.09	01:05:33.213	0.58254	0.58256			6
2026.04.09	01:05:34.117	0.58253	0.58255			6
2026.04.09	01:05:35.919	0.58248	0.58250			6
2026.04.09	01:05:36.822	0.58247	0.58249			6
2026.04.09	01:05:37.121		0.58250			4
2026.04.09	01:05:43.143	0.58246	0.58249			6
2026.04.09	01:05:52.155	0.58245	0.58248			6
2026.04.09	01:06:00.278	0.58245				2
2026.04.09	01:06:06.291	0.58240	0.58243			6
2026.04.09	01:06:06.590	0.58239	0.58242			6
2026.04.09	01:06:06.890	0.58237	0.58240			6
2026.04.09	01:06:07.193		0.58241			4
2026.04.09	01:06:13.216		0.58240			4
2026.04.09	01:06:14.419	0.58235	0.58238			6
2026.04.09	01:06:21.946	0.58240	0.58243			6
2026.04.09	01:06:23.149		0.58244			4
2026.04.09	01:06:32.172		0.58243			4
2026.04.09	01:07:00.148	0.58240				2
2026.04.09	01:07:10.365		0.58242			4
2026.04.09	01:08:00.264	0.58240				2
2026.04.09	01:08:02.068	0.58239	0.58241			6
2026.04.09	01:08:02.966	0.58240	0.58242			6
2026.04.09	01:08:23.129		0.58241			4
2026.04.09	01:08:45.069	0.58239				2
2026.04.09	01:08:49.286	0.58241	0.58243			6
2026.04.09	01:08:49.579	0.58240	0.58242			6
2026.04.09	01:09:00.107	0.58240				2
2026.04.09	01:09:02.218	0.58241				2
2026.04.09	01:09:12.147	0.58240				2
2026.04.09	01:09:15.152	0.58241	0.58243			6
2026.04.09	01:09:15.452	0.58245	0.58247			6
2026.04.09	01:09:15.755	0.58246	0.58248			6
2026.04.09	01:09:16.351	0.58245				2
2026.04.09	01:09:17.255	0.58246	0.58249			6
2026.04.09	01:09:20.857	0.58247	0.58250			6
2026.04.09	01:09:21.459	0.58246	0.58249			6
2026.04.09	01:09:22.359	0.58247	0.58250			6
2026.04.09	01:09:22.962	0.58246	0.58249			6
2026.04.09	01:09:25.364	0.58244	0.58247			6
2026.04.09	01:09:25.965	0.58243	0.58246			6
2026.04.09	01:09:44.004	0.58241	0.58244			6
2026.04.09	01:09:44.306	0.58239	0.58242			6
2026.04.09	01:09:57.538	0.58240	0.58243			6
2026.04.09	01:09:58.737	0.58241	0.58244			6
2026.04.09	01:09:59.035	0.58240	0.58243			6
2026.04.09	01:10:00.241	0.58241	0.58244			6
2026.04.09	01:10:01.744	0.58242	0.58245			6
2026.04.09	01:10:04.755	0.58241	0.58244			6
2026.04.09	01:10:27.299	0.58242				2
2026.04.09	01:10:37.521	0.58241	0.58243			6
2026.04.09	01:10:38.425	0.58242	0.58244			6
2026.04.09	01:10:38.725	0.58241	0.58243			6
2026.04.09	01:10:55.557	0.58242	0.58244			6
2026.04.09	01:11:00.064	0.58242				2
2026.04.09	01:11:03.671	0.58241	0.58243			6
2026.04.09	01:11:03.968	0.58239	0.58241			6
2026.04.09	01:11:05.171	0.58240	0.58242			6
2026.04.09	01:11:35.854	0.58239	0.58241			6
2026.04.09	01:11:47.563	0.58237	0.58239			6
2026.04.09	01:12:00.193	0.58237				2
2026.04.09	01:12:02.893	0.58236	0.58238			6
2026.04.09	01:12:07.716	0.58233	0.58235			6
2026.04.09	01:12:08.018	0.58235	0.58237			6
2026.04.09	01:12:08.918	0.58236	0.58238			6
2026.04.09	01:12:40.189	0.58235	0.58237			6
2026.04.09	01:12:40.786	0.58231	0.58233			6
2026.04.09	01:12:41.693	0.58232	0.58234			6
2026.04.09	01:12:41.991	0.58233	0.58235			6
2026.04.09	01:12:42.290	0.58230	0.58233			6
2026.04.09	01:12:43.796	0.58229	0.58232			6
2026.04.09	01:12:56.135	0.58227	0.58230			6
2026.04.09	01:12:56.734	0.58225	0.58228			6
2026.04.09	01:13:00.041	0.58222	0.58225			6
2026.04.09	01:13:00.640	0.58221	0.58224			6
2026.04.09	01:13:02.145	0.58225	0.58227			6
2026.04.09	01:13:03.046		0.58228			4
2026.04.09	01:13:03.347		0.58229			4
2026.04.09	01:13:05.748	0.58226	0.58230			6
2026.04.09	01:13:14.160		0.58229			4
2026.04.09	01:13:31.292	0.58225	0.58228			6
2026.04.09	01:13:48.430	0.58226	0.58229			6
2026.04.09	01:13:49.329	0.58225	0.58228			6
2026.04.09	01:13:50.226	0.58226	0.58229			6
2026.04.09	01:14:00.154	0.58226				2
2026.04.09	01:14:00.753	0.58225	0.58228			6
2026.04.09	01:14:12.163	0.58226				2
2026.04.09	01:14:17.278	0.58227	0.58229			6
2026.04.09	01:14:27.213	0.58226	0.58228			6
2026.04.09	01:14:40.747	0.58224	0.58226			6
2026.04.09	01:14:43.152	0.58225	0.58227			6
2026.04.09	01:14:49.156	0.58226	0.58228			6
2026.04.09	01:15:00.269	0.58226				2
2026.04.09	01:15:02.072	0.58227	0.58229			6
2026.04.09	01:15:05.377	0.58231	0.58233			6
2026.04.09	01:15:06.279	0.58230				2
2026.04.09	01:15:36.356	0.58231				2
2026.04.09	01:15:43.864	0.58230	0.58232			6
2026.04.09	01:15:48.974	0.58228	0.58230			6
2026.04.09	01:15:50.174	0.58227				2
2026.04.09	01:16:00.106	0.58227				2
2026.04.09	01:16:05.211	0.58224	0.58227			6
2026.04.09	01:16:05.515	0.58225	0.58228			6
2026.04.09	01:16:07.016	0.58226	0.58229			6
2026.04.09	01:16:48.168	0.58227				2
2026.04.09	01:17:00.191	0.58227				2
2026.04.09	01:17:03.789	0.58231	0.58233			6
2026.04.09	01:17:04.090	0.58230	0.58232			6
2026.04.09	01:17:04.391	0.58229				2
2026.04.09	01:17:04.692	0.58230	0.58233			6
2026.04.09	01:17:05.890	0.58229	0.58232			6
2026.04.09	01:17:07.394	0.58228	0.58231			6
2026.04.09	01:17:07.693	0.58226	0.58229			6
2026.04.09	01:17:08.294		0.58230			4
2026.04.09	01:17:09.199	0.58225	0.58229			6
2026.04.09	01:17:22.430	0.58226	0.58230			6
2026.04.09	01:17:27.231		0.58229			4
2026.04.09	01:18:00.280	0.58226				2
2026.04.09	01:18:03.588	0.58221	0.58224			6
2026.04.09	01:18:04.191		0.58225			4
2026.04.09	01:18:05.091	0.58220	0.58224			6
2026.04.09	01:18:20.425	0.58219	0.58223			6
2026.04.09	01:18:21.928	0.58220	0.58224			6
2026.04.09	01:18:34.253		0.58223			4
2026.04.09	01:18:53.481	0.58218	0.58221			6
2026.04.09	01:19:00.092	0.58218				2
2026.04.09	01:19:15.427	0.58219				2
2026.04.09	01:19:18.131	0.58218	0.58220			6
2026.04.09	01:19:25.945	0.58219	0.58221			6
2026.04.09	01:19:28.946	0.58218	0.58220			6
2026.04.09	01:19:31.651	0.58219	0.58221			6
2026.04.09	01:19:32.553	0.58218	0.58220			6
2026.04.09	01:19:33.755	0.58219	0.58221			6
2026.04.09	01:19:42.464	0.58218	0.58220			6
2026.04.09	01:19:45.166	0.58219	0.58221			6
2026.04.09	01:19:51.178	0.58218	0.58220			6
2026.04.09	01:19:53.288	0.58217	0.58219			6
2026.04.09	01:19:54.793	0.58215	0.58217			6
2026.04.09	01:19:58.702	0.58216	0.58218			6
2026.04.09	01:20:00.204	0.58216				2
2026.04.09	01:20:14.328	0.58217	0.58219			6
2026.04.09	01:20:18.245	0.58216	0.58218			6
2026.04.09	01:20:29.062	0.58215	0.58217			6
2026.04.09	01:20:30.263	0.58214				2
2026.04.09	01:20:32.067	0.58212	0.58215			6
2026.04.09	01:20:32.364	0.58211	0.58214			6
2026.04.09	01:20:35.366	0.58210	0.58213			6
2026.04.09	01:20:35.972	0.58209	0.58212			6
2026.04.09	01:20:36.873	0.58210	0.58213			6
2026.04.09	01:20:42.881	0.58209	0.58212			6
2026.04.09	01:20:45.885	0.58210	0.58213			6
2026.04.09	01:20:47.385	0.58209	0.58212			6
2026.04.09	01:20:47.987	0.58210	0.58213			6
2026.04.09	01:20:56.114	0.58209	0.58212			6
2026.04.09	01:21:00.017	0.58209				2
2026.04.09	01:21:01.511	0.58210	0.58213			6
2026.04.09	01:21:24.055	0.58208	0.58211			6
2026.04.09	01:21:24.350	0.58210	0.58213			6
2026.04.09	01:21:25.255	0.58211				2
2026.04.09	01:21:30.358	0.58208	0.58210			6
2026.04.09	01:21:30.661	0.58210	0.58212			6
2026.04.09	01:21:30.958	0.58211	0.58213			6
2026.04.09	01:21:32.761	0.58214	0.58216			6
2026.04.09	01:21:33.360	0.58213				2
2026.04.09	01:21:33.662	0.58214	0.58217			6
2026.04.09	01:21:36.967	0.58213	0.58216			6
2026.04.09	01:21:38.464	0.58212	0.58215			6
2026.04.09	01:21:39.369	0.58213	0.58216			6
2026.04.09	01:22:00.097	0.58213				2
2026.04.09	01:22:13.624	0.58215	0.58218			6
2026.04.09	01:22:13.921	0.58216	0.58219			6
2026.04.09	01:22:15.425	0.58215	0.58218			6
2026.04.09	01:22:15.728	0.58214	0.58217			6
2026.04.09	01:22:21.141	0.58215	0.58218			6
2026.04.09	01:22:22.042	0.58216	0.58219			6
2026.04.09	01:22:23.544	0.58215	0.58218			6
2026.04.09	01:22:23.846	0.58214	0.58217			6
2026.04.09	01:22:36.468	0.58212	0.58215			6
2026.04.09	01:22:59.936	0.58214	0.58217			6
2026.04.09	01:23:00.236	0.58214				2
2026.04.09	01:23:02.638	0.58215	0.58218			6
2026.04.09	01:23:03.240	0.58214	0.58217			6
2026.04.09	01:23:04.138	0.58213	0.58216			6
2026.04.09	01:23:19.464	0.58214	0.58217			6
2026.04.09	01:23:20.970	0.58213	0.58216			6
2026.04.09	01:23:33.290	0.58214				2
2026.04.09	01:23:51.614	0.58215	0.58217			6
2026.04.09	01:23:54.020	0.58214	0.58216			6
2026.04.09	01:24:00.032	0.58214				2
2026.04.09	01:24:18.362	0.58215	0.58217			6
2026.04.09	01:24:19.262	0.58216	0.58218			6
2026.04.09	01:24:21.062	0.58215	0.58217			6
2026.04.09	01:24:23.164	0.58212	0.58215			6
2026.04.09	01:24:32.780	0.58210	0.58213			6
2026.04.09	01:24:45.101	0.58215	0.58217			6
2026.04.09	01:24:45.401		0.58218			4
2026.04.09	01:24:46.305		0.58219			4
2026.04.09	01:25:00.127	0.58215				2
2026.04.09	01:25:11.254	0.58219	0.58223			6
2026.04.09	01:25:11.555	0.58220				2
2026.04.09	01:25:11.854		0.58224			4
2026.04.09	01:25:16.962	0.58221	0.58225			6
2026.04.09	01:25:29.301	0.58223	0.58227			6
2026.04.09	01:25:31.401	0.58224				2
2026.04.09	01:25:34.405		0.58228			4
2026.04.09	01:25:42.230	0.58225				2
2026.04.09	01:25:42.532		0.58229			4
2026.04.09	01:25:43.430	0.58226	0.58230			6
2026.04.09	01:25:48.237	0.58225	0.58229			6
2026.04.09	01:25:48.539	0.58224	0.58228			6
2026.04.09	01:26:00.259	0.58224				2
2026.04.09	01:26:03.862	0.58219	0.58223			6
2026.04.09	01:26:14.979	0.58220	0.58224			6
2026.04.09	01:26:15.579	0.58219	0.58223			6
2026.04.09	01:26:15.878	0.58220	0.58224			6
2026.04.09	01:26:20.390	0.58221	0.58225			6
2026.04.09	01:26:21.591	0.58222	0.58226			6
2026.04.09	01:26:26.104	0.58221	0.58225			6
2026.04.09	01:26:30.618	0.58220	0.58224			6
2026.04.09	01:26:30.921	0.58219	0.58223			6
2026.04.09	01:26:45.055	0.58221	0.58225			6
2026.04.09	01:27:00.070	0.58221				2
2026.04.09	01:27:00.367	0.58222	0.58226			6
2026.04.09	01:27:04.571	0.58220	0.58224			6
2026.04.09	01:27:06.082	0.58219	0.58223			6
2026.04.09	01:27:07.585	0.58222	0.58226			6
2026.04.09	01:27:19.012	0.58226	0.58229			6
2026.04.09	01:27:19.310	0.58227	0.58230			6
2026.04.09	01:27:20.514		0.58231			4
2026.04.09	01:27:34.645	0.58223	0.58227			6
2026.04.09	01:27:35.846	0.58222	0.58226			6
2026.04.09	01:28:00.191	0.58222				2
2026.04.09	01:28:01.393	0.58224	0.58228			6
2026.04.09	01:28:01.691	0.58225	0.58229			6
2026.04.09	01:28:02.596	0.58224	0.58228			6
2026.04.09	01:28:14.617	0.58225	0.58229			6
2026.04.09	01:28:15.819	0.58226	0.58230			6
2026.04.09	01:28:17.930	0.58225	0.58229			6
2026.04.09	01:28:35.350		0.58228			4
2026.04.09	01:28:40.162	0.58223	0.58226			6
2026.04.09	01:28:40.761	0.58222	0.58225			6
2026.04.09	01:28:41.362		0.58226			4
2026.04.09	01:28:45.876	0.58225	0.58228			6
2026.04.09	01:28:46.168	0.58226	0.58230			6
2026.04.09	01:28:47.071	0.58227	0.58231			6
2026.04.09	01:29:00.018	0.58227				2
2026.04.09	01:29:00.921	0.58229	0.58233			6
2026.04.09	01:29:02.125	0.58228	0.58232			6
2026.04.09	01:29:15.356		0.58231			4
2026.04.09	01:29:33.381	0.58229				2
2026.04.09	01:29:43.895	0.58230	0.58232			6
2026.04.09	01:29:48.098	0.58229	0.58231			6
2026.04.09	01:29:51.108	0.58226	0.58228			6
2026.04.09	01:29:52.011	0.58228	0.58230			6
2026.04.09	01:29:52.311		0.58231			4
2026.04.09	01:29:52.912	0.58229	0.58232			6
2026.04.09	01:29:53.219	0.58228				2
2026.04.09	01:29:54.119	0.58229	0.58233			6
2026.04.09	01:29:55.023	0.58230				2
2026.04.09	01:29:58.628	0.58232	0.58236			6
2026.04.09	01:30:00.135	0.58233				2
2026.04.09	01:30:01.033		0.58237			4
2026.04.09	01:30:04.934	0.58234				2
2026.04.09	01:30:13.051	0.58233				2
2026.04.09	01:30:19.056	0.58234				2
2026.04.09	01:30:21.160		0.58236			4
2026.04.09	01:30:25.365		0.58237			4
2026.04.09	01:30:37.383		0.58236			4
2026.04.09	01:30:47.000	0.58235	0.58237			6
2026.04.09	01:30:48.502	0.58234	0.58236			6
2026.04.09	01:30:57.526	0.58233	0.58235			6
2026.04.09	01:31:00.229	0.58234	0.58236			6
2026.04.09	01:31:01.729	0.58233	0.58235			6
2026.04.09	01:31:04.136	0.58234	0.58236			6
2026.04.09	01:31:08.641	0.58235	0.58237			6
2026.04.09	01:31:09.539	0.58234	0.58236			6
2026.04.09	01:31:13.749		0.58235			4
2026.04.09	01:31:23.669	0.58233				2
2026.04.09	01:31:37.498	0.58234				2
2026.04.09	01:31:45.304	0.58232	0.58234			6
2026.04.09	01:31:48.612	0.58235	0.58236			6
2026.04.09	01:31:48.912	0.58236	0.58237			6
2026.04.09	01:31:58.829		0.58238			4
2026.04.09	01:32:00.033	0.58236				2
2026.04.09	01:32:03.927	0.58231	0.58233			6
2026.04.09	01:32:05.128		0.58234			4
2026.04.09	01:32:06.333		0.58235			4
2026.04.09	01:32:08.739		0.58234			4
2026.04.09	01:32:12.651	0.58235	0.58237			6
2026.04.09	01:32:13.852		0.58238			4
2026.04.09	01:32:15.052	0.58236				2
2026.04.09	01:32:16.251		0.58239			4
2026.04.09	01:32:19.562	0.58235	0.58238			6
2026.04.09	01:32:24.364	0.58236	0.58239			6
2026.04.09	01:32:40.899	0.58237				2
2026.04.09	01:32:41.197	0.58241	0.58243			6
2026.04.09	01:32:41.798		0.58244			4
2026.04.09	01:32:42.095		0.58243			4
2026.04.09	01:32:42.999		0.58244			4
2026.04.09	01:32:43.300		0.58243			4
2026.04.09	01:32:51.720	0.58240				2
2026.04.09	01:33:00.146	0.58240				2
2026.04.09	01:33:14.265		0.58242			4
2026.04.09	01:33:15.766	0.58238	0.58240			6
2026.04.09	01:33:17.270		0.58241			4
2026.04.09	01:33:19.371		0.58240			4
2026.04.09	01:33:24.481		0.58241			4
2026.04.09	01:33:31.994	0.58240	0.58243			6
2026.04.09	01:33:32.294	0.58241				2
2026.04.09	01:33:33.194	0.58240				2
2026.04.09	01:33:33.794	0.58241	0.58244			6
2026.04.09	01:33:41.314		0.58243			4
2026.04.09	01:34:00.244	0.58241				2
2026.04.09	01:34:03.540	0.58243	0.58244			6
2026.04.09	01:34:03.843	0.58242				2
2026.04.09	01:34:08.646		0.58243			4
2026.04.09	01:34:12.849	0.58241	0.58242			6
2026.04.09	01:34:15.253	0.58240				2
2026.04.09	01:34:15.554	0.58239	0.58241			6
2026.04.09	01:34:15.854	0.58238	0.58240			6
2026.04.09	01:34:16.453	0.58239	0.58241			6
2026.04.09	01:34:21.270	0.58240				2
2026.04.09	01:34:21.569		0.58242			4
2026.04.09	01:34:23.671	0.58242	0.58244			6
2026.04.09	01:34:24.267		0.58243			4
2026.04.09	01:34:24.568	0.58241				2
2026.04.09	01:34:25.471	0.58242	0.58244			6
2026.04.09	01:34:27.272	0.58241	0.58243			6
2026.04.09	01:34:30.281	0.58242				2
2026.04.09	01:34:35.382	0.58241				2
2026.04.09	01:34:39.585	0.58242	0.58244			6
2026.04.09	01:34:42.595	0.58244	0.58245			6
2026.04.09	01:34:44.697		0.58246			4
2026.04.09	01:34:46.497	0.58245	0.58247			6
2026.04.09	01:34:48.597	0.58244	0.58245			6
2026.04.09	01:34:49.500		0.58246			4
2026.04.09	01:34:57.314		0.58245			4
2026.04.09	01:35:00.021	0.58244				2
2026.04.09	01:35:00.320		0.58246			4
2026.04.09	01:35:07.526	0.58243	0.58245			6
2026.04.09	01:35:07.822	0.58242	0.58244			6
2026.04.09	01:35:09.327		0.58243			4
2026.04.09	01:35:09.922		0.58244			4
2026.04.09	01:35:11.425	0.58248	0.58249			6
2026.04.09	01:35:11.725		0.58250			4
2026.04.09	01:35:12.325	0.58247	0.58251			6
2026.04.09	01:35:12.926	0.58248	0.58252			6
2026.04.09	01:35:44.463	0.58251	0.58254			6
2026.04.09	01:35:44.761		0.58255			4
2026.04.09	01:35:46.560	0.58252	0.58256			6
2026.04.09	01:35:46.863	0.58251	0.58255			6
2026.04.09	01:35:50.768	0.58256	0.58260			6
2026.04.09	01:35:55.569	0.58257	0.58261			6
2026.04.09	01:36:00.081	0.58257				2
2026.04.09	01:36:02.484	0.58256	0.58260			6
2026.04.09	01:36:03.389	0.58254	0.58258			6
2026.04.09	01:36:13.011	0.58253	0.58257			6
2026.04.09	01:36:17.523	0.58252	0.58256			6
2026.04.09	01:36:17.821	0.58253	0.58257			6
2026.04.09	01:36:18.726	0.58256	0.58260			6
2026.04.09	01:36:30.445	0.58259	0.58262			6
2026.04.09	01:36:31.949		0.58263			4
2026.04.09	01:36:37.660	0.58255	0.58259			6
2026.04.09	01:36:37.959	0.58254	0.58258			6
2026.04.09	01:36:46.680		0.58257			4
2026.04.09	01:36:47.279		0.58258			4
2026.04.09	01:36:53.297		0.58257			4
2026.04.09	01:36:53.896	0.58251	0.58255			6
2026.04.09	01:36:55.401	0.58250	0.58254			6
2026.04.09	01:36:55.998	0.58251	0.58255			6
2026.04.09	01:36:59.013	0.58252	0.58256			6
2026.04.09	01:36:59.312	0.58251	0.58255			6
2026.04.09	01:37:00.213	0.58251				2
2026.04.09	01:37:14.045	0.58250	0.58254			6
2026.04.09	01:37:22.161		0.58253			4
2026.04.09	01:37:23.371	0.58254	0.58258			6
2026.04.09	01:37:23.662		0.58256			4
2026.04.09	01:37:23.967	0.58255	0.58258			6
2026.04.09	01:37:24.265	0.58254	0.58256			6
2026.04.09	01:37:24.867	0.58255	0.58257			6
2026.04.09	01:37:25.164	0.58253	0.58256			6
2026.04.09	01:37:25.467	0.58254	0.58257			6
2026.04.09	01:37:25.768	0.58253	0.58256			6
2026.04.09	01:37:26.068	0.58254	0.58257			6
2026.04.09	01:37:26.367	0.58253	0.58256			6
2026.04.09	01:37:26.670	0.58254	0.58257			6
2026.04.09	01:37:27.267	0.58253	0.58256			6
2026.04.09	01:37:27.568	0.58254	0.58257			6
2026.04.09	01:37:27.868	0.58253				2
2026.04.09	01:37:55.230		0.58256			4
2026.04.09	01:37:55.829	0.58255				2
2026.04.09	01:37:56.130	0.58253				2
2026.04.09	01:37:56.429	0.58255				2
2026.04.09	01:37:56.731	0.58253				2
2026.04.09	01:37:57.031	0.58255				2
2026.04.09	01:37:57.631	0.58253				2
2026.04.09	01:37:57.929	0.58255				2
2026.04.09	01:37:58.234	0.58253				2
2026.04.09	01:37:58.533	0.58254				2
2026.04.09	01:37:58.834	0.58253				2
2026.04.09	01:37:59.134	0.58254				2
2026.04.09	01:37:59.735	0.58253				2
2026.04.09	01:38:00.038	0.58253				2
2026.04.09	01:38:06.945	0.58249	0.58252			6
2026.04.09	01:38:07.243	0.58248	0.58250			6
2026.04.09	01:38:08.145		0.58252			4
2026.04.09	01:38:08.444	0.58249	0.58253			6
2026.04.09	01:38:27.385		0.58252			4
2026.04.09	01:38:27.978		0.58253			4
2026.04.09	01:38:35.191		0.58252			4
2026.04.09	01:38:37.895	0.58250				2
2026.04.09	01:38:38.198		0.58253			4
2026.04.09	01:38:39.397		0.58252			4
2026.04.09	01:38:39.997		0.58253			4
2026.04.09	01:38:44.508	0.58251	0.58254			6
2026.04.09	01:38:46.617	0.58253	0.58256			6
2026.04.09	01:38:50.223	0.58255	0.58258			6
2026.04.09	01:38:50.517	0.58256	0.58259			6
2026.04.09	01:38:57.446	0.58255	0.58258			6
2026.04.09	01:38:57.739	0.58253	0.58256			6
2026.04.09	01:38:58.038	0.58252	0.58255			6
2026.04.09	01:38:59.247	0.58253	0.58256			6
2026.04.09	01:38:59.545		0.58257			4
2026.04.09	01:39:00.150	0.58253				2
2026.04.09	01:39:01.950	0.58252	0.58256			6
2026.04.09	01:39:02.246	0.58251	0.58255			6
2026.04.09	01:39:03.448	0.58253	0.58257			6
2026.04.09	01:39:05.856	0.58252	0.58256			6
2026.04.09	01:39:17.281	0.58254	0.58258			6
2026.04.09	01:39:17.577	0.58253	0.58257			6
2026.04.09	01:39:28.114		0.58256			4
2026.04.09	01:39:38.329	0.58254				2
2026.04.09	01:39:56.667	0.58253	0.58255			6
2026.04.09	01:39:57.568	0.58254	0.58256			6
2026.04.09	01:39:57.872		0.58255			4
2026.04.09	01:39:58.768	0.58253				2
2026.04.09	01:40:00.271	0.58253				2
2026.04.09	01:40:03.574		0.58254			4
2026.04.09	01:40:04.176	0.58250	0.58252			6
2026.04.09	01:40:04.477	0.58251				2
2026.04.09	01:40:04.774	0.58250				2
2026.04.09	01:40:12.297	0.58249	0.58251			6
2026.04.09	01:40:14.400	0.58250				2
2026.04.09	01:40:15.601	0.58249				2
2026.04.09	01:40:18.312	0.58250				2
2026.04.09	01:40:37.854	0.58248	0.58250			6
2026.04.09	01:40:38.456	0.58246	0.58248			6
2026.04.09	01:40:39.058	0.58247	0.58249			6
2026.04.09	01:40:42.961	0.58246	0.58248			6
2026.04.09	01:40:43.560	0.58245	0.58247			6
2026.04.09	01:40:44.163	0.58244				2
2026.04.09	01:40:48.966	0.58243	0.58246			6
2026.04.09	01:40:50.170	0.58244	0.58247			6
2026.04.09	01:40:52.875	0.58243	0.58246			6
2026.04.09	01:40:55.281	0.58244				2
2026.04.09	01:41:00.087	0.58244				2
2026.04.09	01:41:02.797	0.58246	0.58248			6
2026.04.09	01:41:04.598	0.58247	0.58249			6
2026.04.09	01:41:10.303	0.58246	0.58248			6
2026.04.09	01:41:24.429	0.58247				2
2026.04.09	01:41:27.429	0.58249	0.58250			6
2026.04.09	01:41:28.931	0.58248				2
2026.04.09	01:41:29.236	0.58252	0.58253			6
2026.04.09	01:41:29.533	0.58251				2
2026.04.09	01:41:30.438	0.58252	0.58254			6
2026.04.09	01:41:31.945	0.58253	0.58255			6
2026.04.09	01:41:33.149	0.58254	0.58256			6
2026.04.09	01:41:33.745	0.58253	0.58255			6
2026.04.09	01:41:34.645	0.58252	0.58254			6
2026.04.09	01:41:35.248	0.58253	0.58256			6
2026.04.09	01:41:36.752	0.58252	0.58255			6
2026.04.09	01:41:37.049	0.58250	0.58253			6
2026.04.09	01:41:37.650		0.58254			4
2026.04.09	01:41:38.551	0.58249	0.58253			6
2026.04.09	01:41:44.258	0.58250				2
2026.04.09	01:41:45.763	0.58249	0.58252			6
2026.04.09	01:41:46.062	0.58248	0.58251			6
2026.04.09	01:41:47.262	0.58247				2
2026.04.09	01:41:48.166	0.58248				2
2026.04.09	01:41:49.367	0.58247	0.58250			6
2026.04.09	01:41:55.982	0.58246	0.58249			6
2026.04.09	01:41:56.881	0.58245	0.58248			6
2026.04.09	01:42:00.199	0.58246				2
2026.04.09	01:42:14.324	0.58245	0.58247			6
2026.04.09	01:42:14.926	0.58248	0.58250			6
2026.04.09	01:42:16.124	0.58249	0.58251			6
2026.04.09	01:42:17.026	0.58248	0.58250			6
2026.04.09	01:42:20.030	0.58249	0.58251			6
2026.04.09	01:42:25.139		0.58250			4
2026.04.09	01:42:25.740	0.58248				2
2026.04.09	01:42:42.263	0.58249	0.58251			6
2026.04.09	01:42:43.468	0.58250				2
2026.04.09	01:42:44.368	0.58249				2
2026.04.09	01:42:45.269	0.58250				2
2026.04.09	01:42:47.675	0.58248	0.58250			6
2026.04.09	01:42:50.995	0.58250	0.58252			6
2026.04.09	01:43:00.018	0.58250				2
2026.04.09	01:43:01.830	0.58249	0.58251			6
2026.04.09	01:43:11.449	0.58250				2
2026.04.09	01:43:12.049	0.58249				2
2026.04.09	01:43:27.381	0.58250				2
2026.04.09	01:43:31.895		0.58252			4
2026.04.09	01:43:53.253	0.58247	0.58249			6
2026.04.09	01:43:54.457		0.58248			4
2026.04.09	01:43:54.756		0.58249			4
2026.04.09	01:43:55.054	0.58246	0.58247			6
2026.04.09	01:43:55.355	0.58247	0.58248			6
2026.04.09	01:43:55.958	0.58246				2
2026.04.09	01:44:00.163	0.58246				2
2026.04.09	01:44:04.665		0.58247			4
2026.04.09	01:44:10.377	0.58245				2
2026.04.09	01:44:25.116	0.58246				2
2026.04.09	01:44:34.733	0.58245				2
2026.04.09	01:44:54.267		0.58246			4
2026.04.09	01:44:55.163	0.58244				2
2026.04.09	01:45:00.279	0.58244				2
2026.04.09	01:45:05.386	0.58245	0.58247			6
2026.04.09	01:45:15.653	0.58246				2
2026.04.09	01:45:46.880	0.58245				2
2026.04.09	01:46:00.115	0.58245				2
2026.04.09	01:46:01.317	0.58242	0.58244			6
2026.04.09	01:46:01.614	0.58241	0.58242			6
2026.04.09	01:46:02.215	0.58239	0.58243			6
2026.04.09	01:46:04.922		0.58242			4
2026.04.09	01:46:05.522		0.58243			4
2026.04.09	01:46:15.153	0.58240				2
2026.04.09	01:46:16.356		0.58244			4
2026.04.09	01:46:16.957	0.58241				2
2026.04.09	01:46:17.257		0.58245			4
2026.04.09	01:46:18.459	0.58242	0.58246			6
2026.04.09	01:46:21.167	0.58243				2
2026.04.09	01:46:22.368	0.58242	0.58245			6
2026.04.09	01:46:23.872	0.58243	0.58246			6
2026.04.09	01:46:26.876	0.58242	0.58245			6
2026.04.09	01:46:27.778	0.58241	0.58244			6
2026.04.09	01:46:28.074	0.58240	0.58243			6
2026.04.09	01:46:29.279		0.58244			4
2026.04.09	01:46:37.401	0.58241				2
2026.04.09	01:46:44.920	0.58240	0.58243			6
2026.04.09	01:46:47.628	0.58241	0.58244			6
2026.04.09	01:46:58.145	0.58242				2
2026.04.09	01:47:00.251	0.58242				2
2026.04.09	01:47:04.755	0.58241	0.58243			6
2026.04.09	01:47:05.955	0.58242	0.58244			6
2026.04.09	01:47:09.555	0.58241	0.58243			6
2026.04.09	01:47:29.678	0.58242	0.58244			6
2026.04.09	01:47:29.976	0.58241	0.58243			6
2026.04.09	01:47:32.081	0.58240	0.58242			6
2026.04.09	01:47:40.193	0.58241				2
2026.04.09	01:47:56.131	0.58240				2
2026.04.09	01:48:00.041	0.58240				2
2026.04.09	01:48:06.954	0.58241	0.58243			6
2026.04.09	01:48:17.772	0.58240	0.58242			6
2026.04.09	01:48:18.072	0.58241				2
2026.04.09	01:48:19.881	0.58240				2
2026.04.09	01:48:26.502	0.58241				2
2026.04.09	01:48:40.055		0.58243			4
2026.04.09	01:48:56.898		0.58242			4
2026.04.09	01:48:58.403		0.58243			4
2026.04.09	01:49:00.209	0.58241				2
2026.04.09	01:49:02.018	0.58242	0.58244			6
2026.04.09	01:49:03.220	0.58241	0.58243			6
2026.04.09	01:49:47.437	0.58242				2
2026.04.09	01:49:47.740	0.58241				2
2026.04.09	01:49:48.035	0.58238	0.58240			6
2026.04.09	01:49:48.938	0.58239	0.58241			6
2026.04.09	01:50:00.060	0.58239				2
2026.04.09	01:50:11.470	0.58238	0.58240			6
2026.04.09	01:50:22.000	0.58239	0.58241			6
2026.04.09	01:50:26.211		0.58240			4
2026.04.09	01:50:28.915	0.58238				2
2026.04.09	01:50:35.546	0.58237	0.58239			6
2026.04.09	01:50:41.258	0.58238				2
2026.04.09	01:50:45.765	0.58237				2
2026.04.09	01:50:59.596	0.58241	0.58242			6
2026.04.09	01:51:00.198	0.58240	0.58244			6
2026.04.09	01:51:01.399	0.58241	0.58245			6
2026.04.09	01:51:12.537	0.58244	0.58248			6
2026.04.09	01:51:12.835	0.58245	0.58249			6
2026.04.09	01:51:21.852	0.58247	0.58250			6
2026.04.09	01:51:22.153	0.58248	0.58252			6
2026.04.09	01:51:23.354	0.58247	0.58251			6
2026.04.09	01:51:25.454	0.58248	0.58252			6
2026.04.09	01:51:25.754	0.58247	0.58251			6
2026.04.09	01:51:33.375		0.58250			4
2026.04.09	01:51:33.676	0.58243	0.58247			6
2026.04.09	01:51:34.576	0.58244	0.58248			6
2026.04.09	01:51:44.499	0.58243	0.58246			6
2026.04.09	01:51:45.100	0.58241	0.58245			6
2026.04.09	01:51:46.603	0.58242	0.58246			6
2026.04.09	01:51:46.903	0.58243	0.58247			6
2026.04.09	01:51:48.407	0.58242	0.58246			6
2026.04.09	01:51:48.707	0.58243	0.58247			6
2026.04.09	01:51:58.624	0.58242	0.58246			6
2026.04.09	01:51:58.925	0.58243	0.58247			6
2026.04.09	01:52:00.126	0.58243				2
2026.04.09	01:52:00.428	0.58244	0.58248			6
2026.04.09	01:52:01.030	0.58243	0.58247			6
2026.04.09	01:52:01.331	0.58244	0.58248			6
2026.04.09	01:52:05.236		0.58247			4
2026.04.09	01:52:06.439		0.58248			4
2026.04.09	01:52:42.192		0.58247			4
2026.04.09	01:52:42.794	0.58243	0.58246			6
2026.04.09	01:52:44.296	0.58242				2
2026.04.09	01:52:45.497	0.58243				2
2026.04.09	01:52:45.797	0.58244	0.58248			6
2026.04.09	01:52:46.397	0.58243	0.58247			6
2026.04.09	01:52:50.303		0.58246			4
2026.04.09	01:52:56.317	0.58242	0.58245			6
2026.04.09	01:52:56.617	0.58240	0.58243			6
2026.04.09	01:52:57.219	0.58239				2
2026.04.09	01:52:59.324	0.58240	0.58244			6
2026.04.09	01:53:00.224	0.58240				2
2026.04.09	01:53:05.030	0.58239	0.58243			6
2026.04.09	01:53:09.241	0.58240				2
2026.04.09	01:53:12.552	0.58245	0.58248			6
2026.04.09	01:53:14.353		0.58249			4
2026.04.09	01:53:22.167	0.58244	0.58248			6
2026.04.09	01:53:26.075	0.58245	0.58249			6
2026.04.09	01:53:32.397	0.58244	0.58248			6
2026.04.09	01:53:35.102	0.58245				2
2026.04.09	01:53:37.216		0.58249			4
2026.04.09	01:53:48.038		0.58248			4
2026.04.09	01:53:53.150		0.58249			4
2026.04.09	01:53:53.750		0.58248			4
2026.04.09	01:53:54.050	0.58244				2
2026.04.09	01:54:00.057	0.58244				2
2026.04.09	01:54:03.659	0.58243	0.58247			6
2026.04.09	01:54:04.261	0.58244				2
2026.04.09	01:54:04.860	0.58243	0.58246			6
2026.04.09	01:54:06.060	0.58244	0.58247			6
2026.04.09	01:54:09.367	0.58245	0.58248			6
2026.04.09	01:54:11.172	0.58244	0.58247			6
2026.04.09	01:54:14.783	0.58245	0.58248			6
2026.04.09	01:54:22.299		0.58247			4
2026.04.09	01:54:39.140	0.58246				2
2026.04.09	01:54:40.944	0.58245				2
2026.04.09	01:54:45.450	0.58246				2
2026.04.09	01:54:54.170	0.58245				2
2026.04.09	01:54:57.177	0.58246				2
2026.04.09	01:55:00.186	0.58246				2
2026.04.09	01:55:00.790	0.58245				2
2026.04.09	01:55:07.110	0.58246				2
2026.04.09	01:55:07.410	0.58250	0.58252			6
2026.04.09	01:55:08.314	0.58249	0.58253			6
2026.04.09	01:55:39.257	0.58246	0.58250			6
2026.04.09	01:55:39.558	0.58247	0.58251			6
2026.04.09	01:55:47.365	0.58248				2
2026.04.09	01:55:53.374	0.58249				2
2026.04.09	01:55:53.675		0.58252			4
2026.04.09	01:56:00.285	0.58249				2
2026.04.09	01:56:06.293	0.58250				2
2026.04.09	01:56:06.895	0.58249	0.58251			6
2026.04.09	01:56:08.694	0.58250	0.58252			6
2026.04.09	01:56:26.131	0.58251				2
2026.04.09	01:56:26.432	0.58250				2
2026.04.09	01:56:33.350	0.58251				2
2026.04.09	01:56:42.960	0.58250				2
2026.04.09	01:56:54.983	0.58251				2
2026.04.09	01:56:55.884	0.58250				2
2026.04.09	01:56:56.484	0.58251				2
2026.04.09	01:56:57.991	0.58250				2
2026.04.09	01:56:58.892	0.58251				2
2026.04.09	01:57:00.095	0.58251				2
2026.04.09	01:57:03.400	0.58250				2
2026.04.09	01:57:05.808		0.58251			4
2026.04.09	01:57:06.110		0.58252			4
2026.04.09	01:57:08.820		0.58251			4
2026.04.09	01:57:12.128		0.58252			4
2026.04.09	01:57:23.852	0.58251				2
2026.04.09	01:57:24.754	0.58250				2
2026.04.09	01:57:34.365	0.58251				2
2026.04.09	01:57:36.769	0.58250				2
2026.04.09	01:57:54.501		0.58251			4
2026.04.09	01:57:56.606		0.58252			4
2026.04.09	01:58:00.217	0.58250				2
2026.04.09	01:58:02.917	0.58249	0.58250			6
2026.04.09	01:58:03.517	0.58247	0.58248			6
2026.04.09	01:58:04.118	0.58246				2
2026.04.09	01:58:05.021	0.58247				2
2026.04.09	01:58:08.928	0.58246				2
2026.04.09	01:58:10.731	0.58247	0.58249			6
2026.04.09	01:58:13.142	0.58248				2
2026.04.09	01:58:14.345	0.58247				2
2026.04.09	01:58:15.245	0.58248				2
2026.04.09	01:58:15.847	0.58247				2
2026.04.09	01:58:19.455	0.58250	0.58252			6
2026.04.09	01:58:19.755	0.58251				2
2026.04.09	01:58:20.356	0.58249	0.58253			6
2026.04.09	01:58:30.263	0.58250				2
2026.04.09	01:58:31.165	0.58251	0.58254			6
2026.04.09	01:58:32.366		0.58255			4
2026.04.09	01:58:34.166		0.58254			4
2026.04.09	01:58:47.396	0.58252				2
2026.04.09	01:58:51.003	0.58251	0.58253			6
2026.04.09	01:58:52.207	0.58250				2
2026.04.09	01:58:53.110	0.58251				2
2026.04.09	01:59:00.023	0.58251				2
2026.04.09	01:59:01.524	0.58250	0.58252			6
2026.04.09	01:59:22.264	0.58251				2
2026.04.09	01:59:24.668	0.58250				2
2026.04.09	01:59:25.875	0.58251				2
2026.04.09	01:59:34.898	0.58250				2
2026.04.09	01:59:35.799	0.58251				2
2026.04.09	01:59:40.914		0.58253			4
2026.04.09	01:59:53.235		0.58252			4
2026.04.09	01:59:53.535	0.58252	0.58253			6
2026.04.09	01:59:55.038	0.58251				2
2026.04.09	02:00:00.150	0.58251				2
2026.04.09	02:00:00.750		0.58252			4
2026.04.09	02:00:01.050		0.58253			4
2026.04.09	02:00:01.350	0.58252				2
2026.04.09	02:00:01.650	0.58251				2
2026.04.09	02:00:02.550		0.58252			4
2026.04.09	02:00:02.851	0.58249	0.58251			6
2026.04.09	02:00:03.151	0.58248	0.58250			6
2026.04.09	02:00:03.450	0.58249	0.58251			6
2026.04.09	02:00:04.352	0.58248				2
2026.04.09	02:00:05.854	0.58247	0.58250			6
2026.04.09	02:00:06.154	0.58244	0.58247			6
2026.04.09	02:00:06.755	0.58248	0.58251			6
2026.04.09	02:00:07.356		0.58252			4
2026.04.09	02:00:08.256	0.58251	0.58255			6
2026.04.09	02:00:09.758	0.58250	0.58254			6
2026.04.09	02:00:13.659	0.58252	0.58256			6
2026.04.09	02:00:27.788		0.58255			4
2026.04.09	02:00:28.088	0.58251				2
2026.04.09	02:00:30.492	0.58252	0.58256			6
2026.04.09	02:00:33.196	0.58251	0.58255			6
2026.04.09	02:00:37.102	0.58252	0.58256			6
2026.04.09	02:00:40.403	0.58255	0.58259			6
2026.04.09	02:00:40.703	0.58254	0.58258			6
2026.04.09	02:00:47.609	0.58253	0.58257			6
2026.04.09	02:00:48.675		0.58256			4
2026.04.09	02:00:49.277	0.58252				2
2026.04.09	02:00:49.576	0.58253	0.58257			6
2026.04.09	02:00:50.179	0.58252	0.58256			6
2026.04.09	02:00:50.484	0.58251	0.58255			6
2026.04.09	02:00:56.491	0.58253	0.58257			6
2026.04.09	02:00:56.791	0.58252	0.58256			6
2026.04.09	02:00:57.995	0.58253	0.58257			6
2026.04.09	02:01:00.099	0.58253				2
2026.04.09	02:01:08.815	0.58252	0.58256			6
2026.04.09	02:01:09.115	0.58251	0.58255			6
2026.04.09	02:01:19.035		0.58254			4
2026.04.09	02:01:34.056	0.58250				2
2026.04.09	02:01:34.656		0.58253			4
2026.04.09	02:01:59.296		0.58252			4
2026.04.09	02:02:00.198	0.58250				2
2026.04.09	02:02:14.021	0.58249	0.58251			6
2026.04.09	02:02:17.323	0.58250				2
2026.04.09	02:02:20.626	0.58246	0.58247			6
2026.04.09	02:02:21.226	0.58245	0.58249			6
2026.04.09	02:02:21.826		0.58248			4
2026.04.09	02:02:24.537	0.58244				2
2026.04.09	02:02:26.343	0.58243	0.58246			6
2026.04.09	02:02:26.643	0.58241	0.58245			6
2026.04.09	02:02:27.242	0.58240	0.58244			6
2026.04.09	02:02:30.849	0.58242	0.58246			6
2026.04.09	02:02:36.557	0.58245	0.58249			6
2026.04.09	02:02:45.866	0.58246	0.58250			6
2026.04.09	02:02:46.855	0.58247	0.58251			6
2026.04.09	02:02:48.316	0.58248				2
2026.04.09	02:02:48.620	0.58250	0.58252			6
2026.04.09	02:02:48.917	0.58251	0.58255			6
2026.04.09	02:02:54.026	0.58252	0.58256			6
2026.04.09	02:02:55.227	0.58251	0.58255			6
2026.04.09	02:02:56.432	0.58252				2
2026.04.09	02:02:56.732		0.58256			4
2026.04.09	02:02:59.320	0.58251	0.58255			6
2026.04.09	02:03:00.221	0.58251				2
2026.04.09	02:03:25.466	0.58252	0.58256			6
2026.04.09	02:03:37.504	0.58251	0.58254			6
2026.04.09	02:03:39.916		0.58255			4
2026.04.09	02:03:42.320	0.58252				2
2026.04.09	02:03:55.251		0.58254			4
2026.04.09	02:04:00.058	0.58252				2
2026.04.09	02:04:20.499	0.58253				2
2026.04.09	02:04:21.701	0.58252				2
2026.04.09	02:04:25.305		0.58253			4
2026.04.09	02:04:25.605	0.58248	0.58250			6
2026.04.09	02:04:26.207	0.58246				2
2026.04.09	02:04:28.310	0.58247	0.58251			6
2026.04.09	02:04:36.725	0.58246	0.58250			6
2026.04.09	02:04:43.943	0.58247	0.58251			6
2026.04.09	02:04:51.450	0.58249	0.58253			6
2026.04.09	02:04:56.855	0.58248	0.58252			6
2026.04.09	02:04:58.357	0.58249				2
2026.04.09	02:05:00.157	0.58249				2
2026.04.09	02:05:02.260	0.58250	0.58253			6
2026.04.09	02:05:03.460	0.58252	0.58255			6
2026.04.09	02:05:05.862	0.58253	0.58257			6
2026.04.09	02:05:07.662	0.58252	0.58256			6
2026.04.09	02:05:15.907	0.58258	0.58262			6
2026.04.09	02:05:20.551	0.58259	0.58263			6
2026.04.09	02:05:31.361	0.58257	0.58260			6
2026.04.09	02:05:32.561	0.58256				2
2026.04.09	02:05:32.862	0.58258	0.58262			6
2026.04.09	02:05:40.371	0.58257	0.58261			6
2026.04.09	02:05:40.672	0.58258	0.58262			6
2026.04.09	02:05:42.774		0.58260			4
2026.04.09	02:05:43.074	0.58256	0.58259			6
2026.04.09	02:05:43.974	0.58255	0.58258			6
2026.04.09	02:05:49.694	0.58254				2
2026.04.09	02:06:00.210	0.58254				2
2026.04.09	02:06:14.349	0.58253	0.58257			6
2026.04.09	02:06:19.157	0.58254	0.58258			6
2026.04.09	02:06:22.764	0.58256	0.58260			6
2026.04.09	02:06:27.879	0.58261	0.58265			6
2026.04.09	02:06:29.382	0.58260	0.58264			6
2026.04.09	02:06:29.683	0.58259	0.58263			6
2026.04.09	02:06:43.825	0.58261	0.58265			6
2026.04.09	02:06:44.126	0.58264	0.58268			6
2026.04.09	02:06:44.725	0.58265	0.58269			6
2026.04.09	02:06:49.907	0.58266				2
2026.04.09	02:06:53.281		0.58270			4
2026.04.09	02:06:58.212	0.58265	0.58269			6
2026.04.09	02:07:00.015	0.58265				2
2026.04.09	02:07:03.921	0.58264	0.58268			6
2026.04.09	02:07:08.731	0.58263	0.58267			6
2026.04.09	02:07:09.031	0.58262	0.58266			6
2026.04.09	02:07:09.332	0.58263	0.58267			6
2026.04.09	02:07:09.634	0.58262	0.58266			6
2026.04.09	02:07:11.742	0.58263	0.58267			6
2026.04.09	02:07:15.344	0.58262	0.58266			6
2026.04.09	02:07:18.650		0.58265			4
2026.04.09	02:07:21.651	0.58261				2
2026.04.09	02:07:30.362		0.58264			4
2026.04.09	02:07:30.664	0.58259	0.58262			6
2026.04.09	02:07:31.262		0.58263			4
2026.04.09	02:07:34.265	0.58258	0.58262			6
2026.04.09	02:07:34.565	0.58259	0.58263			6
2026.04.09	02:07:37.271	0.58260	0.58262			6
2026.04.09	02:07:39.683	0.58261	0.58264			6
2026.04.09	02:07:52.303	0.58262				2
2026.04.09	02:07:52.604	0.58261	0.58263			6
2026.04.09	02:07:54.112	0.58262	0.58264			6
2026.04.09	02:07:54.713	0.58261	0.58263			6
2026.04.09	02:07:55.913	0.58263	0.58265			6
2026.04.09	02:07:56.516	0.58262	0.58264			6
2026.04.09	02:07:58.925	0.58263	0.58265			6
2026.04.09	02:08:00.126	0.58263				2
2026.04.09	02:08:02.841	0.58262	0.58264			6
2026.04.09	02:08:17.856		0.58263			4
2026.04.09	02:08:18.457		0.58264			4
2026.04.09	02:08:22.960	0.58261	0.58262			6
2026.04.09	02:08:23.261	0.58260				2
2026.04.09	02:08:25.062	0.58258	0.58260			6
2026.04.09	02:08:25.363	0.58257	0.58259			6
2026.04.09	02:08:27.167	0.58258	0.58261			6
2026.04.09	02:08:27.467	0.58262	0.58265			6
2026.04.09	02:08:27.767	0.58263	0.58266			6
2026.04.09	02:08:28.370	0.58262				2
2026.04.09	02:08:28.975	0.58263	0.58267			6
2026.04.09	02:08:29.275		0.58266			4
2026.04.09	02:08:35.916	0.58262				2
2026.04.09	02:08:40.405		0.58265			4
2026.04.09	02:08:41.305		0.58266			4
2026.04.09	02:08:41.606		0.58265			4
2026.04.09	02:08:50.924	0.58261				2
2026.04.09	02:08:57.236	0.58262	0.58266			6
2026.04.09	02:09:01.124	0.58262				2
2026.04.09	02:09:01.725	0.58261	0.58265			6
2026.04.09	02:09:07.737	0.58262	0.58266			6
2026.04.09	02:09:13.135		0.58265			4
2026.04.09	02:09:20.349		0.58264			4
2026.04.09	02:09:20.650		0.58265			4
2026.04.09	02:09:27.256	0.58263				2
2026.04.09	02:09:38.674	0.58260	0.58262			6
2026.04.09	02:09:39.275		0.58263			4
2026.04.09	02:09:42.278		0.58262			4
2026.04.09	02:09:48.592	0.58261	0.58263			6
2026.04.09	02:09:57.306		0.58262			4
2026.04.09	02:10:00.010	0.58261				2
2026.04.09	02:10:03.615		0.58263			4
2026.04.09	02:10:05.120		0.58262			4
2026.04.09	02:10:13.231	0.58260				2
2026.04.09	02:10:15.334	0.58264	0.58266			6
2026.04.09	02:10:16.235	0.58263				2
2026.04.09	02:10:20.280	0.58262	0.58265			6
2026.04.09	02:10:24.792	0.58260	0.58263			6
2026.04.09	02:10:25.392	0.58259				2
2026.04.09	02:10:34.403	0.58260				2
2026.04.09	02:10:40.721	0.58259	0.58262			6
2026.04.09	02:10:44.627	0.58258	0.58261			6
2026.04.09	02:10:46.730	0.58255	0.58258			6
2026.04.09	02:10:47.330		0.58259			4
2026.04.09	02:10:47.630	0.58254	0.58258			6
2026.04.09	02:10:53.940		0.58257			4
2026.04.09	02:10:54.239	0.58253				2
2026.04.09	02:10:56.343	0.58252	0.58256			6
2026.04.09	02:11:00.251	0.58253				2
2026.04.09	02:11:01.752	0.58252	0.58255			6
2026.04.09	02:11:02.653	0.58250	0.58253			6
2026.04.09	02:11:02.953	0.58249	0.58252			6
2026.04.09	02:11:03.254		0.58253			4
2026.04.09	02:11:06.557	0.58248	0.58252			6
2026.04.09	02:11:11.361		0.58251			4
2026.04.09	02:11:16.466	0.58249	0.58252			6
2026.04.09	02:11:17.066	0.58250	0.58253			6
2026.04.09	02:11:24.577	0.58252	0.58255			6
2026.04.09	02:11:37.218	0.58253				2
2026.04.09	02:11:40.825	0.58249	0.58251			6
2026.04.09	02:11:41.125	0.58248	0.58252			6
2026.04.09	02:11:41.425	0.58249	0.58253			6
2026.04.09	02:11:42.072	0.58250	0.58254			6
2026.04.09	02:11:44.173		0.58253			4
2026.04.09	02:11:46.576	0.58251				2
2026.04.09	02:11:46.876	0.58250				2
2026.04.09	02:11:47.176	0.58251				2
2026.04.09	02:11:47.477	0.58250				2
2026.04.09	02:11:47.777	0.58251				2
2026.04.09	02:11:48.077	0.58250				2
2026.04.09	02:11:48.376	0.58251				2
2026.04.09	02:11:48.678	0.58250				2
2026.04.09	02:11:48.977	0.58251				2
2026.04.09	02:11:49.278	0.58250				2
2026.04.09	02:11:49.579	0.58251				2
2026.04.09	02:11:50.180	0.58250				2
2026.04.09	02:12:00.105	0.58250				2
2026.04.09	02:12:00.405		0.58252			4
2026.04.09	02:12:10.025	0.58253	0.58255			6
2026.04.09	02:12:11.227		0.58256			4
2026.04.09	02:12:16.344	0.58254				2
2026.04.09	02:12:16.645	0.58253				2
2026.04.09	02:12:16.946	0.58254				2
2026.04.09	02:12:17.246	0.58253	0.58255			6
2026.04.09	02:12:17.546	0.58254				2
2026.04.09	02:12:17.847	0.58253				2
2026.04.09	02:12:18.148	0.58254				2
2026.04.09	02:12:18.749	0.58253				2
2026.04.09	02:12:19.050	0.58254				2
2026.04.09	02:12:19.350	0.58253				2
2026.04.09	02:12:19.650	0.58254				2
2026.04.09	02:12:19.950	0.58253				2
2026.04.09	02:12:20.250	0.58252				2
2026.04.09	02:12:20.551	0.58253	0.58256			6
2026.04.09	02:12:21.751	0.58252	0.58255			6
2026.04.09	02:12:22.052	0.58251	0.58254			6
2026.04.09	02:12:23.254	0.58252				2
2026.04.09	02:12:23.554		0.58255			4
2026.04.09	02:12:26.257	0.58251	0.58254			6
2026.04.09	02:12:27.759	0.58249	0.58252			6
2026.04.09	02:12:32.266	0.58250	0.58253			6
2026.04.09	02:12:43.386	0.58251				2
2026.04.09	02:12:56.918	0.58252				2
2026.04.09	02:13:00.221	0.58254	0.58256			6
2026.04.09	02:13:01.123		0.58257			4
2026.04.09	02:13:03.526	0.58255				2
2026.04.09	02:13:03.827		0.58258			4
2026.04.09	02:13:08.633	0.58253	0.58256			6
2026.04.09	02:13:14.645	0.58252	0.58255			6
2026.04.09	02:13:23.351		0.58254			4
2026.04.09	02:13:24.251	0.58251				2
2026.04.09	02:13:25.153	0.58252				2
2026.04.09	02:13:25.453	0.58251	0.58253			6
2026.04.09	02:13:26.353	0.58250				2
2026.04.09	02:13:27.256	0.58251				2
2026.04.09	02:13:33.561	0.58252				2
2026.04.09	02:13:33.862	0.58253	0.58255			6
2026.04.09	02:13:35.364	0.58252				2
2026.04.09	02:13:37.166	0.58253				2
2026.04.09	02:13:44.073	0.58257	0.58259			6
2026.04.09	02:13:44.374	0.58258	0.58260			6
2026.04.09	02:13:45.275		0.58262			4
2026.04.09	02:13:45.575	0.58257	0.58261			6
2026.04.09	02:13:56.616	0.58258	0.58262			6
2026.04.09	02:13:56.915		0.58261			4
2026.04.09	02:14:00.222	0.58258				2
2026.04.09	02:14:11.333	0.58257				2
2026.04.09	02:14:14.336	0.58258				2
2026.04.09	02:14:23.350	0.58259				2
2026.04.09	02:14:23.951	0.58258	0.58260			6
2026.04.09	02:14:28.457	0.58259	0.58261			6
2026.04.09	02:14:30.258	0.58258	0.58260			6
2026.04.09	02:15:00.023	0.58258				2
2026.04.09	02:15:03.925		0.58259			4
2026.04.09	02:15:05.730	0.58257				2
2026.04.09	02:15:10.245	0.58258				2
2026.04.09	02:15:16.855	0.58252	0.58253			6
2026.04.09	02:15:17.155	0.58251				2
2026.04.09	02:15:18.356	0.58250	0.58254			6
2026.04.09	02:15:20.156	0.58252	0.58256			6
2026.04.09	02:15:21.937	0.58250	0.58254			6
2026.04.09	02:15:22.237	0.58252	0.58256			6
2026.04.09	02:15:46.868	0.58257	0.58261			6
2026.04.09	02:15:50.476	0.58256	0.58260			6
2026.04.09	02:15:54.388	0.58257	0.58261			6
2026.04.09	02:15:59.369	0.58254	0.58257			6
2026.04.09	02:16:00.270	0.58254				2
2026.04.09	02:16:01.773	0.58253				2
2026.04.09	02:16:02.512	0.58254				2
2026.04.09	02:16:05.500	0.58246	0.58249			6
2026.04.09	02:16:05.800	0.58243	0.58247			6
2026.04.09	02:16:06.100	0.58245				2
2026.04.09	02:16:06.401	0.58246	0.58250			6
2026.04.09	02:16:17.813	0.58247				2
2026.04.09	02:16:20.820		0.58251			4
2026.04.09	02:16:21.121	0.58249	0.58252			6
2026.04.09	02:16:21.421	0.58247	0.58251			6
2026.04.09	02:16:27.727	0.58249	0.58252			6
2026.04.09	02:16:28.028		0.58253			4
2026.04.09	02:16:45.154	0.58250	0.58254			6
2026.04.09	02:16:52.063	0.58252	0.58255			6
2026.04.09	02:16:52.362		0.58256			4
2026.04.09	02:16:53.315	0.58251	0.58255			6
2026.04.09	02:16:56.924	0.58254	0.58257			6
2026.04.09	02:16:57.224		0.58258			4
2026.04.09	02:17:00.230	0.58254				2
2026.04.09	02:17:01.431	0.58255	0.58259			6
2026.04.09	02:17:02.931	0.58254	0.58258			6
2026.04.09	02:17:09.846	0.58255				2
2026.04.09	02:17:22.456	0.58257	0.58260			6
2026.04.09	02:17:22.756	0.58258	0.58261			6
2026.04.09	02:17:23.056	0.58257	0.58260			6
2026.04.09	02:17:23.356		0.58261			4
2026.04.09	02:17:32.374		0.58260			4
2026.04.09	02:17:32.976	0.58258	0.58261			6
2026.04.09	02:17:33.275	0.58257	0.58260			6
2026.04.09	02:17:33.576		0.58259			4
2026.04.09	02:17:33.876		0.58260			4
2026.04.09	02:17:42.591		0.58259			4
2026.04.09	02:17:46.195		0.58258			4
2026.04.09	02:17:46.795		0.58259			4
2026.04.09	02:17:57.727	0.58258	0.58260			6
2026.04.09	02:18:00.134	0.58258				2
2026.04.09	02:18:06.142		0.58259			4
2026.04.09	02:18:07.948		0.58260			4
2026.04.09	02:18:19.062	0.58259				2
2026.04.09	02:18:19.662	0.58258				2
2026.04.09	02:18:25.073	0.58259	0.58261			6
2026.04.09	02:18:32.890	0.58260				2
2026.04.09	02:18:33.192		0.58262			4
2026.04.09	02:18:33.493	0.58263	0.58264			6
2026.04.09	02:18:34.995		0.58265			4
2026.04.09	02:18:35.295	0.58264	0.58266			6
2026.04.09	02:18:36.500	0.58263	0.58265			6
2026.04.09	02:18:37.708	0.58264	0.58266			6
2026.04.09	02:18:38.011	0.58263	0.58265			6
2026.04.09	02:18:47.035	0.58264				2
2026.04.09	02:18:52.445	0.58263				2
2026.04.09	02:19:00.253	0.58263				2
2026.04.09	02:19:03.255	0.58264				2
2026.04.09	02:19:08.362	0.58263				2
2026.04.09	02:19:11.665	0.58264				2
2026.04.09	02:19:17.674	0.58263	0.58264			6
2026.04.09	02:19:29.993	0.58260	0.58261			6
2026.04.09	02:19:30.294		0.58262			4
2026.04.09	02:19:35.400	0.58261				2
2026.04.09	02:19:36.000	0.58260				2
2026.04.09	02:19:43.219	0.58261				2
2026.04.09	02:19:48.929	0.58260				2
2026.04.09	02:19:52.239	0.58257	0.58259			6
2026.04.09	02:19:53.744	0.58258				2
2026.04.09	02:19:54.344		0.58260			4
2026.04.09	02:19:54.644		0.58259			4
2026.04.09	02:20:00.053	0.58258				2
2026.04.09	02:20:02.754	0.58257				2
2026.04.09	02:20:05.456	0.58258				2
2026.04.09	02:20:07.257	0.58257				2
2026.04.09	02:20:14.166	0.58258	0.58260			6
2026.04.09	02:20:23.178	0.58259				2
2026.04.09	02:20:23.478	0.58258				2
2026.04.09	02:20:32.195	0.58259				2
2026.04.09	02:20:33.395	0.58258				2
2026.04.09	02:20:53.840	0.58257	0.58259			6
2026.04.09	02:20:54.142	0.58258				2
2026.04.09	02:21:00.149	0.58258				2
2026.04.09	02:21:03.151		0.58260			4
2026.04.09	02:21:05.554	0.58257	0.58259			6
2026.04.09	02:21:15.763		0.58258			4
2026.04.09	02:21:26.434		0.58259			4
2026.04.09	02:21:41.463		0.58258			4
2026.04.09	02:21:41.762	0.58256	0.58257			6
2026.04.09	02:21:47.478	0.58257	0.58259			6
2026.04.09	02:21:59.659	0.58258				2
2026.04.09	02:22:00.260	0.58258				2
2026.04.09	02:22:01.161	0.58254	0.58256			6
2026.04.09	02:22:03.563	0.58253	0.58255			6
2026.04.09	02:22:06.265	0.58254	0.58256			6
2026.04.09	02:22:07.167	0.58253				2
2026.04.09	02:22:16.182	0.58254				2
2026.04.09	02:22:19.495	0.58255	0.58257			6
2026.04.09	02:22:20.396		0.58258			4
2026.04.09	02:22:27.316		0.58257			4
2026.04.09	02:22:31.821	0.58254	0.58255			6
2026.04.09	02:22:32.122		0.58256			4
2026.04.09	02:22:36.928		0.58255			4
2026.04.09	02:23:00.069	0.58254				2
2026.04.09	02:23:33.427	0.58255	0.58256			6
2026.04.09	02:23:33.728	0.58254	0.58255			6
2026.04.09	02:23:41.839	0.58252	0.58253			6
2026.04.09	02:23:42.140		0.58254			4
2026.04.09	02:23:45.142	0.58254	0.58255			6
2026.04.09	02:24:00.166	0.58254				2
2026.04.09	02:24:01.669		0.58256			4
2026.04.09	02:24:02.270		0.58255			4
2026.04.09	02:24:09.181		0.58256			4
2026.04.09	02:24:09.480		0.58255			4
2026.04.09	02:24:20.607	0.58253				2
2026.04.09	02:24:20.907	0.58248	0.58250			6
2026.04.09	02:24:21.207		0.58251			4
2026.04.09	02:24:30.251		0.58249			4
2026.04.09	02:24:30.552		0.58251			4
2026.04.09	02:24:31.155		0.58252			4
2026.04.09	02:24:31.839		0.58251			4
2026.04.09	02:24:32.442		0.58252			4
2026.04.09	02:24:32.743		0.58251			4
2026.04.09	02:24:33.042		0.58252			4
2026.04.09	02:24:39.335		0.58251			4
2026.04.09	02:25:00.129	0.58248	0.58250			6
2026.04.09	02:25:09.145		0.58251			4
2026.04.09	02:25:16.355	0.58249				2
2026.04.09	02:25:22.963	0.58248	0.58250			6
2026.04.09	02:25:23.263	0.58249	0.58251			6
2026.04.09	02:25:25.066	0.58248	0.58250			6
2026.04.09	02:25:30.475		0.58249			4
2026.04.09	02:25:31.684		0.58250			4
2026.04.09	02:25:32.586	0.58247	0.58249			6
2026.04.09	02:25:32.885	0.58246	0.58247			6
2026.04.09	02:25:33.185	0.58245				2
2026.04.09	02:25:34.389		0.58248			4
2026.04.09	02:25:34.989	0.58244	0.58247			6
2026.04.09	02:25:39.023		0.58246			4
2026.04.09	02:25:44.128	0.58242	0.58245			6
2026.04.09	02:25:48.037		0.58246			4
2026.04.09	02:25:49.241		0.58245			4
2026.04.09	02:25:51.645	0.58243	0.58246			6
2026.04.09	02:25:51.945	0.58242	0.58244			6
2026.04.09	02:25:52.846	0.58243	0.58246			6
2026.04.09	02:25:54.053	0.58239	0.58241			6
2026.04.09	02:25:54.354	0.58238				2
2026.04.09	02:26:00.063	0.58239				2
2026.04.09	02:26:03.969	0.58237				2
2026.04.09	02:26:10.276	0.58238				2
2026.04.09	02:26:17.499	0.58239	0.58243			6
2026.04.09	02:26:31.551	0.58241	0.58245			6
2026.04.09	02:26:32.151		0.58244			4
2026.04.09	02:26:33.353		0.58245			4
2026.04.09	02:26:34.254		0.58244			4
2026.04.09	02:26:44.127		0.58243			4
2026.04.09	02:27:00.054	0.58241				2
2026.04.09	02:27:12.375		0.58242			4
2026.04.09	02:27:15.079		0.58243			4
2026.04.09	02:27:18.385	0.58242				2
2026.04.09	02:27:18.685	0.58241				2
2026.04.09	02:27:19.287	0.58242				2
2026.04.09	02:27:26.500	0.58241				2
2026.04.09	02:27:27.701		0.58242			4
2026.04.09	02:27:28.905		0.58243			4
2026.04.09	02:27:30.711	0.58242				2
2026.04.09	02:27:31.314	0.58241				2
2026.04.09	02:27:32.819	0.58242	0.58244			6
2026.04.09	02:27:49.351	0.58243				2
2026.04.09	02:27:49.651	0.58242				2
2026.04.09	02:27:50.855	0.58243	0.58245			6
2026.04.09	02:27:51.157	0.58244				2
2026.04.09	02:27:51.457		0.58246			4
2026.04.09	02:27:57.765		0.58245			4
2026.04.09	02:28:00.171	0.58244				2
2026.04.09	02:28:04.678	0.58243				2
2026.04.09	02:28:09.490	0.58242	0.58244			6
2026.04.09	02:28:13.694	0.58243				2
2026.04.09	02:28:26.627		0.58245			4
2026.04.09	02:28:33.839	0.58242	0.58244			6
2026.04.09	02:29:00.284	0.58242				2
2026.04.09	02:29:02.390		0.58243			4
2026.04.09	02:29:02.690		0.58244			4
2026.04.09	02:29:03.892		0.58243			4
2026.04.09	02:29:04.194		0.58244			4
2026.04.09	02:29:04.795	0.58240	0.58241			6
2026.04.09	02:29:05.095		0.58242			4
2026.04.09	02:29:08.704	0.58242	0.58243			6
2026.04.09	02:29:11.712	0.58241				2
2026.04.09	02:29:17.725	0.58242				2
2026.04.09	02:29:18.925	0.58241				2
2026.04.09	02:29:38.764	0.58239	0.58241			6
2026.04.09	02:29:52.002	0.58241	0.58243			6
2026.04.09	02:30:00.120	0.58241				2
2026.04.09	02:30:04.630	0.58242	0.58244			6
2026.04.09	02:30:09.440	0.58238	0.58240			6
2026.04.09	02:30:10.341		0.58241			4
2026.04.09	02:30:11.544		0.58242			4
2026.04.09	02:30:22.068	0.58239	0.58243			6
2026.04.09	02:30:24.931		0.58242			4
2026.04.09	02:30:25.531	0.58242	0.58246			6
2026.04.09	02:30:41.459	0.58243				2
2026.04.09	02:30:41.758		0.58247			4
2026.04.09	02:30:43.634	0.58247	0.58251			6
2026.04.09	02:30:46.931	0.58248	0.58252			6
2026.04.09	02:30:49.975	0.58247	0.58251			6
2026.04.09	02:30:52.387	0.58248				2
2026.04.09	02:31:00.200	0.58248				2
2026.04.09	02:31:03.505	0.58244	0.58247			6
2026.04.09	02:31:07.590	0.58243	0.58246			6
2026.04.09	02:31:10.295		0.58247			4
2026.04.09	02:31:18.462	0.58244				2
2026.04.09	02:31:22.919	0.58243				2
2026.04.09	02:31:25.510	0.58241	0.58244			6
2026.04.09	02:31:30.021	0.58240				2
2026.04.09	02:31:31.823	0.58239	0.58243			6
2026.04.09	02:31:32.122	0.58238	0.58242			6
2026.04.09	02:31:45.290		0.58241			4
2026.04.09	02:31:48.897		0.58242			4
2026.04.09	02:31:52.505	0.58235	0.58239			6
2026.04.09	02:32:00.028	0.58235				2
2026.04.09	02:32:06.345	0.58234	0.58238			6
2026.04.09	02:32:13.252		0.58237			4
2026.04.09	02:32:15.355	0.58235	0.58238			6
2026.04.09	02:32:15.955	0.58233	0.58236			6
2026.04.09	02:32:17.156		0.58237			4
2026.04.09	02:32:18.056	0.58232	0.58236			6
2026.04.09	02:32:18.356		0.58235			4
2026.04.09	02:32:18.957	0.58233	0.58236			6
2026.04.09	02:32:19.258	0.58232				2
2026.04.09	02:32:20.158	0.58233				2
2026.04.09	02:32:24.367	0.58232	0.58235			6
2026.04.09	02:32:34.290	0.58233				2
2026.04.09	02:32:34.895	0.58234	0.58236			6
2026.04.09	02:32:36.695	0.58232	0.58234			6
2026.04.09	02:32:43.907	0.58229	0.58231			6
2026.04.09	02:32:44.207	0.58230	0.58232			6
2026.04.09	02:32:44.808	0.58231	0.58233			6
2026.04.09	02:32:45.110	0.58232	0.58235			6
2026.04.09	02:32:46.315		0.58236			4
2026.04.09	02:32:46.951	0.58231	0.58235			6
2026.04.09	02:32:47.852	0.58232				2
2026.04.09	02:32:48.151		0.58236			4
2026.04.09	02:32:51.627	0.58231	0.58235			6
2026.04.09	02:32:52.530	0.58232	0.58236			6
2026.04.09	02:33:00.298	0.58232	0.58235			6
2026.04.09	02:33:02.399	0.58231	0.58234			6
2026.04.09	02:33:10.225	0.58232				2
2026.04.09	02:33:10.525	0.58231	0.58233			6
2026.04.09	02:33:11.726	0.58228	0.58231			6
2026.04.09	02:33:13.232	0.58227				2
2026.04.09	02:33:22.251		0.58230			4
2026.04.09	02:33:34.109		0.58229			4
2026.04.09	02:33:40.418	0.58228	0.58230			6
2026.04.09	02:33:40.718	0.58227	0.58229			6
2026.04.09	02:33:50.341	0.58228				2
2026.04.09	02:33:50.641	0.58227				2
2026.04.09	02:33:54.549	0.58228	0.58230			6
2026.04.09	02:33:54.848	0.58232	0.58234			6
2026.04.09	02:33:55.149	0.58233				2
2026.04.09	02:33:55.449		0.58235			4
2026.04.09	02:33:56.351	0.58232	0.58236			6
2026.04.09	02:34:00.258	0.58232				2
2026.04.09	02:34:11.066	0.58236	0.58240			6
2026.04.09	02:34:20.397	0.58237				2
2026.04.09	02:34:21.299		0.58241			4
2026.04.09	02:34:25.810		0.58240			4
2026.04.09	02:35:00.066	0.58237				2
2026.04.09	02:35:00.366		0.58239			4
2026.04.09	02:35:17.195		0.58238			4
2026.04.09	02:35:21.703		0.58239			4
2026.04.09	02:35:28.625	0.58238				2
2026.04.09	02:35:29.226	0.58237				2
2026.04.09	02:35:29.526	0.58238				2
2026.04.09	02:35:30.427	0.58237				2
2026.04.09	02:35:40.349	0.58238				2
2026.04.09	02:35:42.153	0.58237				2
2026.04.09	02:35:43.653	0.58238				2
2026.04.09	02:35:44.553	0.58237				2
2026.04.09	02:35:47.256	0.58238				2
2026.04.09	02:35:55.080	0.58237				2
2026.04.09	02:35:58.391	0.58238				2
2026.04.09	02:36:00.194	0.58238				2
2026.04.09	02:36:04.098	0.58237				2
2026.04.09	02:36:14.921	0.58238	0.58240			6
2026.04.09	02:36:22.739	0.58241	0.58243			6
2026.04.09	02:36:24.842	0.58242				2
2026.04.09	02:36:27.846	0.58241				2
2026.04.09	02:36:32.055	0.58242	0.58244			6
2026.04.09	02:36:32.355	0.58243				2
2026.04.09	02:36:33.257	0.58241	0.58243			6
2026.04.09	02:36:33.557		0.58242			4
2026.04.09	02:36:34.158	0.58239	0.58241			6
2026.04.09	02:36:36.264	0.58238	0.58240			6
2026.04.09	02:36:36.864	0.58239	0.58241			6
2026.04.09	02:36:37.164	0.58238				2
2026.04.09	02:36:40.767	0.58239	0.58242			6
2026.04.09	02:36:41.367	0.58238	0.58241			6
2026.04.09	02:36:43.167	0.58239				2
2026.04.09	02:37:00.296	0.58239				2
2026.04.09	02:37:04.802		0.58240			4
2026.04.09	02:37:06.907	0.58240	0.58241			6
2026.04.09	02:37:09.617	0.58239	0.58240			6
2026.04.09	02:37:12.921		0.58241			4
2026.04.09	02:37:17.430	0.58240				2
2026.04.09	02:37:18.937	0.58239				2
2026.04.09	02:37:19.238		0.58240			4
2026.04.09	02:37:22.547		0.58241			4
2026.04.09	02:37:26.755		0.58240			4
2026.04.09	02:37:27.355	0.58238				2
2026.04.09	02:37:28.856	0.58239	0.58241			6
2026.04.09	02:37:32.762	0.58242	0.58243			6
2026.04.09	02:37:35.169	0.58239	0.58241			6
2026.04.09	02:37:51.127	0.58241	0.58242			6
2026.04.09	02:37:57.747		0.58243			4
2026.04.09	02:38:00.151	0.58241				2
2026.04.09	02:38:02.855	0.58240	0.58242			6
2026.04.09	02:38:03.155	0.58239	0.58241			6
2026.04.09	02:38:03.756	0.58247	0.58249			6
2026.04.09	02:38:04.356	0.58246	0.58250			6
2026.04.09	02:38:04.956	0.58244	0.58248			6
2026.04.09	02:38:05.256	0.58243	0.58247			6
2026.04.09	02:38:05.862	0.58247	0.58250			6
2026.04.09	02:38:06.158	0.58244	0.58248			6
2026.04.09	02:38:06.457	0.58243	0.58247			6
2026.04.09	02:38:12.795	0.58244				2
2026.04.09	02:38:20.740	0.58243				2
2026.04.09	02:38:59.133	0.58244				2
2026.04.09	02:39:00.584	0.58244				2
2026.04.09	02:39:00.884	0.58243				2
2026.04.09	02:39:03.774		0.58246			4
2026.04.09	02:39:13.495		0.58245			4
2026.04.09	02:39:15.601		0.58246			4
2026.04.09	02:39:23.250	0.58244				2
2026.04.09	02:39:31.357	0.58243	0.58245			6
2026.04.09	02:39:41.268	0.58245	0.58247			6
2026.04.09	02:39:41.568	0.58244	0.58246			6
2026.04.09	02:39:43.374	0.58245				2
2026.04.09	02:39:50.294	0.58244				2
2026.04.09	02:39:57.817	0.58245				2
2026.04.09	02:40:00.221	0.58245				2
2026.04.09	02:40:02.926	0.58244				2
2026.04.09	02:40:15.550	0.58247	0.58248			6
2026.04.09	02:40:19.456	0.58246				2
2026.04.09	02:40:25.460	0.58247				2
2026.04.09	02:40:25.761	0.58246				2
2026.04.09	02:40:26.060	0.58244	0.58246			6
2026.04.09	02:40:26.661	0.58245				2
2026.04.09	02:40:27.562	0.58244	0.58245			6
2026.04.09	02:40:31.470	0.58247	0.58249			6
2026.04.09	02:40:38.381	0.58253	0.58255			6
2026.04.09	02:40:39.283	0.58252	0.58256			6
2026.04.09	02:40:50.796		0.58255			4
2026.04.09	02:40:51.095		0.58256			4
2026.04.09	02:41:00.124	0.58252				2
2026.04.09	02:41:13.955	0.58251	0.58255			6
2026.04.09	02:41:16.958	0.58252	0.58256			6
2026.04.09	02:41:21.165	0.58253				2
2026.04.09	02:41:25.076	0.58252	0.58255			6
2026.04.09	02:41:27.784	0.58253	0.58256			6
2026.04.09	02:41:30.195		0.58255			4
2026.04.09	02:41:32.299	0.58254	0.58256			6
2026.04.09	02:41:39.219		0.58255			4
2026.04.09	02:41:53.948	0.58253				2
2026.04.09	02:41:54.249	0.58254				2
2026.04.09	02:41:55.453	0.58253				2
2026.04.09	02:42:00.258	0.58253				2
2026.04.09	02:42:03.564	0.58254				2
2026.04.09	02:42:05.972	0.58253				2
2026.04.09	02:42:06.274	0.58254				2
2026.04.09	02:42:10.783	0.58253				2
2026.04.09	02:42:17.698	0.58254	0.58256			6
2026.04.09	02:42:26.714	0.58255	0.58257			6
2026.04.09	02:42:38.444	0.58254	0.58256			6
2026.04.09	02:42:38.744	0.58255	0.58257			6
2026.04.09	02:42:53.163	0.58254	0.58256			6
2026.04.09	02:42:55.565		0.58255			4
2026.04.09	02:42:59.475		0.58256			4
2026.04.09	02:43:00.076	0.58254				2
2026.04.09	02:43:15.410		0.58255			4
2026.04.09	02:43:48.770		0.58256			4
2026.04.09	02:43:49.370		0.58255			4
2026.04.09	02:44:00.191	0.58254				2
2026.04.09	02:44:01.394	0.58253				2
2026.04.09	02:44:01.994	0.58254				2
2026.04.09	02:44:13.725		0.58256			4
2026.04.09	02:44:36.864		0.58255			4
2026.04.09	02:45:00.021	0.58254				2
2026.04.09	02:45:02.124	0.58253				2
2026.04.09	02:45:03.026	0.58254				2
2026.04.09	02:45:04.229		0.58256			4
2026.04.09	02:45:06.036		0.58255			4
2026.04.09	02:45:09.948		0.58256			4
2026.04.09	02:45:22.864		0.58255			4
2026.04.09	02:45:23.164		0.58256			4
2026.04.09	02:45:26.469	0.58255				2
2026.04.09	02:45:28.870	0.58254	0.58255			6
2026.04.09	02:45:39.099	0.58253	0.58254			6
2026.04.09	02:45:39.399	0.58254	0.58255			6
2026.04.09	02:45:46.312		0.58256			4
2026.04.09	02:45:46.613		0.58255			4
2026.04.09	02:45:46.914	0.58253				2
2026.04.09	02:45:48.416	0.58254				2
2026.04.09	02:45:48.717		0.58256			4
2026.04.09	02:46:00.131	0.58254				2
2026.04.09	02:46:07.045		0.58255			4
2026.04.09	02:46:07.345		0.58256			4
2026.04.09	02:46:16.057		0.58255			4
2026.04.09	02:46:16.357		0.58256			4
2026.04.09	02:47:00.247	0.58254				2
2026.04.09	02:47:00.547	0.58253	0.58255			6
2026.04.09	02:47:05.356		0.58254			4
2026.04.09	02:47:11.065	0.58254	0.58256			6
2026.04.09	02:47:26.708		0.58255			4
2026.04.09	02:47:30.015	0.58253				2
2026.04.09	02:47:31.219	0.58254				2
2026.04.09	02:47:33.323	0.58253				2
2026.04.09	02:47:58.272	0.58254				2
2026.04.09	02:48:00.075	0.58254				2
2026.04.09	02:48:00.676	0.58253				2
2026.04.09	02:48:04.586	0.58255	0.58257			6
2026.04.09	02:48:10.605	0.58259	0.58261			6
2026.04.09	02:48:11.205	0.58258				2
2026.04.09	02:48:11.506		0.58259			4
2026.04.09	02:48:11.808		0.58261			4
2026.04.09	02:48:12.109	0.58262	0.58265			6
2026.04.09	02:48:22.345	0.58263	0.58266			6
2026.04.09	02:48:45.495		0.58267			4
2026.04.09	02:48:47.650	0.58267	0.58271			6
2026.04.09	02:48:47.951	0.58268				2
2026.04.09	02:48:52.757		0.58272			4
2026.04.09	02:49:01.995	0.58268				2
2026.04.09	02:49:02.895	0.58269				2
2026.04.09	02:49:03.196	0.58268				2
2026.04.09	02:49:03.795		0.58271			4
2026.04.09	02:49:06.435		0.58272			4
2026.04.09	02:49:23.647		0.58271			4
2026.04.09	02:49:31.753		0.58272			4
2026.04.09	02:49:33.106		0.58271			4
2026.04.09	02:49:42.120	0.58267				2
2026.04.09	02:49:51.985	0.58268	0.58272			6
2026.04.09	02:49:52.286	0.58267	0.58271			6
2026.04.09	02:49:56.793		0.58270			4
2026.04.09	02:49:58.599	0.58268	0.58271			6
2026.04.09	02:50:00.099	0.58268				2
2026.04.09	02:50:01.902	0.58266	0.58269			6
2026.04.09	02:50:06.116	0.58268	0.58271			6
2026.04.09	02:50:08.223	0.58267	0.58270			6
2026.04.09	02:50:12.426		0.58269			4
2026.04.09	02:50:14.231	0.58266				2
2026.04.09	02:50:15.134		0.58268			4
2026.04.09	02:50:15.434	0.58264	0.58267			6
2026.04.09	02:50:16.337	0.58263				2
2026.04.09	02:50:18.656		0.58266			4
2026.04.09	02:50:18.957	0.58264	0.58268			6
2026.04.09	02:50:21.958	0.58266	0.58270			6
2026.04.09	02:50:27.055	0.58267				2
2026.04.09	02:50:27.956	0.58266				2
2026.04.09	02:50:37.364	0.58268	0.58271			6
2026.04.09	02:50:43.976	0.58267				2
2026.04.09	02:50:46.981	0.58268	0.58272			6
2026.04.09	02:50:52.109		0.58271			4
2026.04.09	02:50:52.409	0.58267	0.58270			6
2026.04.09	02:50:52.709	0.58268	0.58271			6
2026.04.09	02:50:54.212	0.58264	0.58267			6
2026.04.09	02:50:55.418		0.58268			4
2026.04.09	02:50:58.391	0.58265				2
2026.04.09	02:50:59.650	0.58264	0.58267			6
2026.04.09	02:51:00.252	0.58264				2
2026.04.09	02:51:00.852	0.58266	0.58268			6
2026.04.09	02:51:01.155		0.58270			4
2026.04.09	02:51:01.455	0.58267				2
2026.04.09	02:51:03.482	0.58266				2
2026.04.09	02:51:09.355	0.58268	0.58272			6
2026.04.09	02:51:13.258	0.58270				2
2026.04.09	02:51:13.558	0.58271	0.58274			6
2026.04.09	02:51:17.063	0.58273	0.58277			6
2026.04.09	02:51:17.363		0.58276			4
2026.04.09	02:51:18.264		0.58277			4
2026.04.09	02:51:25.165		0.58276			4
2026.04.09	02:51:25.464	0.58268	0.58272			6
2026.04.09	02:51:29.455	0.58269	0.58273			6
2026.04.09	02:51:31.256	0.58270				2
2026.04.09	02:51:37.863	0.58269	0.58272			6
2026.04.09	02:51:38.164	0.58268				2
2026.04.09	02:51:48.127	0.58267	0.58271			6
2026.04.09	02:51:48.428		0.58270			4
2026.04.09	02:51:48.729	0.58265	0.58269			6
2026.04.09	02:51:53.242		0.58268			4
2026.04.09	02:51:54.013	0.58264				2
2026.04.09	02:51:56.177	0.58265	0.58269			6
2026.04.09	02:51:57.684		0.58268			4
2026.04.09	02:52:01.314	0.58265				2
2026.04.09	02:52:01.616		0.58269			4
2026.04.09	02:52:02.215	0.58266	0.58270			6
2026.04.09	02:52:08.826		0.58269			4
2026.04.09	02:52:09.126	0.58265				2
2026.04.09	02:52:14.846	0.58268	0.58272			6
2026.04.09	02:52:35.072	0.58269	0.58273			6
2026.04.09	02:52:40.984	0.58268	0.58272			6
2026.04.09	02:52:41.884	0.58270	0.58274			6
2026.04.09	02:52:42.186	0.58272	0.58275			6
2026.04.09	02:52:42.485	0.58273	0.58277			6
2026.04.09	02:52:42.785	0.58274	0.58278			6
2026.04.09	02:52:43.385	0.58273	0.58277			6
2026.04.09	02:52:50.905	0.58274				2
2026.04.09	02:52:51.205	0.58275	0.58279			6
2026.04.09	02:52:54.212		0.58277			4
2026.04.09	02:52:54.812	0.58274				2
2026.04.09	02:52:57.040	0.58275				2
2026.04.09	02:53:00.046	0.58275				2
2026.04.09	02:53:02.149	0.58274				2
2026.04.09	02:53:02.449	0.58275				2
2026.04.09	02:53:03.050		0.58279			4
2026.04.09	02:53:03.350		0.58278			4
2026.04.09	02:53:03.950	0.58274				2
2026.04.09	02:53:04.817	0.58273	0.58277			6
2026.04.09	02:53:06.621		0.58276			4
2026.04.09	02:53:12.504		0.58277			4
2026.04.09	02:53:16.396		0.58276			4
2026.04.09	02:53:23.424	0.58272				2
2026.04.09	02:53:28.092		0.58275			4
2026.04.09	02:53:33.805	0.58273	0.58276			6
2026.04.09	02:53:45.238		0.58275			4
2026.04.09	02:53:47.344	0.58274	0.58276			6
2026.04.09	02:53:53.055	0.58275	0.58277			6
2026.04.09	02:53:55.458	0.58274	0.58276			6
2026.04.09	02:54:00.263	0.58274				2
2026.04.09	02:54:02.667	0.58273	0.58275			6
2026.04.09	02:54:03.268	0.58270	0.58272			6
2026.04.09	02:54:04.167	0.58269				2
2026.04.09	02:54:16.800	0.58268	0.58271			6
2026.04.09	02:54:23.089		0.58270			4
2026.04.09	02:54:26.394	0.58267	0.58269			6
2026.04.09	02:54:34.820		0.58268			4
2026.04.09	02:54:36.925		0.58269			4
2026.04.09	02:54:53.162	0.58266	0.58268			6
2026.04.09	02:54:54.060	0.58261	0.58263			6
2026.04.09	02:54:54.963	0.58262	0.58264			6
2026.04.09	02:54:55.261		0.58266			4
2026.04.09	02:54:56.194	0.58261	0.58265			6
2026.04.09	02:54:56.793	0.58262				2
2026.04.09	02:54:57.695	0.58261				2
2026.04.09	02:54:57.995	0.58260	0.58264			6
2026.04.09	02:54:58.296		0.58263			4
2026.04.09	02:54:58.596	0.58257	0.58261			6
2026.04.09	02:54:58.896	0.58258				2
2026.04.09	02:55:00.135	0.58258				2
2026.04.09	02:55:00.437	0.58259	0.58262			6
2026.04.09	02:55:01.440	0.58258	0.58261			6
2026.04.09	02:55:02.044	0.58254	0.58257			6
2026.04.09	02:55:03.546	0.58253				2
2026.04.09	02:55:05.051	0.58252	0.58256			6
2026.04.09	02:55:07.796	0.58253				2
2026.04.09	02:55:08.096	0.58252				2
2026.04.09	02:55:11.806	0.58253				2
2026.04.09	02:55:12.108	0.58254	0.58257			6
2026.04.09	02:55:13.310	0.58253				2
2026.04.09	02:55:13.609	0.58252	0.58256			6
2026.04.09	02:55:15.391	0.58251	0.58255			6
2026.04.09	02:55:18.397		0.58254			4
2026.04.09	02:55:19.297	0.58249	0.58253			6
2026.04.09	02:55:22.766	0.58248	0.58251			6
2026.04.09	02:55:25.975	0.58244	0.58248			6
2026.04.09	02:55:28.414	0.58245	0.58249			6
2026.04.09	02:55:28.713		0.58248			4
2026.04.09	02:55:30.586		0.58249			4
2026.04.09	02:55:33.395	0.58244	0.58247			6
2026.04.09	02:55:33.695	0.58243				2
2026.04.09	02:55:34.380		0.58246			4
2026.04.09	02:55:35.281	0.58242				2
2026.04.09	02:55:37.001	0.58241	0.58245			6
2026.04.09	02:55:38.666	0.58239	0.58243			6
2026.04.09	02:55:39.376	0.58237	0.58241			6
2026.04.09	02:55:40.944	0.58236	0.58240			6
2026.04.09	02:55:42.212	0.58238				2
2026.04.09	02:55:42.511		0.58242			4
2026.04.09	02:55:42.811	0.58240	0.58244			6
2026.04.09	02:55:43.112	0.58241	0.58245			6
2026.04.09	02:55:44.920	0.58240	0.58244			6
2026.04.09	02:55:45.220	0.58241	0.58245			6
2026.04.09	02:55:45.820	0.58240	0.58244			6
2026.04.09	02:55:48.706	0.58242	0.58246			6
2026.04.09	02:55:52.152		0.58245			4
2026.04.09	02:55:52.454	0.58241				2
2026.04.09	02:55:57.938	0.58242	0.58246			6
2026.04.09	02:55:58.238	0.58239	0.58243			6
2026.04.09	02:55:58.539	0.58238	0.58242			6
2026.04.09	02:55:58.839	0.58239	0.58243			6
2026.04.09	02:55:59.441	0.58241	0.58244			6
2026.04.09	02:56:00.043	0.58241				2
2026.04.09	02:56:00.344	0.58240	0.58243			6
2026.04.09	02:56:00.645	0.58239				2
2026.04.09	02:56:02.447	0.58242	0.58246			6
2026.04.09	02:56:02.748	0.58241	0.58245			6
2026.04.09	02:56:04.432	0.58240	0.58244			6
2026.04.09	02:56:05.636	0.58239	0.58243			6
2026.04.09	02:56:05.937	0.58240	0.58244			6
2026.04.09	02:56:06.538		0.58241			4
2026.04.09	02:56:06.838		0.58244			4
2026.04.09	02:56:07.951	0.58241				2
2026.04.09	02:56:08.252	0.58242	0.58246			6
2026.04.09	02:56:17.095		0.58245			4
2026.04.09	02:56:17.395	0.58241				2
2026.04.09	02:56:18.451	0.58242				2
2026.04.09	02:56:19.726	0.58243	0.58247			6
2026.04.09	02:56:20.327	0.58247	0.58250			6
2026.04.09	02:56:20.627	0.58246				2
2026.04.09	02:56:20.926	0.58245	0.58249			6
2026.04.09	02:56:21.227	0.58246				2
2026.04.09	02:56:22.191		0.58250			4
2026.04.09	02:56:22.491	0.58245	0.58249			6
2026.04.09	02:56:24.835		0.58248			4
2026.04.09	02:56:25.434	0.58244				2
2026.04.09	02:56:26.180		0.58247			4
2026.04.09	02:56:33.257		0.58248			4
2026.04.09	02:56:41.155		0.58246			4
2026.04.09	02:56:41.455	0.58242				2
2026.04.09	02:56:43.793		0.58245			4
2026.04.09	02:56:44.093	0.58244				2
2026.04.09	02:56:49.205	0.58245	0.58246			6
2026.04.09	02:56:50.107	0.58247	0.58248			6
2026.04.09	02:56:50.409	0.58248	0.58249			6
2026.04.09	02:56:54.303	0.58245	0.58248			6
2026.04.09	02:56:58.554	0.58246	0.58250			6
2026.04.09	02:57:00.163	0.58246				2
2026.04.09	02:57:01.770	0.58247				2
2026.04.09	02:57:04.547	0.58248	0.58251			6
2026.04.09	02:57:07.974	0.58247				2
2026.04.09	02:57:08.275	0.58248				2
2026.04.09	02:57:24.383	0.58246	0.58249			6
2026.04.09	02:57:31.300	0.58243	0.58246			6
2026.04.09	02:57:31.597	0.58242	0.58245			6
2026.04.09	02:57:32.198		0.58246			4
2026.04.09	02:57:32.499		0.58245			4
2026.04.09	02:57:34.982	0.58243	0.58247			6
2026.04.09	02:57:35.582		0.58246			4
2026.04.09	02:57:36.485	0.58242				2
2026.04.09	02:57:37.245		0.58245			4
2026.04.09	02:57:38.131		0.58246			4
2026.04.09	02:57:38.728		0.58245			4
2026.04.09	02:57:39.030	0.58239	0.58243			6
2026.04.09	02:57:46.031		0.58242			4
2026.04.09	02:57:49.473		0.58243			4
2026.04.09	02:57:50.273	0.58240	0.58244			6
2026.04.09	02:57:51.174	0.58239	0.58243			6
2026.04.09	02:57:52.677		0.58242			4
2026.04.09	02:57:54.619		0.58243			4
2026.04.09	02:57:56.121	0.58240				2
2026.04.09	02:58:00.405	0.58240				2
2026.04.09	02:58:06.151		0.58242			4
2026.04.09	02:58:07.352	0.58238	0.58241			6
2026.04.09	02:58:07.652	0.58239	0.58242			6
2026.04.09	02:58:09.453		0.58241			4
2026.04.09	02:58:10.955	0.58238				2
2026.04.09	02:58:15.761	0.58239	0.58242			6
2026.04.09	02:58:16.062	0.58238	0.58241			6
2026.04.09	02:58:16.363	0.58239	0.58242			6
2026.04.09	02:58:19.105		0.58241			4
2026.04.09	02:58:24.517	0.58240	0.58242			6
2026.04.09	02:58:28.724	0.58239	0.58241			6
2026.04.09	02:58:31.426	0.58240	0.58242			6
2026.04.09	02:58:31.727	0.58239	0.58241			6
2026.04.09	02:58:32.027	0.58240	0.58242			6
2026.04.09	02:58:35.333	0.58239	0.58241			6
2026.04.09	02:58:35.934	0.58240	0.58242			6
2026.04.09	02:58:38.936	0.58242	0.58244			6
2026.04.09	02:58:39.237	0.58241	0.58243			6
2026.04.09	02:58:39.838	0.58243	0.58245			6
2026.04.09	02:58:40.138	0.58244	0.58247			6
2026.04.09	02:58:40.438	0.58243	0.58246			6
2026.04.09	02:58:41.038	0.58244				2
2026.04.09	02:58:42.842		0.58247			4
2026.04.09	02:58:43.140	0.58243	0.58246			6
2026.04.09	02:58:44.343		0.58245			4
2026.04.09	02:58:44.942	0.58244	0.58247			6
2026.04.09	02:58:50.102		0.58246			4
2026.04.09	02:58:50.403	0.58242	0.58245			6
2026.04.09	02:58:52.211		0.58244			4
2026.04.09	02:58:53.413	0.58241				2
2026.04.09	02:58:54.124	0.58242				2
2026.04.09	02:58:59.538	0.58241				2
2026.04.09	02:59:00.971	0.58241				2
2026.04.09	02:59:02.826		0.58243			4
2026.04.09	02:59:04.626	0.58239	0.58242			6
2026.04.09	02:59:06.428	0.58240				2
2026.04.09	02:59:10.937	0.58239				2
2026.04.09	02:59:15.297	0.58240	0.58243			6
2026.04.09	02:59:17.405	0.58239	0.58242			6
2026.04.09	02:59:19.212	0.58240				2
2026.04.09	02:59:23.730	0.58239	0.58241			6
2026.04.09	02:59:24.331	0.58240	0.58242			6
2026.04.09	02:59:29.440	0.58241	0.58243			6
2026.04.09	02:59:34.249	0.58245	0.58246			6
2026.04.09	02:59:34.549	0.58247	0.58249			6
2026.04.09	02:59:35.150		0.58250			4
2026.04.09	02:59:36.351	0.58246				2
2026.04.09	02:59:37.390	0.58244	0.58248			6
2026.04.09	02:59:41.143		0.58247			4
2026.04.09	02:59:41.443	0.58243				2
2026.04.09	02:59:42.357	0.58244				2
2026.04.09	02:59:43.558	0.58243	0.58246			6
2026.04.09	02:59:46.754		0.58247			4
2026.04.09	02:59:47.055	0.58246	0.58248			6
2026.04.09	02:59:47.356	0.58245	0.58249			6
2026.04.09	02:59:48.858		0.58248			4
2026.04.09	02:59:49.458	0.58246	0.58249			6
2026.04.09	02:59:49.760	0.58245				2
2026.04.09	02:59:50.613		0.58248			4
2026.04.09	02:59:50.912	0.58244				2
2026.04.09	02:59:51.212		0.58247			4
2026.04.09	02:59:57.550	0.58243				2
2026.04.09	02:59:57.851	0.58244				2
2026.04.09	03:00:00.252	0.58245				2
2026.04.09	03:00:00.552	0.58247	0.58250			6
2026.04.09	03:00:01.452	0.58248				2
2026.04.09	03:00:02.354	0.58247				2
2026.04.09	03:00:02.954	0.58246	0.58249			6
2026.04.09	03:00:03.254	0.58247				2
2026.04.09	03:00:04.155		0.58250			4
2026.04.09	03:00:04.759	0.58248	0.58252			6
2026.04.09	03:00:05.058		0.58251			4
2026.04.09	03:00:05.958		0.58250			4
2026.04.09	03:00:06.258		0.58251			4
2026.04.09	03:00:06.863		0.58250			4
2026.04.09	03:00:07.162	0.58247				2
2026.04.09	03:00:07.761	0.58248				2
2026.04.09	03:00:08.362		0.58251			4
2026.04.09	03:00:09.264	0.58247	0.58250			6
2026.04.09	03:00:09.565	0.58246	0.58249			6
2026.04.09	03:00:10.164		0.58248			4
2026.04.09	03:00:12.268		0.58247			4
2026.04.09	03:00:12.567	0.58243	0.58246			6
2026.04.09	03:00:14.668		0.58245			4
2026.04.09	03:00:16.173	0.58242				2
2026.04.09	03:00:18.206	0.58243				2
2026.04.09	03:00:19.108	0.58242	0.58244			6
2026.04.09	03:00:19.406	0.58240	0.58243			6
2026.04.09	03:00:20.008	0.58241				2
2026.04.09	03:00:20.309	0.58240				2
2026.04.09	03:00:20.610	0.58241				2
2026.04.09	03:00:21.512		0.58244			4
2026.04.09	03:00:21.813	0.58240				2
2026.04.09	03:00:22.114	0.58241				2
2026.04.09	03:00:22.414	0.58240	0.58243			6
2026.04.09	03:00:22.714	0.58241	0.58244			6
2026.04.09	03:00:23.314	0.58242	0.58245			6
2026.04.09	03:00:25.717	0.58241	0.58242			6
2026.04.09	03:00:26.017	0.58238				2
2026.04.09	03:00:26.617		0.58241			4
2026.04.09	03:00:27.820	0.58242	0.58244			6
2026.04.09	03:00:28.120		0.58245			4
2026.04.09	03:00:29.022	0.58239	0.58243			6
2026.04.09	03:00:29.324	0.58240				2
2026.04.09	03:00:29.624	0.58239	0.58242			6
2026.04.09	03:00:32.325	0.58240				2
2026.04.09	03:00:34.728	0.58239	0.58241			6
2026.04.09	03:00:35.330		0.58242			4
2026.04.09	03:00:36.832	0.58240				2
2026.04.09	03:00:37.733	0.58239				2
2026.04.09	03:00:40.139	0.58241	0.58244			6
2026.04.09	03:00:40.439	0.58243	0.58245			6
2026.04.09	03:00:41.643	0.58242				2
2026.04.09	03:00:41.942		0.58244			4
2026.04.09	03:00:43.147		0.58245			4
2026.04.09	03:00:43.748	0.58241	0.58244			6
2026.04.09	03:00:44.048	0.58242				2
2026.04.09	03:00:46.751		0.58246			4
2026.04.09	03:00:47.051	0.58243	0.58247			6
2026.04.09	03:00:47.352	0.58244	0.58248			6
2026.04.09	03:00:47.952	0.58246	0.58250			6
2026.04.09	03:00:48.254	0.58248	0.58252			6
2026.04.09	03:00:48.552	0.58247	0.58251			6
2026.04.09	03:00:49.841		0.58250			4
2026.04.09	03:00:50.142		0.58251			4
2026.04.09	03:00:50.742	0.58249	0.58253			6
2026.04.09	03:00:51.644	0.58248	0.58252			6
2026.04.09	03:00:52.245	0.58249				2
2026.04.09	03:00:53.149	0.58251	0.58255			6
2026.04.09	03:00:53.446	0.58253	0.58256			6
2026.04.09	03:00:55.250	0.58252				2
2026.04.09	03:00:55.551	0.58250	0.58254			6
2026.04.09	03:00:56.452		0.58253			4
2026.04.09	03:00:58.253	0.58253	0.58257			6
2026.04.09	03:00:58.553	0.58254				2
2026.04.09	03:01:00.054	0.58254				2
2026.04.09	03:01:01.257		0.58258			4
2026.04.09	03:01:01.557		0.58257			4
2026.04.09	03:01:01.858		0.58258			4
2026.04.09	03:01:02.160	0.58252	0.58255			6
2026.04.09	03:01:02.459	0.58251				2
