<DATE>	<TIME>	<BID>	<ASK>	<LAST>	<VOLUME>	<FLAGS>
2026.01.23	00:03:30.853	0.59228	0.59284			6
2026.01.23	00:04:00.076	0.59228				2
2026.01.23	00:04:31.027		0.59284			4
2026.01.23	00:05:00.172	0.59228				2
2026.01.23	00:05:00.517	0.59225	0.59282			6
2026.01.23	00:05:00.825	0.59224	0.59281			6
2026.01.23	00:05:02.777	0.59220	0.59289			6
2026.01.23	00:05:03.578	0.59224	0.59281			6
2026.01.23	00:05:13.860	0.59223	0.59280			6
2026.01.23	00:05:24.097	0.59237				2
2026.01.23	00:05:24.446	0.59223				2
2026.01.23	00:05:24.752	0.59237				2
2026.01.23	00:05:25.096	0.59223				2
2026.01.23	00:05:25.400	0.59237				2
2026.01.23	00:05:25.704	0.59223				2
2026.01.23	00:05:26.051	0.59237				2
2026.01.23	00:05:26.355	0.59223				2
2026.01.23	00:05:26.701	0.59237				2
2026.01.23	00:05:27.007	0.59223				2
2026.01.23	00:05:27.355	0.59237				2
2026.01.23	00:05:27.657	0.59223				2
2026.01.23	00:05:52.991	0.59220	0.59278			6
2026.01.23	00:05:54.994	0.59222	0.59280			6
2026.01.23	00:06:00.154	0.59222				2
2026.01.23	00:06:55.029		0.59280			4
2026.01.23	00:07:00.152	0.59222				2
2026.01.23	00:07:00.802	0.59224	0.59282			6
2026.01.23	00:08:00.226	0.59224				2
2026.01.23	00:08:00.877		0.59282			4
2026.01.23	00:09:00.052	0.59224				2
2026.01.23	00:09:01.049		0.59282			4
2026.01.23	00:10:00.276	0.59224				2
2026.01.23	00:10:01.232		0.59282			4
2026.01.23	00:11:00.101	0.59224				2
2026.01.23	00:11:00.406	0.59229	0.59285			6
2026.01.23	00:11:00.753	0.59230	0.59286			6
2026.01.23	00:11:05.270	0.59234				2
2026.01.23	00:11:09.434	0.59230				2
2026.01.23	00:11:10.389	0.59234				2
2026.01.23	00:11:21.933	0.59230				2
2026.01.23	00:11:22.888	0.59234				2
2026.01.23	00:11:24.491	0.59244				2
2026.01.23	00:11:24.839		0.59283			4
2026.01.23	00:11:25.142		0.59284			4
2026.01.23	00:11:28.354	0.59238				2
2026.01.23	00:11:29.309	0.59244				2
2026.01.23	00:11:34.478	0.59238				2
2026.01.23	00:11:35.433	0.59244				2
2026.01.23	00:12:00.278	0.59244				2
2026.01.23	00:12:11.517	0.59227	0.59283			6
2026.01.23	00:12:13.123	0.59226	0.59282			6
2026.01.23	00:12:16.338	0.59227	0.59283			6
2026.01.23	00:13:00.148	0.59227				2
2026.01.23	00:13:16.557		0.59283			4
2026.01.23	00:13:33.571	0.59230				2
2026.01.23	00:13:39.992	0.59231				2
2026.01.23	00:13:53.892	0.59230				2
2026.01.23	00:13:54.240	0.59231				2
2026.01.23	00:14:00.008	0.59231				2
2026.01.23	00:14:02.569	0.59230				2
2026.01.23	00:14:02.917	0.59231				2
2026.01.23	00:14:10.796		0.59290			4
2026.01.23	00:14:11.550		0.59283			4
2026.01.23	00:14:22.186	0.59232				2
2026.01.23	00:14:25.049		0.59290			4
2026.01.23	00:14:25.904		0.59284			4
2026.01.23	00:14:26.552	0.59230				2
2026.01.23	00:14:27.203	0.59231				2
2026.01.23	00:14:51.136	0.59230				2
2026.01.23	00:15:00.126	0.59230				2
2026.01.23	00:15:00.473	0.59231				2
2026.01.23	00:15:11.669		0.59283			4
2026.01.23	00:15:12.016		0.59285			4
2026.01.23	00:15:12.320		0.59284			4
2026.01.23	00:15:15.227	0.59232				2
2026.01.23	00:15:21.302	0.59233				2
2026.01.23	00:15:28.723	0.59226				2
2026.01.23	00:15:37.102	0.59221	0.59292			6
2026.01.23	00:15:37.906	0.59225	0.59284			6
2026.01.23	00:15:57.484	0.59219	0.59291			6
2026.01.23	00:15:58.436	0.59224	0.59285			6
2026.01.23	00:16:00.040	0.59224				2
2026.01.23	00:16:06.764	0.59226	0.59287			6
2026.01.23	00:16:07.068	0.59225	0.59286			6
2026.01.23	00:16:08.068	0.59226	0.59287			6
2026.01.23	00:16:23.180		0.59286			4
2026.01.23	00:16:25.135		0.59287			4
2026.01.23	00:16:26.741		0.59286			4
2026.01.23	00:16:28.649		0.59287			4
2026.01.23	00:16:28.997		0.59285			4
2026.01.23	00:16:29.300		0.59287			4
2026.01.23	00:16:33.168		0.59286			4
2026.01.23	00:16:33.817		0.59287			4
2026.01.23	00:17:00.119	0.59226				2
2026.01.23	00:17:06.897	0.59227				2
2026.01.23	00:17:33.882		0.59287			4
2026.01.23	00:17:35.487		0.59286			4
2026.01.23	00:17:55.753	0.59228				2
2026.01.23	00:17:56.708	0.59231				2
2026.01.23	00:18:00.270	0.59234				2
2026.01.23	00:18:00.618	0.59237				2
2026.01.23	00:18:17.558	0.59235				2
2026.01.23	00:18:19.142	0.59237				2
2026.01.23	00:18:19.446	0.59235				2
2026.01.23	00:18:19.794	0.59237				2
2026.01.23	00:18:20.097	0.59236				2
2026.01.23	00:18:20.398	0.59237				2
2026.01.23	00:18:35.602		0.59286			4
2026.01.23	00:18:36.242	0.59236				2
2026.01.23	00:18:38.452	0.59237				2
2026.01.23	00:18:38.767	0.59236				2
2026.01.23	00:18:46.800	0.59234				2
2026.01.23	00:18:52.266	0.59235				2
2026.01.23	00:19:00.296	0.59235				2
2026.01.23	00:19:34.676	0.59234				2
2026.01.23	00:19:35.014	0.59235				2
2026.01.23	00:19:35.629		0.59286			4
2026.01.23	00:19:47.178	0.59234				2
2026.01.23	00:19:47.526		0.59285			4
2026.01.23	00:19:47.832		0.59286			4
2026.01.23	00:20:00.027	0.59234				2
2026.01.23	00:20:00.376		0.59288			4
2026.01.23	00:20:00.781	0.59235	0.59287			6
2026.01.23	00:20:08.741	0.59234				2
2026.01.23	00:20:09.069	0.59235				2
2026.01.23	00:20:14.538		0.59286			4
2026.01.23	00:20:15.059		0.59287			4
2026.01.23	00:21:00.468	0.59235				2
2026.01.23	00:21:03.181	0.59236				2
2026.01.23	00:21:13.658		0.59284			4
2026.01.23	00:21:39.667		0.59283			4
2026.01.23	00:21:41.004	0.59235				2
2026.01.23	00:21:45.672	0.59237	0.59284			6
2026.01.23	00:21:46.720	0.59236				2
2026.01.23	00:21:52.190	0.59233	0.59283			6
2026.01.23	00:21:53.614	0.59236	0.59284			6
2026.01.23	00:21:54.557	0.59232	0.59283			6
2026.01.23	00:21:54.860	0.59236	0.59284			6
2026.01.23	00:21:55.792	0.59232	0.59283			6
2026.01.23	00:21:56.103	0.59236	0.59284			6
2026.01.23	00:21:56.481	0.59232				2
2026.01.23	00:22:06.974	0.59232				2
2026.01.23	00:22:08.386	0.59231	0.59285			6
2026.01.23	00:22:09.105		0.59284			4
2026.01.23	00:22:19.875		0.59285			4
2026.01.23	00:22:27.027		0.59282			4
2026.01.23	00:22:36.383	0.59230	0.59283			6
2026.01.23	00:22:40.566	0.59231	0.59282			6
2026.01.23	00:22:46.392	0.59232	0.59287			6
2026.01.23	00:22:46.777	0.59231	0.59288			6
2026.01.23	00:22:50.902		0.59285			4
2026.01.23	00:22:53.496		0.59288			4
2026.01.23	00:22:53.846		0.59285			4
2026.01.23	00:22:56.722	0.59230	0.59287			6
2026.01.23	00:22:57.141		0.59284			4
2026.01.23	00:22:57.461		0.59286			4
2026.01.23	00:23:01.566	0.59230				2
2026.01.23	00:23:01.899	0.59231				2
2026.01.23	00:23:17.226		0.59284			4
2026.01.23	00:23:22.184		0.59287			4
2026.01.23	00:23:22.604		0.59286			4
2026.01.23	00:23:24.201	0.59230				2
2026.01.23	00:23:30.752		0.59284			4
2026.01.23	00:23:31.078	0.59229	0.59282			6
2026.01.23	00:23:31.461		0.59283			4
2026.01.23	00:23:41.640		0.59284			4
2026.01.23	00:23:41.962		0.59283			4
2026.01.23	00:23:42.284		0.59284			4
2026.01.23	00:23:46.267	0.59230				2
2026.01.23	00:24:00.465	0.59230				2
2026.01.23	00:24:01.574	0.59231	0.59288			6
2026.01.23	00:24:01.920		0.59283			4
2026.01.23	00:24:02.379		0.59284			4
2026.01.23	00:24:25.267	0.59230				2
2026.01.23	00:24:31.256	0.59231	0.59287			6
2026.01.23	00:24:31.642		0.59284			4
2026.01.23	00:24:39.667	0.59230				2
2026.01.23	00:24:53.592		0.59282			4
2026.01.23	00:24:53.945		0.59283			4
2026.01.23	00:25:00.676	0.59230				2
2026.01.23	00:25:04.482		0.59284			4
2026.01.23	00:25:10.121	0.59228				2
2026.01.23	00:25:25.244	0.59230	0.59283			6
2026.01.23	00:25:25.564		0.59290			4
2026.01.23	00:25:27.033	0.59229	0.59286			6
2026.01.23	00:25:27.491		0.59288			4
2026.01.23	00:25:28.371	0.59227	0.59286			6
2026.01.23	00:25:28.872		0.59283			4
2026.01.23	00:25:49.846		0.59282			4
2026.01.23	00:26:00.367	0.59227				2
2026.01.23	00:26:07.277		0.59285			4
2026.01.23	00:26:17.468	0.59228				2
2026.01.23	00:26:23.034	0.59227	0.59283			6
2026.01.23	00:26:23.467		0.59282			4
2026.01.23	00:26:45.687	0.59228	0.59285			6
2026.01.23	00:26:46.112		0.59284			4
2026.01.23	00:26:49.592		0.59285			4
2026.01.23	00:26:58.446		0.59283			4
2026.01.23	00:27:01.565	0.59228				2
2026.01.23	00:27:08.496	0.59230	0.59285			6
2026.01.23	00:27:18.086	0.59228	0.59286			6
2026.01.23	00:27:18.498		0.59285			4
2026.01.23	00:27:18.815		0.59286			4
2026.01.23	00:27:19.142	0.59229	0.59285			6
2026.01.23	00:27:30.464	0.59230				2
2026.01.23	00:27:39.067	0.59231	0.59284			6
2026.01.23	00:27:42.615	0.59230				2
2026.01.23	00:27:43.772		0.59283			4
2026.01.23	00:27:49.243	0.59231	0.59282			6
2026.01.23	00:27:56.057		0.59284			4
2026.01.23	00:27:56.516		0.59282			4
2026.01.23	00:27:58.367	0.59230				2
2026.01.23	00:28:02.319	0.59231	0.59288			6
2026.01.23	00:28:02.684	0.59232				2
2026.01.23	00:28:03.002	0.59231	0.59284			6
2026.01.23	00:28:11.126	0.59230				2
2026.01.23	00:28:23.352		0.59283			4
2026.01.23	00:28:42.823		0.59284			4
2026.01.23	00:28:49.701	0.59231				2
2026.01.23	00:28:51.586		0.59286			4
2026.01.23	00:28:51.890		0.59284			4
2026.01.23	00:28:52.237		0.59286			4
2026.01.23	00:28:52.557		0.59284			4
2026.01.23	00:28:52.902		0.59283			4
2026.01.23	00:28:56.968		0.59286			4
2026.01.23	00:28:57.294		0.59284			4
2026.01.23	00:28:57.610		0.59283			4
2026.01.23	00:28:57.931		0.59286			4
2026.01.23	00:29:01.268	0.59230				2
2026.01.23	00:29:04.676	0.59231				2
2026.01.23	00:29:39.777	0.59232	0.59288			6
2026.01.23	00:29:45.469	0.59228	0.59277			6
2026.01.23	00:29:54.367	0.59227				2
2026.01.23	00:29:56.094	0.59225	0.59272			6
2026.01.23	00:29:58.738	0.59224	0.59273			6
2026.01.23	00:30:00.375	0.59224				2
2026.01.23	00:30:00.873		0.59272			4
2026.01.23	00:30:03.411	0.59223	0.59273			6
2026.01.23	00:30:08.708	0.59224				2
2026.01.23	00:30:11.401	0.59218	0.59270			6
2026.01.23	00:30:13.586		0.59269			4
2026.01.23	00:30:13.905	0.59219	0.59266			6
2026.01.23	00:30:14.219	0.59220	0.59267			6
2026.01.23	00:30:14.572		0.59268			4
2026.01.23	00:30:15.774	0.59222				2
2026.01.23	00:30:17.079	0.59221				2
2026.01.23	00:30:17.405		0.59267			4
2026.01.23	00:30:17.720	0.59220				2
2026.01.23	00:30:22.587	0.59221				2
2026.01.23	00:30:23.987	0.59222	0.59268			6
2026.01.23	00:30:25.917	0.59221	0.59267			6
2026.01.23	00:30:26.271	0.59219	0.59268			6
2026.01.23	00:30:26.627	0.59220				2
2026.01.23	00:30:28.367		0.59270			4
2026.01.23	00:30:28.814	0.59221	0.59271			6
2026.01.23	00:30:36.351	0.59225				2
2026.01.23	00:30:39.546		0.59270			4
2026.01.23	00:30:46.786		0.59277			4
2026.01.23	00:30:47.245	0.59222	0.59279			6
2026.01.23	00:30:49.043	0.59223				2
2026.01.23	00:30:49.520	0.59224	0.59277			6
2026.01.23	00:30:50.276	0.59225				2
2026.01.23	00:30:51.129	0.59226				2
2026.01.23	00:30:55.932	0.59224	0.59276			6
2026.01.23	00:30:57.984	0.59223	0.59280			6
2026.01.23	00:30:59.528		0.59275			4
2026.01.23	00:31:00.593	0.59224				2
2026.01.23	00:31:00.926	0.59223	0.59274			6
2026.01.23	00:31:01.675		0.59275			4
2026.01.23	00:31:02.675	0.59225	0.59277			6
2026.01.23	00:31:05.597		0.59276			4
2026.01.23	00:31:23.127	0.59223				2
2026.01.23	00:31:23.446	0.59225				2
2026.01.23	00:31:23.765		0.59275			4
2026.01.23	00:31:24.101		0.59277			4
2026.01.23	00:31:24.434	0.59224	0.59275			6
2026.01.23	00:31:24.752	0.59225				2
2026.01.23	00:31:26.318	0.59226	0.59276			6
2026.01.23	00:31:37.906	0.59225				2
2026.01.23	00:31:38.232	0.59224	0.59277			6
2026.01.23	00:31:43.880		0.59275			4
2026.01.23	00:31:44.208		0.59277			4
2026.01.23	00:31:47.169	0.59225				2
2026.01.23	00:31:52.359	0.59224				2
2026.01.23	00:31:54.415	0.59225				2
2026.01.23	00:31:54.807		0.59273			4
2026.01.23	00:31:55.130		0.59276			4
2026.01.23	00:32:02.692	0.59225				2
2026.01.23	00:32:04.570	0.59224	0.59275			6
2026.01.23	00:32:14.020	0.59225				2
2026.01.23	00:32:16.274		0.59276			4
2026.01.23	00:32:25.201	0.59224				2
2026.01.23	00:32:33.020		0.59277			4
2026.01.23	00:32:34.593	0.59225				2
2026.01.23	00:32:34.919		0.59279			4
2026.01.23	00:32:37.746		0.59277			4
2026.01.23	00:32:38.058		0.59279			4
2026.01.23	00:32:39.668	0.59226				2
2026.01.23	00:32:51.714	0.59227				2
2026.01.23	00:32:56.783		0.59277			4
2026.01.23	00:33:02.355	0.59226				2
2026.01.23	00:33:03.084		0.59279			4
2026.01.23	00:33:05.168	0.59227				2
2026.01.23	00:33:15.500		0.59280			4
2026.01.23	00:33:16.387		0.59279			4
2026.01.23	00:33:21.451		0.59280			4
2026.01.23	00:33:24.041		0.59279			4
2026.01.23	00:33:25.390		0.59280			4
2026.01.23	00:33:26.168	0.59228				2
2026.01.23	00:34:00.324	0.59228				2
2026.01.23	00:34:11.792		0.59277			4
2026.01.23	00:34:15.488		0.59279			4
2026.01.23	00:34:16.949		0.59280			4
2026.01.23	00:34:32.468	0.59229				2
2026.01.23	00:34:34.294		0.59281			4
2026.01.23	00:34:52.448	0.59230	0.59282			6
2026.01.23	00:34:55.977	0.59229	0.59279			6
2026.01.23	00:34:56.286	0.59228	0.59286			6
2026.01.23	00:34:56.592		0.59279			4
2026.01.23	00:34:57.184	0.59229	0.59286			6
2026.01.23	00:34:58.992		0.59283			4
2026.01.23	00:35:00.156	0.59219	0.59271			6
2026.01.23	00:35:00.514		0.59266			4
2026.01.23	00:35:00.897	0.59220	0.59268			6
2026.01.23	00:35:01.217		0.59266			4
2026.01.23	00:35:02.395		0.59268			4
2026.01.23	00:35:06.300	0.59219	0.59267			6
2026.01.23	00:35:09.920	0.59220	0.59266			6
2026.01.23	00:35:13.146		0.59267			4
2026.01.23	00:35:31.968	0.59221				2
2026.01.23	00:35:32.776	0.59219	0.59264			6
2026.01.23	00:35:33.126		0.59266			4
2026.01.23	00:35:33.446		0.59264			4
2026.01.23	00:35:33.789		0.59266			4
2026.01.23	00:35:34.183		0.59264			4
2026.01.23	00:35:34.647	0.59220	0.59267			6
2026.01.23	00:35:34.967	0.59219	0.59265			6
2026.01.23	00:35:38.598	0.59196	0.59274			6
2026.01.23	00:35:39.768		0.59273			4
2026.01.23	00:35:40.088		0.59272			4
2026.01.23	00:35:41.495		0.59269			4
2026.01.23	00:35:41.816	0.59199	0.59265			6
2026.01.23	00:35:42.202	0.59200	0.59267			6
2026.01.23	00:35:42.523	0.59202				2
2026.01.23	00:35:44.449	0.59204	0.59265			6
2026.01.23	00:35:46.467	0.59201	0.59262			6
2026.01.23	00:35:47.099		0.59261			4
2026.01.23	00:35:47.562		0.59262			4
2026.01.23	00:35:47.886	0.59202				2
2026.01.23	00:35:48.378	0.59203	0.59261			6
2026.01.23	00:35:49.640		0.59259			4
2026.01.23	00:35:50.063	0.59201	0.59258			6
2026.01.23	00:35:50.937	0.59202				2
2026.01.23	00:35:52.131		0.59257			4
2026.01.23	00:35:52.584	0.59201				2
2026.01.23	00:35:54.640	0.59200	0.59256			6
2026.01.23	00:35:59.036	0.59197	0.59253			6
2026.01.23	00:35:59.737	0.59196				2
2026.01.23	00:36:00.794	0.59196				2
2026.01.23	00:36:09.273	0.59195				2
2026.01.23	00:36:11.821	0.59196				2
2026.01.23	00:36:14.077	0.59190	0.59255			6
2026.01.23	00:36:14.470	0.59192				2
2026.01.23	00:36:15.435	0.59196	0.59254			6
2026.01.23	00:36:19.127	0.59197	0.59253			6
2026.01.23	00:36:22.379	0.59193	0.59255			6
2026.01.23	00:36:24.457	0.59191				2
2026.01.23	00:36:32.848	0.59190				2
2026.01.23	00:36:33.638		0.59256			4
2026.01.23	00:36:35.201	0.59184	0.59247			6
2026.01.23	00:36:36.488		0.59249			4
2026.01.23	00:36:37.307		0.59247			4
2026.01.23	00:36:43.662		0.59248			4
2026.01.23	00:36:44.007	0.59188	0.59247			6
2026.01.23	00:36:44.326	0.59187				2
2026.01.23	00:36:48.239	0.59184	0.59243			6
2026.01.23	00:36:50.500		0.59239			4
2026.01.23	00:36:56.042		0.59240			4
2026.01.23	00:37:01.452	0.59184				2
2026.01.23	00:37:01.767	0.59185	0.59241			6
2026.01.23	00:37:02.189	0.59189				2
2026.01.23	00:37:09.997		0.59242			4
2026.01.23	00:37:16.797		0.59241			4
2026.01.23	00:37:23.563	0.59186				2
2026.01.23	00:37:24.572	0.59188	0.59242			6
2026.01.23	00:37:31.145	0.59187				2
2026.01.23	00:37:31.467		0.59243			4
2026.01.23	00:37:34.345	0.59191				2
2026.01.23	00:37:34.986	0.59187				2
2026.01.23	00:37:35.651	0.59188				2
2026.01.23	00:37:38.338	0.59193				2
2026.01.23	00:37:48.697	0.59192				2
2026.01.23	00:37:49.021	0.59194				2
2026.01.23	00:37:59.439	0.59193				2
2026.01.23	00:37:59.838	0.59194	0.59244			6
2026.01.23	00:38:00.152	0.59193				2
2026.01.23	00:38:00.866	0.59194				2
2026.01.23	00:38:14.293		0.59243			4
2026.01.23	00:38:14.867	0.59203	0.59255			6
2026.01.23	00:38:15.270	0.59204	0.59256			6
2026.01.23	00:38:15.627		0.59253			4
2026.01.23	00:38:16.608		0.59252			4
2026.01.23	00:38:32.767	0.59205				2
2026.01.23	00:38:41.560	0.59204				2
2026.01.23	00:38:44.467	0.59205				2
2026.01.23	00:38:53.672	0.59204	0.59250			6
2026.01.23	00:38:57.068	0.59205				2
2026.01.23	00:38:58.245	0.59204				2
2026.01.23	00:39:01.269	0.59205				2
2026.01.23	00:39:05.301		0.59254			4
2026.01.23	00:39:08.415		0.59253			4
2026.01.23	00:39:08.736		0.59254			4
2026.01.23	00:39:12.577	0.59206				2
2026.01.23	00:39:12.968		0.59255			4
2026.01.23	00:39:15.667	0.59205				2
2026.01.23	00:39:18.968	0.59206				2
2026.01.23	00:39:26.130		0.59253			4
2026.01.23	00:39:26.451		0.59255			4
2026.01.23	00:39:26.771		0.59253			4
2026.01.23	00:39:27.093		0.59255			4
2026.01.23	00:39:27.415		0.59253			4
2026.01.23	00:39:27.732		0.59255			4
2026.01.23	00:39:28.051		0.59253			4
2026.01.23	00:39:28.372		0.59255			4
2026.01.23	00:39:28.697		0.59253			4
2026.01.23	00:39:29.027		0.59255			4
2026.01.23	00:39:29.332		0.59252			4
2026.01.23	00:39:35.368	0.59205				2
2026.01.23	00:39:42.969	0.59206				2
2026.01.23	00:39:46.106	0.59205				2
2026.01.23	00:39:53.396	0.59206				2
2026.01.23	00:39:56.067		0.59255			4
2026.01.23	00:40:04.866	0.59206				2
2026.01.23	00:40:05.308	0.59214				2
2026.01.23	00:40:06.276	0.59206				2
2026.01.23	00:40:07.287	0.59214				2
2026.01.23	00:40:08.273	0.59206				2
2026.01.23	00:40:12.368		0.59256			4
2026.01.23	00:40:14.957		0.59259			4
2026.01.23	00:40:17.209	0.59208	0.59248			6
2026.01.23	00:40:20.119		0.59257			4
2026.01.23	00:40:21.449		0.59258			4
2026.01.23	00:40:22.492	0.59218	0.59265			6
2026.01.23	00:40:26.004	0.59220	0.59263			6
2026.01.23	00:40:34.299	0.59219	0.59264			6
2026.01.23	00:40:37.329	0.59220	0.59263			6
2026.01.23	00:40:39.794	0.59219	0.59264			6
2026.01.23	00:40:40.103	0.59220	0.59268			6
2026.01.23	00:40:40.769		0.59267			4
2026.01.23	00:40:46.198	0.59219				2
2026.01.23	00:40:52.202	0.59220				2
2026.01.23	00:40:53.864		0.59263			4
2026.01.23	00:40:55.930	0.59219	0.59266			6
2026.01.23	00:40:56.238		0.59265			4
2026.01.23	00:40:56.608		0.59266			4
2026.01.23	00:40:59.422	0.59220	0.59264			6
2026.01.23	00:40:59.815		0.59265			4
2026.01.23	00:41:00.149	0.59220				2
2026.01.23	00:41:00.606		0.59264			4
2026.01.23	00:41:02.830		0.59267			4
2026.01.23	00:41:04.387		0.59268			4
2026.01.23	00:41:07.563	0.59219	0.59264			6
2026.01.23	00:41:10.251	0.59220	0.59263			6
2026.01.23	00:41:11.880	0.59219	0.59264			6
2026.01.23	00:41:13.781	0.59220	0.59263			6
2026.01.23	00:41:17.735	0.59219	0.59264			6
2026.01.23	00:41:22.492	0.59220	0.59268			6
2026.01.23	00:41:26.951		0.59267			4
2026.01.23	00:41:28.196		0.59266			4
2026.01.23	00:41:28.519		0.59267			4
2026.01.23	00:41:29.409		0.59266			4
2026.01.23	00:41:37.564		0.59268			4
2026.01.23	00:41:38.445	0.59221	0.59267			6
2026.01.23	00:41:40.142	0.59219	0.59264			6
2026.01.23	00:41:47.767	0.59220	0.59263			6
2026.01.23	00:41:52.568	0.59219	0.59268			6
2026.01.23	00:41:52.887		0.59264			4
2026.01.23	00:41:57.838	0.59218	0.59265			6
2026.01.23	00:42:02.576	0.59219	0.59264			6
2026.01.23	00:42:03.573	0.59220	0.59263			6
2026.01.23	00:42:07.882	0.59206	0.59261			6
2026.01.23	00:42:08.200	0.59210	0.59260			6
2026.01.23	00:42:08.588	0.59209				2
2026.01.23	00:42:12.503	0.59210				2
2026.01.23	00:42:13.164	0.59208				2
2026.01.23	00:42:15.303		0.59259			4
2026.01.23	00:42:15.696	0.59207				2
2026.01.23	00:42:20.209	0.59206				2
2026.01.23	00:42:22.311	0.59214				2
2026.01.23	00:42:22.642		0.59263			4
2026.01.23	00:42:23.505		0.59264			4
2026.01.23	00:42:32.609	0.59215	0.59263			6
2026.01.23	00:42:38.531	0.59214	0.59264			6
2026.01.23	00:42:41.821	0.59215	0.59263			6
2026.01.23	00:42:47.827	0.59216	0.59262			6
2026.01.23	00:42:57.036	0.59215	0.59263			6
2026.01.23	00:43:03.798	0.59213	0.59265			6
2026.01.23	00:43:06.763	0.59214	0.59264			6
2026.01.23	00:43:08.397		0.59259			4
2026.01.23	00:43:13.195	0.59213	0.59260			6
2026.01.23	00:43:19.220	0.59210				2
2026.01.23	00:43:19.528		0.59261			4
2026.01.23	00:43:19.909		0.59262			4
2026.01.23	00:43:20.377		0.59257			4
2026.01.23	00:43:21.027	0.59205	0.59255			6
2026.01.23	00:43:21.556	0.59204	0.59256			6
2026.01.23	00:43:21.911	0.59203	0.59255			6
2026.01.23	00:43:22.301		0.59256			4
2026.01.23	00:43:22.974	0.59201	0.59254			6
2026.01.23	00:43:26.168	0.59204	0.59259			6
2026.01.23	00:43:26.505	0.59205	0.59258			6
2026.01.23	00:43:26.902		0.59257			4
2026.01.23	00:43:29.886	0.59204	0.59259			6
2026.01.23	00:43:30.229	0.59205	0.59257			6
2026.01.23	00:43:30.540		0.59259			4
2026.01.23	00:43:36.596	0.59206	0.59258			6
2026.01.23	00:43:36.998	0.59207				2
2026.01.23	00:43:41.364	0.59206	0.59259			6
2026.01.23	00:43:44.384		0.59258			4
2026.01.23	00:43:47.467	0.59205				2
2026.01.23	00:43:50.464		0.59260			4
2026.01.23	00:43:50.854	0.59206	0.59258			6
2026.01.23	00:43:51.370	0.59205				2
2026.01.23	00:43:51.946	0.59204				2
2026.01.23	00:43:52.474		0.59257			4
2026.01.23	00:43:55.686	0.59203				2
2026.01.23	00:43:56.031		0.59255			4
2026.01.23	00:43:57.259		0.59257			4
2026.01.23	00:44:00.652	0.59203				2
2026.01.23	00:44:07.388		0.59260			4
2026.01.23	00:44:11.809		0.59259			4
2026.01.23	00:44:12.667	0.59204				2
2026.01.23	00:44:14.520	0.59203				2
2026.01.23	00:44:15.021	0.59202	0.59255			6
2026.01.23	00:44:17.801	0.59200	0.59257			6
2026.01.23	00:44:18.106		0.59256			4
2026.01.23	00:44:19.076		0.59255			4
2026.01.23	00:44:19.423		0.59256			4
2026.01.23	00:44:21.923	0.59201	0.59255			6
2026.01.23	00:44:23.167	0.59200				2
2026.01.23	00:44:23.770		0.59256			4
2026.01.23	00:44:24.080	0.59201				2
2026.01.23	00:44:25.040	0.59200				2
2026.01.23	00:44:26.006		0.59254			4
2026.01.23	00:44:28.333	0.59201	0.59256			6
2026.01.23	00:44:28.727		0.59257			4
2026.01.23	00:44:29.986		0.59256			4
2026.01.23	00:44:31.464	0.59200	0.59258			6
2026.01.23	00:44:31.767	0.59201				2
2026.01.23	00:44:32.437		0.59257			4
2026.01.23	00:44:32.831		0.59258			4
2026.01.23	00:44:33.150		0.59257			4
2026.01.23	00:44:34.023		0.59256			4
2026.01.23	00:44:34.342		0.59254			4
2026.01.23	00:44:34.662	0.59202	0.59256			6
2026.01.23	00:44:39.053	0.59203	0.59254			6
2026.01.23	00:44:39.399		0.59256			4
2026.01.23	00:44:40.140		0.59257			4
2026.01.23	00:44:40.777	0.59202	0.59256			6
2026.01.23	00:44:41.505		0.59255			4
2026.01.23	00:44:41.875	0.59203	0.59256			6
2026.01.23	00:44:44.361		0.59255			4
2026.01.23	00:44:51.561	0.59202	0.59257			6
2026.01.23	00:44:51.886	0.59203				2
2026.01.23	00:44:52.205	0.59204				2
2026.01.23	00:44:52.530		0.59256			4
2026.01.23	00:44:54.667	0.59203				2
2026.01.23	00:44:55.693		0.59257			4
2026.01.23	00:44:58.426	0.59202	0.59256			6
2026.01.23	00:45:00.020	0.59202				2
2026.01.23	00:45:03.302	0.59201				2
2026.01.23	00:45:06.862	0.59202				2
2026.01.23	00:45:09.218		0.59265			4
2026.01.23	00:45:09.531		0.59256			4
2026.01.23	00:45:13.088	0.59217	0.59251			6
2026.01.23	00:45:18.026	0.59223	0.59261			6
2026.01.23	00:45:18.328		0.59257			4
2026.01.23	00:45:19.301	0.59224				2
2026.01.23	00:45:21.210		0.59259			4
2026.01.23	00:45:21.520	0.59230	0.59264			6
2026.01.23	00:45:22.765	0.59228				2
2026.01.23	00:45:23.415	0.59224				2
2026.01.23	00:45:24.023	0.59225				2
2026.01.23	00:45:27.327		0.59263			4
2026.01.23	00:45:29.236		0.59264			4
2026.01.23	00:45:29.541		0.59263			4
2026.01.23	00:45:29.889		0.59261			4
2026.01.23	00:45:30.191	0.59221	0.59256			6
2026.01.23	00:45:31.493	0.59222				2
2026.01.23	00:45:32.147		0.59255			4
2026.01.23	00:45:49.159		0.59249			4
2026.01.23	00:45:49.467	0.59214				2
2026.01.23	00:45:49.967		0.59248			4
2026.01.23	00:45:50.436	0.59215				2
2026.01.23	00:45:58.268	0.59216				2
2026.01.23	00:45:58.788	0.59215				2
2026.01.23	00:46:00.325	0.59215				2
2026.01.23	00:46:02.711	0.59214				2
2026.01.23	00:46:03.032	0.59212	0.59247			6
2026.01.23	00:46:04.898	0.59213				2
2026.01.23	00:46:09.326	0.59211				2
2026.01.23	00:46:11.820	0.59212				2
2026.01.23	00:46:12.604	0.59216				2
2026.01.23	00:46:15.367	0.59215				2
2026.01.23	00:46:19.279	0.59214				2
2026.01.23	00:46:28.124	0.59215				2
2026.01.23	00:46:46.731	0.59214				2
2026.01.23	00:46:47.093	0.59213				2
2026.01.23	00:46:48.411	0.59212	0.59242			6
2026.01.23	00:46:50.595	0.59211	0.59243			6
2026.01.23	00:46:54.655	0.59210				2
2026.01.23	00:46:54.967	0.59207	0.59234			6
2026.01.23	00:47:00.189	0.59207				2
2026.01.23	00:47:00.927	0.59205				2
2026.01.23	00:47:03.307	0.59203	0.59240			6
2026.01.23	00:47:04.254	0.59199	0.59234			6
2026.01.23	00:47:06.810	0.59205	0.59231			6
2026.01.23	00:47:16.205	0.59206	0.59230			6
2026.01.23	00:47:20.170		0.59229			4
2026.01.23	00:47:29.883	0.59207				2
2026.01.23	00:47:44.406	0.59206				2
2026.01.23	00:47:51.340	0.59212	0.59227			6
2026.01.23	00:47:51.642	0.59215	0.59246			6
2026.01.23	00:47:55.791	0.59212	0.59227			6
2026.01.23	00:47:58.361	0.59223	0.59249			6
2026.01.23	00:48:00.000	0.59223				2
2026.01.23	00:48:07.036	0.59221	0.59227			6
2026.01.23	00:48:07.338	0.59213	0.59244			6
2026.01.23	00:48:07.652		0.59245			4
2026.01.23	00:48:07.985		0.59226			4
2026.01.23	00:48:08.289	0.59212				2
2026.01.23	00:48:11.847	0.59205	0.59223			6
2026.01.23	00:48:12.151	0.59204				2
2026.01.23	00:48:15.882		0.59224			4
2026.01.23	00:48:17.119		0.59225			4
2026.01.23	00:48:17.427	0.59205	0.59224			6
2026.01.23	00:48:17.729		0.59225			4
2026.01.23	00:48:18.676		0.59224			4
2026.01.23	00:48:20.280		0.59227			4
2026.01.23	00:48:31.268		0.59228			4
2026.01.23	00:48:39.001		0.59227			4
2026.01.23	00:48:44.517		0.59226			4
2026.01.23	00:48:51.594		0.59225			4
2026.01.23	00:48:53.505		0.59226			4
2026.01.23	00:48:57.062		0.59227			4
2026.01.23	00:49:00.277	0.59205	0.59226			6
2026.01.23	00:49:26.942		0.59227			4
2026.01.23	00:49:27.246	0.59206	0.59226			6
2026.01.23	00:49:29.511	0.59210	0.59234			6
2026.01.23	00:49:31.326	0.59209	0.59235			6
2026.01.23	00:49:31.679	0.59208	0.59236			6
2026.01.23	00:49:38.452	0.59210	0.59237			6
2026.01.23	00:49:38.877	0.59211	0.59236			6
2026.01.23	00:49:39.768	0.59210	0.59237			6
2026.01.23	00:49:48.905	0.59209	0.59239			6
2026.01.23	00:49:49.252	0.59210	0.59237			6
2026.01.23	00:49:49.599	0.59209	0.59239			6
2026.01.23	00:49:49.947	0.59211	0.59237			6
2026.01.23	00:49:50.298	0.59209	0.59239			6
2026.01.23	00:49:50.645	0.59208				2
2026.01.23	00:49:54.513	0.59210	0.59237			6
2026.01.23	00:50:00.906	0.59211				2
2026.01.23	00:50:01.255	0.59209	0.59239			6
2026.01.23	00:50:05.699	0.59211	0.59236			6
2026.01.23	00:50:06.189	0.59210	0.59237			6
2026.01.23	00:50:22.249		0.59238			4
2026.01.23	00:50:26.987	0.59207	0.59240			6
2026.01.23	00:50:31.063	0.59206	0.59241			6
2026.01.23	00:50:51.227	0.59207	0.59243			6
2026.01.23	00:50:51.904	0.59206	0.59244			6
2026.01.23	00:50:52.223	0.59207	0.59243			6
2026.01.23	00:50:52.550		0.59244			4
2026.01.23	00:50:53.401		0.59245			4
2026.01.23	00:51:00.601	0.59215	0.59250			6
2026.01.23	00:51:01.593	0.59206	0.59241			6
2026.01.23	00:51:07.625		0.59242			4
2026.01.23	00:51:11.728		0.59241			4
2026.01.23	00:51:14.101	0.59209	0.59245			6
2026.01.23	00:51:25.732		0.59244			4
2026.01.23	00:51:26.035		0.59242			4
2026.01.23	00:51:26.383		0.59245			4
2026.01.23	00:51:27.988	0.59210				2
2026.01.23	00:51:30.243		0.59244			4
2026.01.23	00:51:35.366	0.59209				2
2026.01.23	00:52:00.159	0.59209				2
2026.01.23	00:52:00.467	0.59210				2
2026.01.23	00:52:03.677	0.59209				2
2026.01.23	00:52:07.806		0.59242			4
2026.01.23	00:52:08.129		0.59244			4
2026.01.23	00:52:10.752	0.59210	0.59245			6
2026.01.23	00:52:32.292		0.59246			4
2026.01.23	00:52:35.158	0.59207				2
2026.01.23	00:52:35.797		0.59237			4
2026.01.23	00:52:40.267	0.59208	0.59236			6
2026.01.23	00:52:41.071	0.59207	0.59230			6
2026.01.23	00:52:46.865	0.59197	0.59219			6
2026.01.23	00:52:47.172	0.59184	0.59216			6
2026.01.23	00:52:47.626	0.59182	0.59219			6
2026.01.23	00:52:48.803	0.59188	0.59213			6
2026.01.23	00:52:49.578	0.59189	0.59211			6
2026.01.23	00:52:50.215	0.59188	0.59213			6
2026.01.23	00:52:50.560	0.59190	0.59211			6
2026.01.23	00:52:50.937	0.59189	0.59212			6
2026.01.23	00:52:54.969	0.59188	0.59213			6
2026.01.23	00:52:57.693	0.59189	0.59212			6
2026.01.23	00:52:59.708	0.59181	0.59203			6
2026.01.23	00:53:00.094	0.59181				2
2026.01.23	00:53:07.571	0.59174	0.59200			6
2026.01.23	00:53:07.894	0.59181	0.59203			6
2026.01.23	00:53:12.381	0.59180	0.59204			6
2026.01.23	00:53:20.356	0.59179				2
2026.01.23	00:53:20.660		0.59205			4
2026.01.23	00:53:24.193	0.59178	0.59206			6
2026.01.23	00:53:26.461	0.59177	0.59207			6
2026.01.23	00:53:28.424	0.59179	0.59205			6
2026.01.23	00:53:28.867	0.59178	0.59206			6
2026.01.23	00:53:32.339	0.59179	0.59205			6
2026.01.23	00:53:35.317	0.59178	0.59206			6
2026.01.23	00:53:36.798	0.59172	0.59204			6
2026.01.23	00:53:40.002	0.59171	0.59205			6
2026.01.23	00:53:49.267	0.59178	0.59206			6
2026.01.23	00:53:50.124	0.59179	0.59205			6
2026.01.23	00:53:54.668	0.59180	0.59204			6
2026.01.23	00:53:55.196	0.59179	0.59205			6
2026.01.23	00:53:56.913	0.59178	0.59206			6
2026.01.23	00:53:58.863	0.59179	0.59205			6
2026.01.23	00:54:01.617	0.59179				2
2026.01.23	00:54:04.267	0.59178	0.59206			6
2026.01.23	00:54:15.081	0.59177	0.59207			6
2026.01.23	00:54:15.752	0.59189	0.59210			6
2026.01.23	00:54:22.237	0.59191	0.59208			6
2026.01.23	00:54:23.462	0.59189	0.59210			6
2026.01.23	00:54:29.050	0.59190	0.59209			6
2026.01.23	00:54:36.908	0.59189	0.59210			6
2026.01.23	00:54:48.082	0.59190	0.59209			6
2026.01.23	00:54:51.020	0.59191	0.59208			6
2026.01.23	00:54:52.993	0.59189	0.59210			6
2026.01.23	00:55:00.375	0.59188	0.59211			6
2026.01.23	00:55:14.094	0.59190	0.59209			6
2026.01.23	00:56:00.464	0.59190				2
2026.01.23	00:56:03.598	0.59194	0.59232			6
2026.01.23	00:56:04.369	0.59199	0.59228			6
2026.01.23	00:56:11.078	0.59197	0.59230			6
2026.01.23	00:56:28.177	0.59196	0.59232			6
2026.01.23	00:56:34.268		0.59231			4
2026.01.23	00:56:37.386	0.59195				2
2026.01.23	00:56:37.692		0.59232			4
2026.01.23	00:56:42.464	0.59196	0.59231			6
2026.01.23	00:57:00.290	0.59195	0.59232			6
2026.01.23	00:57:03.633		0.59231			4
2026.01.23	00:57:04.087	0.59206				2
2026.01.23	00:57:05.177	0.59195				2
2026.01.23	00:57:06.800	0.59206				2
2026.01.23	00:57:07.151	0.59195				2
2026.01.23	00:57:16.071		0.59232			4
2026.01.23	00:57:27.866	0.59196				2
2026.01.23	00:57:28.177	0.59197				2
2026.01.23	00:57:28.499	0.59196				2
2026.01.23	00:57:37.861	0.59197	0.59233			6
2026.01.23	00:57:38.907	0.59198				2
2026.01.23	00:57:42.168		0.59234			4
2026.01.23	00:57:44.486		0.59235			4
2026.01.23	00:58:07.270	0.59198				2
2026.01.23	00:58:28.606		0.59236			4
2026.01.23	00:58:38.908		0.59235			4
2026.01.23	00:58:43.571	0.59197				2
2026.01.23	00:58:50.167	0.59198				2
2026.01.23	00:59:00.464	0.59198				2
2026.01.23	00:59:07.268	0.59197				2
2026.01.23	00:59:08.528		0.59236			4
2026.01.23	00:59:10.868	0.59198				2
2026.01.23	00:59:14.105	0.59202	0.59238			6
2026.01.23	00:59:18.908	0.59203				2
2026.01.23	01:00:00.306	0.59208	0.59233			6
2026.01.23	01:00:00.735	0.59207	0.59234			6
2026.01.23	01:00:01.042	0.59208	0.59232			6
2026.01.23	01:00:02.345	0.59212	0.59218			6
2026.01.23	01:00:02.663	0.59213	0.59219			6
2026.01.23	01:00:02.966	0.59214	0.59220			6
2026.01.23	01:00:03.268		0.59221			4
2026.01.23	01:00:03.598		0.59222			4
2026.01.23	01:00:03.901	0.59213	0.59221			6
2026.01.23	01:00:04.220	0.59215	0.59223			6
2026.01.23	01:00:06.390	0.59216	0.59224			6
2026.01.23	01:00:07.633	0.59217	0.59223			6
2026.01.23	01:00:08.266	0.59216	0.59222			6
2026.01.23	01:00:10.123	0.59215				2
2026.01.23	01:00:14.791	0.59214	0.59224			6
2026.01.23	01:00:16.348		0.59222			4
2026.01.23	01:00:16.667		0.59224			4
2026.01.23	01:00:17.297		0.59223			4
2026.01.23	01:00:17.601	0.59215	0.59224			6
2026.01.23	01:00:18.527		0.59222			4
2026.01.23	01:00:19.475	0.59212	0.59221			6
2026.01.23	01:00:22.585		0.59219			4
2026.01.23	01:00:24.142	0.59213	0.59221			6
2026.01.23	01:00:24.447		0.59219			4
2026.01.23	01:00:25.097	0.59212	0.59218			6
2026.01.23	01:00:25.703		0.59220			4
2026.01.23	01:00:26.652	0.59211	0.59217			6
2026.01.23	01:00:26.955	0.59212	0.59218			6
2026.01.23	01:00:27.890	0.59210	0.59216			6
2026.01.23	01:00:28.208	0.59208	0.59214			6
2026.01.23	01:00:28.814	0.59207	0.59213			6
2026.01.23	01:00:29.142		0.59214			4
2026.01.23	01:00:29.444	0.59206	0.59213			6
2026.01.23	01:00:29.747	0.59207	0.59214			6
2026.01.23	01:00:30.073	0.59208	0.59215			6
2026.01.23	01:00:31.019	0.59207	0.59214			6
2026.01.23	01:00:33.512	0.59205	0.59212			6
2026.01.23	01:00:33.830	0.59204	0.59211			6
2026.01.23	01:00:36.022	0.59205	0.59212			6
2026.01.23	01:00:36.642	0.59204	0.59211			6
2026.01.23	01:00:39.130		0.59210			4
2026.01.23	01:00:40.382	0.59206	0.59208			6
2026.01.23	01:00:41.608	0.59207	0.59209			6
2026.01.23	01:00:45.047	0.59206	0.59208			6
2026.01.23	01:00:45.653	0.59205	0.59207			6
2026.01.23	01:00:45.971	0.59204	0.59206			6
2026.01.23	01:00:46.274		0.59207			4
2026.01.23	01:00:46.578	0.59203	0.59206			6
2026.01.23	01:00:48.814	0.59202	0.59205			6
2026.01.23	01:00:49.135	0.59201	0.59204			6
2026.01.23	01:00:50.991	0.59200	0.59203			6
2026.01.23	01:00:52.230	0.59199	0.59202			6
2026.01.23	01:00:52.556	0.59198	0.59201			6
2026.01.23	01:00:53.199	0.59197	0.59200			6
2026.01.23	01:00:54.755	0.59196				2
2026.01.23	01:00:55.057	0.59195				2
2026.01.23	01:00:56.915	0.59197				2
2026.01.23	01:00:57.544	0.59196	0.59199			6
2026.01.23	01:00:57.849	0.59189	0.59192			6
2026.01.23	01:00:58.167		0.59193			4
2026.01.23	01:00:58.797	0.59190	0.59194			6
2026.01.23	01:00:59.101	0.59191	0.59195			6
2026.01.23	01:00:59.405	0.59190	0.59194			6
2026.01.23	01:00:59.720	0.59188	0.59192			6
2026.01.23	01:01:00.024	0.59188				2
2026.01.23	01:01:00.962	0.59187	0.59191			6
2026.01.23	01:01:05.646	0.59189	0.59193			6
2026.01.23	01:01:05.974	0.59190	0.59194			6
2026.01.23	01:01:09.390		0.59193			4
2026.01.23	01:01:10.945	0.59187	0.59190			6
2026.01.23	01:01:11.247	0.59188	0.59191			6
2026.01.23	01:01:12.500	0.59189	0.59192			6
2026.01.23	01:01:14.382	0.59188	0.59189			6
2026.01.23	01:01:16.268	0.59186				2
2026.01.23	01:01:18.747	0.59185	0.59188			6
2026.01.23	01:01:19.378	0.59186				2
2026.01.23	01:01:21.253	0.59184	0.59186			6
2026.01.23	01:01:21.585	0.59181	0.59183			6
2026.01.23	01:01:22.208	0.59180	0.59184			6
2026.01.23	01:01:24.697	0.59181	0.59185			6
2026.01.23	01:01:26.251		0.59184			4
2026.01.23	01:01:30.620	0.59180	0.59183			6
2026.01.23	01:01:30.938	0.59181	0.59184			6
2026.01.23	01:01:31.242	0.59182				2
2026.01.23	01:01:37.211	0.59183	0.59185			6
2026.01.23	01:01:39.372		0.59184			4
2026.01.23	01:01:39.700	0.59182				2
2026.01.23	01:01:41.559	0.59183				2
2026.01.23	01:01:42.179		0.59185			4
2026.01.23	01:01:44.994	0.59182	0.59184			6
2026.01.23	01:01:56.265	0.59183				2
2026.01.23	01:01:57.190	0.59185	0.59186			6
2026.01.23	01:01:57.500	0.59189	0.59191			6
2026.01.23	01:01:58.138	0.59184	0.59188			6
2026.01.23	01:01:59.677	0.59189	0.59190			6
2026.01.23	01:01:59.981	0.59193	0.59197			6
2026.01.23	01:02:00.299	0.59192	0.59196			6
2026.01.23	01:02:00.627	0.59189	0.59193			6
2026.01.23	01:02:01.233	0.59188	0.59192			6
2026.01.23	01:02:04.691	0.59187	0.59191			6
2026.01.23	01:02:04.993	0.59194	0.59196			6
2026.01.23	01:02:05.299	0.59192				2
2026.01.23	01:02:07.472	0.59190	0.59194			6
2026.01.23	01:02:13.423	0.59191				2
2026.01.23	01:02:13.725	0.59189	0.59192			6
2026.01.23	01:02:14.346	0.59188	0.59191			6
2026.01.23	01:02:16.505	0.59189	0.59192			6
2026.01.23	01:02:17.137	0.59186	0.59188			6
2026.01.23	01:02:17.457		0.59189			4
2026.01.23	01:02:18.109	0.59187	0.59190			6
2026.01.23	01:02:20.269		0.59189			4
2026.01.23	01:02:39.897	0.59186	0.59188			6
2026.01.23	01:02:43.614	0.59187				2
2026.01.23	01:02:43.923	0.59181	0.59183			6
2026.01.23	01:02:44.246	0.59180	0.59184			6
2026.01.23	01:02:45.500	0.59181	0.59185			6
2026.01.23	01:02:47.406	0.59180	0.59184			6
2026.01.23	01:02:48.331		0.59183			4
2026.01.23	01:02:53.300		0.59182			4
2026.01.23	01:03:00.173	0.59180				2
2026.01.23	01:03:02.661	0.59182	0.59183			6
2026.01.23	01:03:02.965	0.59186	0.59188			6
2026.01.23	01:03:03.283	0.59185	0.59189			6
2026.01.23	01:03:05.572	0.59183	0.59187			6
2026.01.23	01:03:05.875	0.59182	0.59186			6
2026.01.23	01:03:06.527	0.59181	0.59185			6
2026.01.23	01:03:06.829	0.59182	0.59186			6
2026.01.23	01:03:10.043	0.59181	0.59185			6
2026.01.23	01:03:10.346	0.59182				2
2026.01.23	01:03:14.105		0.59184			4
2026.01.23	01:03:28.460	0.59183				2
2026.01.23	01:03:31.245	0.59181	0.59183			6
2026.01.23	01:03:31.547	0.59180	0.59182			6
2026.01.23	01:03:35.942	0.59179	0.59180			6
2026.01.23	01:03:36.259	0.59176	0.59178			6
2026.01.23	01:03:36.890	0.59174	0.59176			6
2026.01.23	01:03:37.194	0.59173	0.59177			6
2026.01.23	01:03:41.364	0.59172	0.59176			6
2026.01.23	01:03:41.669	0.59171	0.59175			6
2026.01.23	01:03:42.316		0.59174			4
2026.01.23	01:03:46.382		0.59173			4
2026.01.23	01:03:46.699		0.59174			4
2026.01.23	01:03:48.862		0.59173			4
2026.01.23	01:03:51.399	0.59167	0.59169			6
2026.01.23	01:03:52.321	0.59166	0.59170			6
2026.01.23	01:03:52.654	0.59167	0.59171			6
2026.01.23	01:03:55.214		0.59170			4
2026.01.23	01:03:55.563	0.59166	0.59169			6
2026.01.23	01:03:57.469	0.59167	0.59170			6
2026.01.23	01:03:58.120	0.59169	0.59172			6
2026.01.23	01:03:58.424	0.59170				2
2026.01.23	01:03:59.348	0.59169	0.59173			6
2026.01.23	01:03:59.677	0.59168	0.59172			6
2026.01.23	01:04:00.330	0.59168				2
2026.01.23	01:04:01.285	0.59167	0.59171			6
2026.01.23	01:04:02.587	0.59166	0.59170			6
2026.01.23	01:04:04.495	0.59163	0.59167			6
2026.01.23	01:04:05.148		0.59166			4
2026.01.23	01:04:05.452	0.59167	0.59170			6
2026.01.23	01:04:05.798	0.59168	0.59171			6
2026.01.23	01:04:06.406		0.59172			4
2026.01.23	01:04:11.224	0.59167	0.59171			6
2026.01.23	01:04:11.573	0.59166	0.59170			6
2026.01.23	01:04:14.438	0.59164	0.59168			6
2026.01.23	01:04:14.786	0.59163	0.59167			6
2026.01.23	01:04:15.089		0.59166			4
2026.01.23	01:04:15.391		0.59167			4
2026.01.23	01:04:18.699	0.59164	0.59168			6
2026.01.23	01:04:19.001	0.59163	0.59167			6
2026.01.23	01:04:19.652	0.59161	0.59164			6
2026.01.23	01:04:19.956	0.59160				2
2026.01.23	01:04:23.518		0.59163			4
2026.01.23	01:04:27.232	0.59161				2
2026.01.23	01:04:29.712	0.59160	0.59161			6
2026.01.23	01:04:30.018	0.59158	0.59160			6
2026.01.23	01:04:30.343		0.59159			4
2026.01.23	01:04:31.299	0.59157	0.59160			6
2026.01.23	01:04:33.254		0.59159			4
2026.01.23	01:04:36.994		0.59158			4
2026.01.23	01:04:39.798	0.59156				2
2026.01.23	01:04:40.733	0.59155	0.59156			6
2026.01.23	01:04:41.353	0.59154				2
2026.01.23	01:04:45.066		0.59155			4
2026.01.23	01:04:47.275	0.59153				2
2026.01.23	01:04:51.637	0.59152	0.59153			6
2026.01.23	01:04:52.243	0.59151				2
2026.01.23	01:04:55.381		0.59152			4
2026.01.23	01:04:56.305	0.59150				2
2026.01.23	01:04:58.207	0.59151				2
2026.01.23	01:05:00.073	0.59151				2
2026.01.23	01:05:00.703	0.59150				2
2026.01.23	01:05:01.006	0.59149	0.59150			6
2026.01.23	01:05:01.627	0.59150	0.59152			6
2026.01.23	01:05:02.257	0.59151				2
2026.01.23	01:05:03.211		0.59153			4
2026.01.23	01:05:03.514	0.59149	0.59151			6
2026.01.23	01:05:03.832	0.59148	0.59150			6
2026.01.23	01:05:04.765	0.59149				2
2026.01.23	01:05:05.384	0.59147	0.59151			6
2026.01.23	01:05:06.371		0.59150			4
2026.01.23	01:05:08.282	0.59148				2
2026.01.23	01:05:11.711	0.59147	0.59149			6
2026.01.23	01:05:12.947	0.59148				2
2026.01.23	01:05:13.265	0.59147				2
2026.01.23	01:05:19.492	0.59145	0.59147			6
2026.01.23	01:05:20.126		0.59148			4
2026.01.23	01:05:20.475	0.59144	0.59147			6
2026.01.23	01:05:21.426	0.59145				2
2026.01.23	01:05:21.730	0.59139	0.59141			6
2026.01.23	01:05:22.035	0.59137	0.59139			6
2026.01.23	01:05:22.342	0.59133	0.59135			6
2026.01.23	01:05:22.651	0.59132	0.59134			6
2026.01.23	01:05:23.254	0.59131	0.59135			6
2026.01.23	01:05:23.557	0.59136	0.59140			6
2026.01.23	01:05:24.538	0.59137				2
2026.01.23	01:05:24.841	0.59136				2
2026.01.23	01:05:28.357	0.59135	0.59139			6
2026.01.23	01:05:33.826	0.59131	0.59134			6
2026.01.23	01:05:34.478		0.59133			4
2026.01.23	01:05:35.435	0.59130				2
2026.01.23	01:05:36.085		0.59134			4
2026.01.23	01:05:37.691	0.59128	0.59132			6
2026.01.23	01:05:37.995	0.59127	0.59131			6
2026.01.23	01:05:39.297		0.59130			4
2026.01.23	01:05:44.129	0.59128				2
2026.01.23	01:05:51.392		0.59129			4
2026.01.23	01:05:55.125	0.59120	0.59121			6
2026.01.23	01:05:55.730	0.59119				2
2026.01.23	01:05:56.364	0.59118	0.59122			6
2026.01.23	01:05:57.971		0.59121			4
2026.01.23	01:06:00.233	0.59118				2
2026.01.23	01:06:03.442	0.59117	0.59120			6
2026.01.23	01:06:05.046	0.59118				2
2026.01.23	01:06:05.698	0.59117				2
2026.01.23	01:06:08.258	0.59118				2
2026.01.23	01:06:19.772	0.59119				2
2026.01.23	01:06:21.327	0.59118				2
2026.01.23	01:06:24.165	0.59119				2
2026.01.23	01:06:43.856	0.59118				2
2026.01.23	01:06:57.989	0.59117	0.59119			6
2026.01.23	01:07:00.248	0.59117				2
2026.01.23	01:07:00.898	0.59116	0.59118			6
2026.01.23	01:07:19.833	0.59115	0.59117			6
2026.01.23	01:07:31.084	0.59120	0.59122			6
2026.01.23	01:07:31.434	0.59121	0.59123			6
2026.01.23	01:07:32.388	0.59120	0.59124			6
2026.01.23	01:07:34.664	0.59116	0.59120			6
2026.01.23	01:07:34.994	0.59115	0.59119			6
2026.01.23	01:07:35.949	0.59118	0.59122			6
2026.01.23	01:07:36.906	0.59117	0.59121			6
2026.01.23	01:07:37.251	0.59118	0.59122			6
2026.01.23	01:07:40.767	0.59117	0.59121			6
2026.01.23	01:07:44.428	0.59118				2
2026.01.23	01:07:49.242	0.59119				2
2026.01.23	01:07:49.544	0.59118	0.59120			6
2026.01.23	01:07:50.796	0.59119	0.59121			6
2026.01.23	01:07:59.227		0.59120			4
2026.01.23	01:07:59.545		0.59121			4
2026.01.23	01:07:59.846		0.59120			4
2026.01.23	01:08:00.148	0.59119				2
2026.01.23	01:08:00.752	0.59118				2
2026.01.23	01:08:10.134	0.59119	0.59121			6
2026.01.23	01:08:18.292	0.59120	0.59122			6
2026.01.23	01:08:19.216	0.59119	0.59123			6
2026.01.23	01:08:20.149		0.59122			4
2026.01.23	01:08:20.498	0.59123	0.59126			6
2026.01.23	01:08:21.149		0.59127			4
2026.01.23	01:08:26.272	0.59124				2
2026.01.23	01:08:29.483	0.59123	0.59126			6
2026.01.23	01:08:32.998	0.59124	0.59127			6
2026.01.23	01:08:33.347		0.59126			4
2026.01.23	01:08:33.650	0.59125	0.59127			6
2026.01.23	01:08:39.543	0.59126	0.59128			6
2026.01.23	01:08:40.174	0.59130	0.59132			6
2026.01.23	01:08:40.495	0.59131	0.59133			6
2026.01.23	01:08:41.131	0.59130	0.59134			6
2026.01.23	01:08:42.128	0.59131	0.59135			6
2026.01.23	01:08:42.735	0.59136	0.59137			6
2026.01.23	01:08:43.038	0.59142	0.59145			6
2026.01.23	01:08:43.347	0.59146	0.59149			6
2026.01.23	01:08:43.685	0.59145	0.59148			6
2026.01.23	01:08:43.990		0.59149			4
2026.01.23	01:08:44.338	0.59144	0.59148			6
2026.01.23	01:08:44.640	0.59143	0.59147			6
2026.01.23	01:08:47.852	0.59148	0.59152			6
2026.01.23	01:08:48.155	0.59150	0.59154			6
2026.01.23	01:08:48.805	0.59149	0.59153			6
2026.01.23	01:08:57.137	0.59150				2
2026.01.23	01:08:59.092	0.59149	0.59152			6
2026.01.23	01:09:00.046	0.59149				2
2026.01.23	01:09:00.699	0.59148	0.59151			6
2026.01.23	01:09:02.606	0.59147	0.59150			6
2026.01.23	01:09:03.258	0.59148				2
2026.01.23	01:09:13.567	0.59147	0.59149			6
2026.01.23	01:09:22.605	0.59148				2
2026.01.23	01:09:23.539	0.59149	0.59150			6
2026.01.23	01:09:23.856		0.59151			4
2026.01.23	01:09:57.308	0.59150				2
2026.01.23	01:10:00.135	0.59150				2
2026.01.23	01:10:11.667	0.59145	0.59147			6
2026.01.23	01:10:12.314	0.59144	0.59146			6
2026.01.23	01:10:13.269	0.59143	0.59147			6
2026.01.23	01:10:18.437		0.59146			4
2026.01.23	01:10:25.160	0.59144				2
2026.01.23	01:10:29.226	0.59143	0.59144			6
2026.01.23	01:10:29.530	0.59140	0.59142			6
2026.01.23	01:10:29.846	0.59139	0.59141			6
2026.01.23	01:10:30.149		0.59142			4
2026.01.23	01:10:30.780	0.59138	0.59141			6
2026.01.23	01:10:31.432		0.59142			4
2026.01.23	01:10:34.294		0.59141			4
2026.01.23	01:10:36.552	0.59137	0.59140			6
2026.01.23	01:10:37.508	0.59136	0.59139			6
2026.01.23	01:10:43.323		0.59138			4
2026.01.23	01:10:43.930	0.59133	0.59135			6
2026.01.23	01:10:44.246	0.59134	0.59136			6
2026.01.23	01:10:45.183	0.59133	0.59137			6
2026.01.23	01:10:48.396		0.59136			4
2026.01.23	01:10:54.168	0.59134				2
2026.01.23	01:11:00.135	0.59134				2
2026.01.23	01:11:21.658	0.59133	0.59135			6
2026.01.23	01:11:30.135	0.59134	0.59136			6
2026.01.23	01:12:00.032	0.59134				2
2026.01.23	01:12:00.685	0.59132	0.59134			6
2026.01.23	01:12:00.987	0.59130	0.59132			6
2026.01.23	01:12:02.290	0.59129	0.59133			6
2026.01.23	01:12:10.319		0.59132			4
2026.01.23	01:12:12.576	0.59130	0.59133			6
2026.01.23	01:12:22.214		0.59132			4
2026.01.23	01:12:42.111	0.59129				2
2026.01.23	01:12:53.339	0.59128	0.59131			6
2026.01.23	01:13:00.212	0.59128				2
2026.01.23	01:13:14.362	0.59129				2
2026.01.23	01:13:23.099	0.59128	0.59130			6
2026.01.23	01:13:23.722	0.59129	0.59131			6
2026.01.23	01:13:25.303	0.59128	0.59130			6
2026.01.23	01:13:31.220	0.59130	0.59132			6
2026.01.23	01:13:32.147	0.59129	0.59133			6
2026.01.23	01:13:34.432	0.59126	0.59128			6
2026.01.23	01:13:35.387	0.59125				2
2026.01.23	01:13:40.204	0.59122	0.59124			6
2026.01.23	01:13:40.506	0.59120				2
2026.01.23	01:13:41.155	0.59121				2
2026.01.23	01:13:42.109	0.59120				2
2026.01.23	01:13:52.396		0.59123			4
2026.01.23	01:13:59.218	0.59121				2
2026.01.23	01:14:00.143	0.59121				2
2026.01.23	01:14:20.108		0.59122			4
2026.01.23	01:14:29.515		0.59123			4
2026.01.23	01:15:00.271	0.59121				2
2026.01.23	01:15:04.437	0.59120	0.59122			6
2026.01.23	01:15:05.393	0.59119				2
2026.01.23	01:15:11.165	0.59121	0.59124			6
2026.01.23	01:15:11.480	0.59120	0.59123			6
2026.01.23	01:15:12.118		0.59124			4
2026.01.23	01:15:18.235		0.59123			4
2026.01.23	01:15:27.215	0.59119	0.59122			6
2026.01.23	01:15:28.168	0.59120				2
2026.01.23	01:15:29.419	0.59123	0.59124			6
2026.01.23	01:15:29.721	0.59120	0.59122			6
2026.01.23	01:15:30.670	0.59123	0.59124			6
2026.01.23	01:15:31.593	0.59120	0.59122			6
2026.01.23	01:15:32.209	0.59123	0.59124			6
2026.01.23	01:15:32.515	0.59120	0.59122			6
2026.01.23	01:15:32.820	0.59123	0.59124			6
2026.01.23	01:15:33.130	0.59120	0.59122			6
2026.01.23	01:15:34.988	0.59119	0.59121			6
2026.01.23	01:15:36.215		0.59122			4
2026.01.23	01:15:41.362		0.59121			4
2026.01.23	01:16:00.302	0.59119				2
2026.01.23	01:16:13.779	0.59116	0.59118			6
2026.01.23	01:16:14.400	0.59115	0.59119			6
2026.01.23	01:16:22.513	0.59114	0.59118			6
2026.01.23	01:16:26.174	0.59115				2
2026.01.23	01:16:31.395		0.59117			4
2026.01.23	01:16:42.417	0.59116				2
2026.01.23	01:16:45.229	0.59115				2
2026.01.23	01:17:00.258	0.59115				2
2026.01.23	01:17:01.514	0.59116				2
2026.01.23	01:17:03.402	0.59115				2
2026.01.23	01:17:05.265		0.59118			4
2026.01.23	01:17:07.267		0.59117			4
2026.01.23	01:17:15.225		0.59118			4
2026.01.23	01:17:18.120		0.59117			4
2026.01.23	01:17:18.743	0.59118	0.59120			6
2026.01.23	01:17:20.303		0.59122			4
2026.01.23	01:17:32.242		0.59121			4
2026.01.23	01:17:37.372	0.59119				2
2026.01.23	01:17:49.025	0.59120				2
2026.01.23	01:17:50.283	0.59119				2
2026.01.23	01:17:52.162	0.59120				2
2026.01.23	01:17:52.464	0.59119				2
2026.01.23	01:18:00.046	0.59119				2
2026.01.23	01:18:00.981	0.59127	0.59128			6
2026.01.23	01:18:01.287	0.59131	0.59133			6
2026.01.23	01:18:01.605	0.59130	0.59132			6
2026.01.23	01:18:01.908	0.59131	0.59133			6
2026.01.23	01:18:02.212		0.59134			4
2026.01.23	01:18:09.479	0.59136	0.59139			6
2026.01.23	01:18:11.977	0.59147	0.59151			6
2026.01.23	01:18:14.208	0.59146	0.59150			6
2026.01.23	01:18:19.115		0.59149			4
2026.01.23	01:18:20.936		0.59150			4
2026.01.23	01:18:22.580	0.59144	0.59148			6
2026.01.23	01:18:22.883	0.59141	0.59145			6
2026.01.23	01:18:23.434		0.59144			4
2026.01.23	01:18:29.418	0.59142	0.59145			6
2026.01.23	01:18:30.373	0.59141	0.59144			6
2026.01.23	01:18:38.114	0.59140	0.59143			6
2026.01.23	01:18:38.419	0.59141				2
2026.01.23	01:18:40.296	0.59138	0.59140			6
2026.01.23	01:18:40.928	0.59137	0.59139			6
2026.01.23	01:18:41.247	0.59136				2
2026.01.23	01:18:41.681	0.59137				2
2026.01.23	01:18:42.984	0.59136				2
2026.01.23	01:18:43.290	0.59135	0.59137			6
2026.01.23	01:18:43.606	0.59134				2
2026.01.23	01:18:45.898	0.59136	0.59138			6
2026.01.23	01:18:47.598	0.59135				2
2026.01.23	01:18:48.204		0.59137			4
2026.01.23	01:18:51.121	0.59134				2
2026.01.23	01:18:54.385	0.59135				2
2026.01.23	01:19:00.291	0.59135				2
2026.01.23	01:19:14.614	0.59134	0.59136			6
2026.01.23	01:19:20.226	0.59135	0.59137			6
2026.01.23	01:19:31.455	0.59134	0.59136			6
2026.01.23	01:19:31.785	0.59132	0.59134			6
2026.01.23	01:19:32.407	0.59131				2
2026.01.23	01:19:33.369	0.59130	0.59133			6
2026.01.23	01:19:33.679	0.59131				2
2026.01.23	01:19:34.652		0.59134			4
2026.01.23	01:19:39.311		0.59133			4
2026.01.23	01:19:39.964	0.59130				2
2026.01.23	01:19:42.272		0.59132			4
2026.01.23	01:20:00.102	0.59130				2
2026.01.23	01:20:09.489	0.59129	0.59131			6
2026.01.23	01:20:18.186	0.59130	0.59132			6
2026.01.23	01:20:21.014	0.59129	0.59131			6
2026.01.23	01:20:31.962	0.59130	0.59132			6
2026.01.23	01:20:33.246	0.59129				2
2026.01.23	01:20:34.949	0.59131	0.59133			6
2026.01.23	01:21:00.306	0.59131				2
2026.01.23	01:21:01.890		0.59132			4
2026.01.23	01:21:07.090	0.59129				2
2026.01.23	01:21:20.449	0.59130				2
2026.01.23	01:21:24.620	0.59131				2
2026.01.23	01:21:33.660	0.59132	0.59133			6
2026.01.23	01:21:58.456	0.59130	0.59132			6
2026.01.23	01:22:00.059	0.59130				2
2026.01.23	01:22:08.389	0.59129	0.59131			6
2026.01.23	01:22:08.737		0.59130			4
2026.01.23	01:22:09.691	0.59128				2
2026.01.23	01:22:13.558	0.59129	0.59131			6
2026.01.23	01:22:15.164	0.59128	0.59130			6
2026.01.23	01:22:21.890	0.59129				2
2026.01.23	01:22:24.496		0.59131			4
2026.01.23	01:22:24.800	0.59130	0.59132			6
2026.01.23	01:22:25.450		0.59133			4
2026.01.23	01:22:25.754		0.59132			4
2026.01.23	01:22:27.019	0.59129				2
2026.01.23	01:22:31.226		0.59131			4
2026.01.23	01:22:40.964		0.59130			4
2026.01.23	01:22:49.350		0.59131			4
2026.01.23	01:22:59.335		0.59130			4
2026.01.23	01:23:00.292	0.59129				2
2026.01.23	01:23:01.243		0.59131			4
2026.01.23	01:23:03.200		0.59130			4
2026.01.23	01:23:10.231	0.59128				2
2026.01.23	01:23:22.777	0.59127	0.59128			6
2026.01.23	01:23:24.380		0.59129			4
2026.01.23	01:23:29.501		0.59128			4
2026.01.23	01:24:00.232	0.59127				2
2026.01.23	01:24:05.505	0.59126	0.59127			6
2026.01.23	01:24:07.390		0.59128			4
2026.01.23	01:24:11.554		0.59127			4
2026.01.23	01:24:29.820	0.59125				2
2026.01.23	01:24:50.349	0.59126				2
2026.01.23	01:24:51.271		0.59128			4
2026.01.23	01:24:52.206	0.59133	0.59135			6
2026.01.23	01:24:52.516	0.59134	0.59136			6
2026.01.23	01:24:53.205	0.59133				2
2026.01.23	01:24:53.814		0.59137			4
2026.01.23	01:24:56.722		0.59136			4
2026.01.23	01:25:00.281	0.59133				2
2026.01.23	01:25:05.401		0.59135			4
2026.01.23	01:25:12.776	0.59134	0.59136			6
2026.01.23	01:25:13.124		0.59137			4
2026.01.23	01:25:13.731	0.59133	0.59135			6
2026.01.23	01:25:14.050	0.59132	0.59133			6
2026.01.23	01:25:15.338		0.59135			4
2026.01.23	01:25:17.944	0.59131				2
2026.01.23	01:25:19.203	0.59132				2
2026.01.23	01:25:24.673	0.59133	0.59136			6
2026.01.23	01:25:25.932	0.59132	0.59135			6
2026.01.23	01:25:26.279	0.59133	0.59136			6
2026.01.23	01:25:27.583	0.59132	0.59135			6
2026.01.23	01:25:29.794	0.59133	0.59136			6
2026.01.23	01:25:32.402	0.59132	0.59135			6
2026.01.23	01:25:38.223	0.59133				2
2026.01.23	01:25:45.976	0.59132	0.59134			6
2026.01.23	01:25:47.226	0.59131				2
2026.01.23	01:25:55.980	0.59126	0.59128			6
2026.01.23	01:25:57.207		0.59129			4
2026.01.23	01:26:00.068	0.59125				2
2026.01.23	01:26:05.412		0.59128			4
2026.01.23	01:26:14.092	0.59126				2
2026.01.23	01:26:15.963	0.59128	0.59130			6
2026.01.23	01:26:16.268	0.59129	0.59131			6
2026.01.23	01:26:17.219	0.59128	0.59132			6
2026.01.23	01:26:21.408	0.59129				2
2026.01.23	01:26:25.228	0.59128	0.59131			6
2026.01.23	01:26:25.576	0.59129	0.59132			6
2026.01.23	01:26:28.438		0.59131			4
2026.01.23	01:26:45.248	0.59128	0.59130			6
2026.01.23	01:26:47.124		0.59131			4
2026.01.23	01:26:48.410		0.59130			4
2026.01.23	01:27:00.248	0.59128				2
2026.01.23	01:27:01.477	0.59127	0.59129			6
2026.01.23	01:27:02.109		0.59130			4
2026.01.23	01:27:08.229		0.59129			4
2026.01.23	01:27:15.403	0.59128	0.59130			6
2026.01.23	01:27:22.253		0.59131			4
2026.01.23	01:27:23.533	0.59127	0.59130			6
2026.01.23	01:27:28.348	0.59128				2
2026.01.23	01:27:39.640	0.59126	0.59128			6
2026.01.23	01:27:39.942	0.59125	0.59127			6
2026.01.23	01:27:40.260		0.59128			4
2026.01.23	01:27:41.049	0.59124	0.59127			6
2026.01.23	01:27:56.305		0.59126			4
2026.01.23	01:27:57.254		0.59127			4
2026.01.23	01:27:59.414		0.59126			4
2026.01.23	01:28:00.061	0.59124				2
2026.01.23	01:28:01.317	0.59123				2
2026.01.23	01:28:02.270	0.59124				2
2026.01.23	01:28:02.890	0.59125	0.59127			6
2026.01.23	01:28:03.197		0.59128			4
2026.01.23	01:28:08.393		0.59127			4
2026.01.23	01:28:21.042	0.59123	0.59125			6
2026.01.23	01:28:21.345	0.59122	0.59126			6
2026.01.23	01:28:27.709	0.59121	0.59125			6
2026.01.23	01:28:31.417		0.59124			4
2026.01.23	01:28:31.732	0.59120				2
2026.01.23	01:28:34.293	0.59121				2
2026.01.23	01:28:34.642	0.59120	0.59123			6
2026.01.23	01:28:40.415	0.59121				2
2026.01.23	01:28:41.673	0.59120	0.59122			6
2026.01.23	01:29:00.144	0.59120				2
2026.01.23	01:29:03.253	0.59121	0.59123			6
2026.01.23	01:29:09.192	0.59120	0.59122			6
2026.01.23	01:29:10.430		0.59123			4
2026.01.23	01:29:11.383		0.59122			4
2026.01.23	01:29:40.992	0.59122	0.59124			6
2026.01.23	01:29:41.298	0.59125	0.59127			6
2026.01.23	01:29:42.243	0.59124	0.59128			6
2026.01.23	01:29:46.410	0.59122	0.59126			6
2026.01.23	01:29:46.713	0.59121	0.59124			6
2026.01.23	01:29:47.061	0.59120				2
2026.01.23	01:29:54.138		0.59123			4
2026.01.23	01:29:54.441	0.59119				2
2026.01.23	01:29:57.305	0.59120				2
2026.01.23	01:30:00.214	0.59120				2
2026.01.23	01:30:04.430	0.59121				2
2026.01.23	01:30:14.038	0.59120	0.59122			6
2026.01.23	01:30:14.367	0.59121	0.59123			6
2026.01.23	01:30:15.294	0.59120	0.59122			6
2026.01.23	01:30:22.767	0.59117	0.59119			6
2026.01.23	01:30:24.325	0.59116	0.59120			6
2026.01.23	01:30:29.424	0.59117				2
2026.01.23	01:30:32.330	0.59118	0.59121			6
2026.01.23	01:30:33.284		0.59122			4
2026.01.23	01:30:36.194		0.59121			4
2026.01.23	01:30:41.312	0.59119				2
2026.01.23	01:30:52.871	0.59120	0.59122			6
2026.01.23	01:30:53.174	0.59121	0.59123			6
2026.01.23	01:30:54.106	0.59120	0.59124			6
2026.01.23	01:30:58.422	0.59121				2
2026.01.23	01:31:00.329	0.59121				2
2026.01.23	01:31:03.286		0.59123			4
2026.01.23	01:31:12.673	0.59122				2
2026.01.23	01:31:12.989	0.59117	0.59119			6
2026.01.23	01:31:14.228		0.59121			4
2026.01.23	01:31:23.409		0.59120			4
2026.01.23	01:31:27.226	0.59118				2
2026.01.23	01:31:34.072	0.59119				2
2026.01.23	01:31:48.055	0.59118				2
2026.01.23	01:31:56.179	0.59120	0.59121			6
2026.01.23	01:31:56.484	0.59118	0.59120			6
2026.01.23	01:31:56.787	0.59120	0.59121			6
2026.01.23	01:31:57.710	0.59118	0.59120			6
2026.01.23	01:31:58.038	0.59120	0.59121			6
2026.01.23	01:31:58.341	0.59118	0.59120			6
2026.01.23	01:31:58.660	0.59120	0.59121			6
2026.01.23	01:31:58.961	0.59118	0.59120			6
2026.01.23	01:31:59.265	0.59120	0.59121			6
2026.01.23	01:31:59.594	0.59118	0.59120			6
2026.01.23	01:32:00.217	0.59118				2
2026.01.23	01:32:03.315		0.59119			4
2026.01.23	01:32:04.235		0.59120			4
2026.01.23	01:32:10.236	0.59117	0.59119			6
2026.01.23	01:32:10.539	0.59118	0.59120			6
2026.01.23	01:32:10.858	0.59117	0.59119			6
2026.01.23	01:32:11.191	0.59116	0.59120			6
2026.01.23	01:32:12.796	0.59111	0.59115			6
2026.01.23	01:32:13.100	0.59109	0.59113			6
2026.01.23	01:32:19.712	0.59107	0.59111			6
2026.01.23	01:32:25.186		0.59110			4
2026.01.23	01:32:26.441	0.59106	0.59109			6
2026.01.23	01:32:28.303	0.59107				2
2026.01.23	01:32:37.009	0.59108				2
2026.01.23	01:32:42.923	0.59107				2
2026.01.23	01:33:00.067	0.59107				2
2026.01.23	01:33:13.570	0.59108				2
2026.01.23	01:33:17.913	0.59107				2
2026.01.23	01:33:26.572		0.59109			4
2026.01.23	01:33:32.998	0.59108				2
2026.01.23	01:33:33.299		0.59112			4
2026.01.23	01:33:37.414		0.59111			4
2026.01.23	01:33:44.138	0.59109				2
2026.01.23	01:33:49.109	0.59108				2
2026.01.23	01:33:50.412	0.59109				2
2026.01.23	01:34:00.047	0.59109				2
2026.01.23	01:34:01.605	0.59111	0.59113			6
2026.01.23	01:34:02.223	0.59110	0.59114			6
2026.01.23	01:34:09.284	0.59111				2
2026.01.23	01:34:11.542	0.59107	0.59110			6
2026.01.23	01:34:12.193		0.59111			4
2026.01.23	01:34:12.496	0.59106	0.59110			6
2026.01.23	01:34:14.450	0.59107	0.59111			6
2026.01.23	01:34:17.314	0.59106	0.59110			6
2026.01.23	01:34:18.615	0.59107	0.59111			6
2026.01.23	01:34:22.129		0.59110			4
2026.01.23	01:34:24.084	0.59106	0.59109			6
2026.01.23	01:34:25.037	0.59107	0.59110			6
2026.01.23	01:34:27.293		0.59109			4
2026.01.23	01:34:41.299	0.59108				2
2026.01.23	01:34:46.890	0.59107				2
2026.01.23	01:34:54.352	0.59108				2
2026.01.23	01:35:00.270	0.59108				2
2026.01.23	01:35:01.498	0.59107				2
2026.01.23	01:35:10.805	0.59108				2
2026.01.23	01:35:16.701	0.59107				2
2026.01.23	01:35:27.618		0.59109			4
2026.01.23	01:35:52.362	0.59106				2
2026.01.23	01:35:53.316		0.59110			4
2026.01.23	01:35:57.182		0.59109			4
2026.01.23	01:36:00.045	0.59106				2
2026.01.23	01:36:01.002	0.59107	0.59110			6
2026.01.23	01:36:10.334		0.59111			4
2026.01.23	01:36:15.150		0.59110			4
2026.01.23	01:36:26.395	0.59108				2
2026.01.23	01:37:00.043	0.59108				2
2026.01.23	01:37:12.471	0.59107	0.59109			6
2026.01.23	01:37:13.421	0.59106	0.59110			6
2026.01.23	01:37:24.314		0.59109			4
2026.01.23	01:37:25.617	0.59112	0.59115			6
2026.01.23	01:37:26.268		0.59116			4
2026.01.23	01:37:27.526		0.59115			4
2026.01.23	01:37:29.179	0.59108	0.59111			6
2026.01.23	01:37:51.195	0.59109				2
2026.01.23	01:37:58.343	0.59108				2
2026.01.23	01:37:59.331	0.59109				2
2026.01.23	01:38:00.254	0.59109				2
2026.01.23	01:38:09.921	0.59108	0.59110			6
2026.01.23	01:38:11.476	0.59109	0.59111			6
2026.01.23	01:38:13.032	0.59108	0.59110			6
2026.01.23	01:38:13.335	0.59109	0.59111			6
2026.01.23	01:38:14.587	0.59108	0.59110			6
2026.01.23	01:38:15.208	0.59109	0.59111			6
2026.01.23	01:38:22.685	0.59108	0.59110			6
2026.01.23	01:38:22.988	0.59109	0.59111			6
2026.01.23	01:38:27.350	0.59108	0.59110			6
2026.01.23	01:38:28.283	0.59109	0.59111			6
2026.01.23	01:38:29.511	0.59111	0.59113			6
2026.01.23	01:38:30.142	0.59110	0.59114			6
2026.01.23	01:38:30.490	0.59111				2
2026.01.23	01:38:31.776	0.59110				2
2026.01.23	01:38:33.356	0.59111				2
2026.01.23	01:38:35.614	0.59112	0.59115			6
2026.01.23	01:38:41.134		0.59114			4
2026.01.23	01:39:00.317	0.59112				2
2026.01.23	01:39:02.175	0.59111	0.59113			6
2026.01.23	01:39:02.478	0.59109	0.59111			6
2026.01.23	01:39:03.112	0.59108	0.59112			6
2026.01.23	01:39:03.541	0.59107	0.59111			6
2026.01.23	01:39:11.613	0.59108				2
2026.01.23	01:39:12.394		0.59110			4
2026.01.23	01:40:00.096	0.59108				2
2026.01.23	01:40:12.571		0.59110			4
2026.01.23	01:40:40.226	0.59107				2
2026.01.23	01:40:54.511		0.59109			4
2026.01.23	01:40:56.454	0.59103	0.59105			6
2026.01.23	01:41:02.297	0.59103	0.59106			6
2026.01.23	01:41:05.119		0.59105			4
2026.01.23	01:41:08.584	0.59104	0.59107			6
2026.01.23	01:41:09.434	0.59105				2
2026.01.23	01:41:10.390	0.59104				2
2026.01.23	01:41:16.227		0.59106			4
2026.01.23	01:41:32.652		0.59105			4
2026.01.23	01:41:47.639	0.59103				2
2026.01.23	01:41:50.464	0.59104				2
2026.01.23	01:41:55.768	0.59107	0.59108			6
2026.01.23	01:41:56.387		0.59109			4
2026.01.23	01:41:57.322	0.59106				2
2026.01.23	01:42:01.733	0.59106	0.59108			6
2026.01.23	01:42:02.345		0.59109			4
2026.01.23	01:42:04.431	0.59105	0.59108			6
2026.01.23	01:42:06.721		0.59107			4
2026.01.23	01:42:07.698		0.59108			4
2026.01.23	01:42:13.712	0.59107	0.59109			6
2026.01.23	01:42:15.426	0.59110	0.59113			6
2026.01.23	01:42:16.065	0.59112	0.59114			6
2026.01.23	01:42:39.888	0.59117	0.59118			6
2026.01.23	01:42:41.117		0.59119			4
2026.01.23	01:42:54.404		0.59118			4
2026.01.23	01:42:56.283	0.59115	0.59116			6
2026.01.23	01:42:56.586	0.59114				2
2026.01.23	01:42:57.231	0.59113				2
2026.01.23	01:42:57.557		0.59115			4
2026.01.23	01:43:00.459	0.59113	0.59116			6
2026.01.23	01:43:04.390	0.59114				2
2026.01.23	01:43:12.175	0.59115				2
2026.01.23	01:43:13.428	0.59114				2
2026.01.23	01:43:33.405	0.59115				2
2026.01.23	01:43:34.330	0.59120	0.59121			6
2026.01.23	01:43:34.634	0.59121	0.59123			6
2026.01.23	01:43:35.264		0.59125			4
2026.01.23	01:43:45.302		0.59124			4
2026.01.23	01:43:50.426	0.59122				2
2026.01.23	01:44:00.118	0.59123				2
2026.01.23	01:44:00.434		0.59125			4
2026.01.23	01:44:01.371	0.59122				2
2026.01.23	01:44:03.430	0.59123				2
2026.01.23	01:44:17.806	0.59127	0.59128			6
2026.01.23	01:44:18.110	0.59129	0.59130			6
2026.01.23	01:44:18.412	0.59128				2
2026.01.23	01:44:23.881		0.59131			4
2026.01.23	01:44:24.561		0.59130			4
2026.01.23	01:44:33.397		0.59129			4
2026.01.23	01:44:35.278		0.59130			4
2026.01.23	01:44:38.347		0.59129			4
2026.01.23	01:44:39.900	0.59127	0.59128			6
2026.01.23	01:44:40.531	0.59128	0.59129			6
2026.01.23	01:44:53.029	0.59130	0.59132			6
2026.01.23	01:44:53.333		0.59131			4
2026.01.23	01:44:53.649	0.59129				2
2026.01.23	01:44:54.255		0.59132			4
2026.01.23	01:44:55.052		0.59131			4
2026.01.23	01:44:57.410	0.59130	0.59133			6
2026.01.23	01:45:01.157	0.59131				2
2026.01.23	01:45:03.341	0.59132	0.59134			6
2026.01.23	01:45:03.643	0.59133	0.59135			6
2026.01.23	01:45:04.277	0.59132				2
2026.01.23	01:45:10.044	0.59131	0.59133			6
2026.01.23	01:45:10.377	0.59130				2
2026.01.23	01:45:10.679	0.59129	0.59131			6
2026.01.23	01:45:20.391	0.59130				2
2026.01.23	01:45:21.320	0.59131	0.59133			6
2026.01.23	01:45:22.250		0.59134			4
2026.01.23	01:45:25.412	0.59132				2
2026.01.23	01:45:28.221		0.59133			4
2026.01.23	01:45:30.083		0.59134			4
2026.01.23	01:45:30.731		0.59133			4
2026.01.23	01:45:35.687	0.59138	0.59139			6
2026.01.23	01:45:36.322		0.59140			4
2026.01.23	01:45:37.005		0.59141			4
2026.01.23	01:45:46.344		0.59140			4
2026.01.23	01:45:49.872		0.59139			4
2026.01.23	01:45:50.175		0.59140			4
2026.01.23	01:45:51.111		0.59139			4
2026.01.23	01:46:00.207	0.59138				2
2026.01.23	01:46:18.892	0.59137				2
2026.01.23	01:46:19.856		0.59138			4
2026.01.23	01:46:30.143	0.59136				2
2026.01.23	01:46:30.446	0.59137				2
2026.01.23	01:46:31.401	0.59136				2
2026.01.23	01:46:36.219		0.59137			4
2026.01.23	01:46:39.646	0.59137	0.59138			6
2026.01.23	01:46:49.013		0.59139			4
2026.01.23	01:47:00.253	0.59137				2
2026.01.23	01:47:05.728		0.59138			4
2026.01.23	01:47:06.077	0.59136	0.59137			6
2026.01.23	01:47:06.378		0.59138			4
2026.01.23	01:47:11.501	0.59133	0.59135			6
2026.01.23	01:47:12.153		0.59136			4
2026.01.23	01:47:13.757		0.59135			4
2026.01.23	01:47:23.441	0.59132	0.59134			6
2026.01.23	01:47:30.115	0.59137	0.59138			6
2026.01.23	01:47:30.417	0.59138	0.59140			6
2026.01.23	01:47:33.630	0.59137				2
2026.01.23	01:47:41.964	0.59140	0.59143			6
2026.01.23	01:47:42.279	0.59141	0.59144			6
2026.01.23	01:47:44.477		0.59145			4
2026.01.23	01:47:51.348		0.59144			4
2026.01.23	01:47:52.651	0.59142				2
2026.01.23	01:47:52.954		0.59145			4
2026.01.23	01:47:56.165		0.59144			4
2026.01.23	01:47:58.025	0.59143	0.59145			6
2026.01.23	01:48:00.201	0.59143				2
2026.01.23	01:48:01.480	0.59142	0.59144			6
2026.01.23	01:48:07.402	0.59143				2
2026.01.23	01:48:08.657	0.59142				2
2026.01.23	01:48:15.809	0.59143				2
2026.01.23	01:48:16.138	0.59142				2
2026.01.23	01:48:16.444	0.59143				2
2026.01.23	01:48:16.760	0.59147	0.59149			6
2026.01.23	01:48:17.064	0.59148	0.59150			6
2026.01.23	01:48:17.997		0.59149			4
2026.01.23	01:48:18.318	0.59147	0.59151			6
2026.01.23	01:48:18.651		0.59150			4
2026.01.23	01:48:26.382		0.59149			4
2026.01.23	01:48:29.897		0.59150			4
2026.01.23	01:48:31.201	0.59148				2
2026.01.23	01:48:35.283	0.59147	0.59149			6
2026.01.23	01:48:38.075	0.59148				2
2026.01.23	01:48:38.998	0.59147				2
2026.01.23	01:48:44.653	0.59148	0.59150			6
2026.01.23	01:48:48.129		0.59149			4
2026.01.23	01:48:55.311	0.59147				2
2026.01.23	01:49:00.014	0.59147				2
2026.01.23	01:49:00.631	0.59148				2
2026.01.23	01:49:00.957	0.59147				2
2026.01.23	01:49:01.260	0.59148	0.59150			6
2026.01.23	01:49:02.512	0.59147	0.59149			6
2026.01.23	01:49:03.118	0.59148				2
2026.01.23	01:49:06.549	0.59147				2
2026.01.23	01:49:09.038	0.59148				2
2026.01.23	01:49:09.644	0.59147	0.59148			6
2026.01.23	01:49:11.220		0.59150			4
2026.01.23	01:49:11.549		0.59149			4
2026.01.23	01:49:12.201	0.59143	0.59147			6
2026.01.23	01:49:12.504	0.59142	0.59145			6
2026.01.23	01:49:21.153	0.59143	0.59147			6
2026.01.23	01:49:21.486		0.59146			4
2026.01.23	01:49:23.046		0.59145			4
2026.01.23	01:49:23.999		0.59146			4
2026.01.23	01:49:25.300	0.59142	0.59145			6
2026.01.23	01:49:29.156		0.59144			4
2026.01.23	01:49:30.717	0.59141	0.59143			6
2026.01.23	01:49:50.640		0.59142			4
2026.01.23	01:49:53.122		0.59143			4
2026.01.23	01:50:00.325	0.59141				2
2026.01.23	01:50:01.249		0.59142			4
2026.01.23	01:50:01.932	0.59142	0.59143			6
2026.01.23	01:50:02.856		0.59144			4
2026.01.23	01:50:03.162	0.59141	0.59142			6
2026.01.23	01:50:05.088		0.59144			4
2026.01.23	01:50:09.569		0.59142			4
2026.01.23	01:50:09.878	0.59142	0.59144			6
2026.01.23	01:50:10.218		0.59143			4
2026.01.23	01:50:11.143		0.59144			4
2026.01.23	01:50:12.130		0.59143			4
2026.01.23	01:50:14.338		0.59144			4
2026.01.23	01:50:14.640		0.59143			4
2026.01.23	01:50:16.217	0.59140	0.59142			6
2026.01.23	01:50:17.194		0.59143			4
2026.01.23	01:50:19.105	0.59139				2
2026.01.23	01:50:20.107	0.59138	0.59142			6
2026.01.23	01:50:21.062	0.59137	0.59141			6
2026.01.23	01:50:21.717		0.59140			4
2026.01.23	01:50:22.064		0.59141			4
2026.01.23	01:50:26.179		0.59140			4
2026.01.23	01:50:29.393		0.59139			4
2026.01.23	01:50:31.877	0.59138	0.59140			6
2026.01.23	01:50:35.664	0.59137	0.59139			6
2026.01.23	01:50:54.364	0.59138				2
2026.01.23	01:50:55.315	0.59137				2
2026.01.23	01:51:00.000	0.59139	0.59140			6
2026.01.23	01:51:00.301	0.59137	0.59139			6
2026.01.23	01:51:00.616	0.59138				2
2026.01.23	01:51:00.918	0.59141	0.59142			6
2026.01.23	01:51:01.223	0.59142	0.59145			6
2026.01.23	01:51:01.874	0.59143	0.59146			6
2026.01.23	01:51:12.558	0.59142				2
2026.01.23	01:51:12.863	0.59141	0.59145			6
2026.01.23	01:51:13.166		0.59144			4
2026.01.23	01:51:14.167		0.59145			4
2026.01.23	01:51:15.424		0.59144			4
2026.01.23	01:51:15.728	0.59142				2
2026.01.23	01:51:31.153		0.59143			4
2026.01.23	01:51:31.457	0.59140	0.59141			6
2026.01.23	01:51:32.392	0.59138	0.59142			6
2026.01.23	01:51:32.724	0.59139				2
2026.01.23	01:51:33.026	0.59140	0.59143			6
2026.01.23	01:51:37.207		0.59144			4
2026.01.23	01:51:38.161		0.59143			4
2026.01.23	01:51:42.376	0.59141				2
2026.01.23	01:51:42.979	0.59140	0.59142			6
2026.01.23	01:51:44.535	0.59141	0.59143			6
2026.01.23	01:51:46.408	0.59139	0.59141			6
2026.01.23	01:51:52.965	0.59138	0.59140			6
2026.01.23	01:51:54.222	0.59139				2
2026.01.23	01:51:55.171	0.59137	0.59139			6
2026.01.23	01:51:56.402		0.59140			4
2026.01.23	01:52:00.242	0.59137				2
2026.01.23	01:52:01.195		0.59139			4
2026.01.23	01:52:13.092	0.59138				2
2026.01.23	01:52:13.712	0.59137				2
2026.01.23	01:52:14.017		0.59138			4
2026.01.23	01:52:15.276		0.59139			4
2026.01.23	01:52:24.031		0.59138			4
2026.01.23	01:52:24.335	0.59134	0.59136			6
2026.01.23	01:52:24.638	0.59135				2
2026.01.23	01:52:25.259		0.59137			4
2026.01.23	01:52:25.591	0.59136	0.59139			6
2026.01.23	01:52:27.850		0.59138			4
2026.01.23	01:52:31.715	0.59137	0.59140			6
2026.01.23	01:52:37.435		0.59139			4
2026.01.23	01:52:50.947	0.59136	0.59137			6
2026.01.23	01:52:51.250	0.59137	0.59139			6
2026.01.23	01:53:00.279	0.59137				2
2026.01.23	01:53:03.389	0.59138				2
2026.01.23	01:53:04.324	0.59137				2
2026.01.23	01:53:14.022	0.59138				2
2026.01.23	01:53:15.260	0.59137				2
2026.01.23	01:53:19.022	0.59136	0.59138			6
2026.01.23	01:53:36.186	0.59137	0.59139			6
2026.01.23	01:53:37.187	0.59138				2
2026.01.23	01:53:37.491	0.59137				2
2026.01.23	01:53:51.998		0.59140			4
2026.01.23	01:53:57.215	0.59138				2
2026.01.23	01:53:57.518	0.59143	0.59145			6
2026.01.23	01:53:58.168		0.59146			4
2026.01.23	01:54:00.570	0.59143				2
2026.01.23	01:54:10.414		0.59145			4
2026.01.23	01:54:15.857	0.59146	0.59148			6
2026.01.23	01:54:16.158		0.59149			4
2026.01.23	01:54:17.388		0.59148			4
2026.01.23	01:54:19.951	0.59145	0.59147			6
2026.01.23	01:54:21.557		0.59148			4
2026.01.23	01:54:23.210		0.59147			4
2026.01.23	01:54:27.596	0.59146	0.59148			6
2026.01.23	01:54:28.247	0.59145				2
2026.01.23	01:54:29.278	0.59146				2
2026.01.23	01:54:32.739	0.59148	0.59149			6
2026.01.23	01:54:33.046		0.59150			4
2026.01.23	01:54:47.165		0.59149			4
2026.01.23	01:54:48.412	0.59147				2
2026.01.23	01:54:56.840	0.59148				2
2026.01.23	01:54:57.142	0.59147				2
2026.01.23	01:55:00.299	0.59147				2
2026.01.23	01:55:00.618	0.59148				2
2026.01.23	01:55:02.202	0.59147				2
2026.01.23	01:55:02.504	0.59146	0.59148			6
2026.01.23	01:55:04.365	0.59145	0.59149			6
2026.01.23	01:55:05.420		0.59148			4
2026.01.23	01:55:08.731	0.59142	0.59145			6
2026.01.23	01:55:09.035		0.59144			4
2026.01.23	01:55:10.316		0.59145			4
2026.01.23	01:55:13.792	0.59141	0.59144			6
2026.01.23	01:55:14.106	0.59140	0.59143			6
2026.01.23	01:55:14.425	0.59139				2
2026.01.23	01:55:15.909	0.59141	0.59144			6
2026.01.23	01:55:17.464	0.59140				2
2026.01.23	01:55:17.816	0.59142	0.59145			6
2026.01.23	01:55:18.164		0.59146			4
2026.01.23	01:55:23.885		0.59145			4
2026.01.23	01:55:28.397	0.59143				2
2026.01.23	01:55:34.320		0.59144			4
2026.01.23	01:55:55.831	0.59144	0.59145			6
2026.01.23	01:55:56.136	0.59143				2
2026.01.23	01:56:00.031	0.59143				2
2026.01.23	01:56:10.277	0.59144				2
2026.01.23	01:56:13.087	0.59143				2
2026.01.23	01:56:35.315	0.59144	0.59146			6
2026.01.23	01:56:36.281	0.59147	0.59150			6
2026.01.23	01:56:40.778		0.59151			4
2026.01.23	01:56:41.113	0.59149	0.59152			6
2026.01.23	01:56:45.069	0.59148				2
2026.01.23	01:56:45.601		0.59151			4
2026.01.23	01:56:46.404		0.59152			4
2026.01.23	01:56:48.400		0.59151			4
2026.01.23	01:56:51.005	0.59149				2
2026.01.23	01:57:00.146	0.59150				2
2026.01.23	01:57:02.003	0.59148	0.59150			6
2026.01.23	01:57:03.237	0.59147	0.59151			6
2026.01.23	01:57:05.392		0.59150			4
2026.01.23	01:57:09.252	0.59148				2
2026.01.23	01:57:12.665	0.59147	0.59148			6
2026.01.23	01:57:12.968	0.59148	0.59150			6
2026.01.23	01:57:21.671		0.59149			4
2026.01.23	01:57:22.298		0.59150			4
2026.01.23	01:57:30.217	0.59149				2
2026.01.23	01:57:30.673	0.59148				2
2026.01.23	01:57:51.117	0.59149				2
2026.01.23	01:57:54.466		0.59151			4
2026.01.23	01:57:56.340	0.59152	0.59154			6
2026.01.23	01:57:57.527		0.59155			4
2026.01.23	01:58:00.572	0.59152				2
2026.01.23	01:58:02.826	0.59151	0.59154			6
2026.01.23	01:58:06.478	0.59152	0.59155			6
2026.01.23	01:58:09.465	0.59153				2
2026.01.23	01:58:11.999		0.59154			4
2026.01.23	01:58:13.480		0.59155			4
2026.01.23	01:58:14.415	0.59154	0.59156			6
2026.01.23	01:58:14.718	0.59157	0.59159			6
2026.01.23	01:58:19.470		0.59158			4
2026.01.23	01:58:19.789	0.59155	0.59159			6
2026.01.23	01:58:20.113	0.59157				2
2026.01.23	01:58:21.686	0.59154	0.59157			6
2026.01.23	01:58:22.476	0.59156	0.59158			6
2026.01.23	01:58:23.184	0.59155				2
2026.01.23	01:58:26.025		0.59157			4
2026.01.23	01:58:30.717	0.59154	0.59156			6
2026.01.23	01:58:31.359	0.59155				2
2026.01.23	01:58:32.614		0.59157			4
2026.01.23	01:58:33.841	0.59154	0.59156			6
2026.01.23	01:58:36.674	0.59151	0.59152			6
2026.01.23	01:58:36.979	0.59149	0.59151			6
2026.01.23	01:58:37.872	0.59150	0.59153			6
2026.01.23	01:58:42.516	0.59151	0.59154			6
2026.01.23	01:58:42.868	0.59150	0.59153			6
2026.01.23	01:58:51.358		0.59152			4
2026.01.23	01:58:52.294	0.59149				2
2026.01.23	01:58:54.402		0.59151			4
2026.01.23	01:58:55.326		0.59152			4
2026.01.23	01:58:56.412		0.59151			4
2026.01.23	01:58:59.240	0.59150	0.59152			6
2026.01.23	01:59:00.175	0.59150				2
2026.01.23	01:59:01.098	0.59151	0.59153			6
2026.01.23	01:59:01.730	0.59152	0.59154			6
2026.01.23	01:59:02.944	0.59151				2
2026.01.23	01:59:03.252	0.59152				2
2026.01.23	01:59:05.706	0.59151				2
2026.01.23	01:59:06.026		0.59153			4
2026.01.23	01:59:06.449	0.59153	0.59155			6
2026.01.23	01:59:09.425	0.59154				2
2026.01.23	01:59:13.777	0.59152				2
2026.01.23	01:59:15.181	0.59154				2
2026.01.23	01:59:17.391	0.59152	0.59154			6
2026.01.23	01:59:19.317	0.59153	0.59155			6
2026.01.23	01:59:23.064	0.59154	0.59156			6
2026.01.23	01:59:24.621		0.59155			4
2026.01.23	01:59:27.729	0.59156	0.59158			6
2026.01.23	01:59:28.047	0.59155	0.59157			6
2026.01.23	01:59:32.799	0.59158	0.59159			6
2026.01.23	01:59:33.119		0.59160			4
2026.01.23	01:59:34.276	0.59157				2
2026.01.23	01:59:37.462		0.59159			4
2026.01.23	01:59:37.766	0.59158				2
2026.01.23	01:59:41.036		0.59160			4
2026.01.23	01:59:47.891	0.59159				2
2026.01.23	01:59:48.720	0.59158	0.59159			6
2026.01.23	02:00:00.308	0.59157				2
2026.01.23	02:00:00.955		0.59158			4
2026.01.23	02:00:01.264		0.59159			4
2026.01.23	02:00:01.602	0.59154	0.59156			6
2026.01.23	02:00:01.906	0.59153	0.59155			6
2026.01.23	02:00:02.582		0.59156			4
2026.01.23	02:00:02.949		0.59155			4
2026.01.23	02:00:03.438		0.59156			4
2026.01.23	02:00:03.893		0.59155			4
2026.01.23	02:00:06.314	0.59152				2
2026.01.23	02:00:07.567		0.59156			4
2026.01.23	02:00:08.067	0.59154				2
2026.01.23	02:00:08.379	0.59157	0.59160			6
2026.01.23	02:00:11.093		0.59159			4
2026.01.23	02:00:13.022		0.59160			4
2026.01.23	02:00:13.342		0.59161			4
2026.01.23	02:00:14.236		0.59160			4
2026.01.23	02:00:16.832		0.59161			4
2026.01.23	02:00:17.855	0.59159				2
2026.01.23	02:00:18.160		0.59162			4
2026.01.23	02:00:20.417		0.59161			4
2026.01.23	02:00:20.721		0.59162			4
2026.01.23	02:00:22.073		0.59161			4
2026.01.23	02:00:22.377		0.59162			4
2026.01.23	02:00:23.036		0.59161			4
2026.01.23	02:00:23.869		0.59162			4
2026.01.23	02:00:24.387	0.59160				2
2026.01.23	02:00:26.263	0.59163	0.59165			6
2026.01.23	02:00:26.637		0.59164			4
2026.01.23	02:00:27.047	0.59164	0.59165			6
2026.01.23	02:00:27.361	0.59169	0.59170			6
2026.01.23	02:00:27.696	0.59168	0.59169			6
2026.01.23	02:00:28.067	0.59172	0.59173			6
2026.01.23	02:00:28.517	0.59171	0.59172			6
2026.01.23	02:00:28.818	0.59172	0.59174			6
2026.01.23	02:00:29.152		0.59173			4
2026.01.23	02:00:29.469	0.59173	0.59175			6
2026.01.23	02:00:29.907	0.59172	0.59173			6
2026.01.23	02:00:30.237	0.59173	0.59175			6
2026.01.23	02:00:30.788	0.59172				2
2026.01.23	02:00:32.372	0.59173	0.59176			6
2026.01.23	02:00:33.011		0.59177			4
2026.01.23	02:00:33.318		0.59176			4
2026.01.23	02:00:33.968		0.59177			4
2026.01.23	02:00:34.304	0.59174				2
2026.01.23	02:00:36.135	0.59173	0.59176			6
2026.01.23	02:00:37.956	0.59174	0.59177			6
2026.01.23	02:00:38.437		0.59176			4
2026.01.23	02:00:41.396		0.59177			4
2026.01.23	02:00:41.946		0.59176			4
2026.01.23	02:00:43.205	0.59176	0.59179			6
2026.01.23	02:00:43.506	0.59175	0.59177			6
2026.01.23	02:00:44.508	0.59176	0.59178			6
2026.01.23	02:00:46.052	0.59175	0.59176			6
2026.01.23	02:00:46.363		0.59177			4
2026.01.23	02:00:48.315		0.59178			4
2026.01.23	02:00:49.422		0.59177			4
2026.01.23	02:00:52.250	0.59174	0.59175			6
2026.01.23	02:00:53.204	0.59173				2
2026.01.23	02:00:53.539		0.59176			4
2026.01.23	02:00:54.001		0.59175			4
2026.01.23	02:00:55.131	0.59170	0.59173			6
2026.01.23	02:00:58.355		0.59172			4
2026.01.23	02:00:59.311	0.59167	0.59169			6
2026.01.23	02:01:00.312	0.59167				2
2026.01.23	02:01:01.569	0.59168	0.59170			6
2026.01.23	02:01:02.219	0.59167	0.59169			6
2026.01.23	02:01:04.456	0.59170	0.59171			6
2026.01.23	02:01:04.765	0.59171	0.59173			6
2026.01.23	02:01:05.077		0.59174			4
2026.01.23	02:01:05.382		0.59175			4
2026.01.23	02:01:06.226	0.59172				2
2026.01.23	02:01:06.538		0.59176			4
2026.01.23	02:01:10.398		0.59175			4
2026.01.23	02:01:11.049	0.59174	0.59177			6
2026.01.23	02:01:12.308		0.59178			4
2026.01.23	02:01:13.130		0.59177			4
2026.01.23	02:01:13.793		0.59178			4
2026.01.23	02:01:14.648	0.59176	0.59180			6
2026.01.23	02:01:15.412	0.59177				2
2026.01.23	02:01:16.065		0.59179			4
2026.01.23	02:01:16.377		0.59180			4
2026.01.23	02:01:21.183	0.59178				2
2026.01.23	02:01:30.571	0.59177	0.59179			6
2026.01.23	02:01:32.440	0.59179	0.59181			6
2026.01.23	02:01:34.305		0.59182			4
2026.01.23	02:01:35.343	0.59174	0.59177			6
2026.01.23	02:01:35.645	0.59172	0.59175			6
2026.01.23	02:01:35.992	0.59171	0.59174			6
2026.01.23	02:01:38.797	0.59172	0.59175			6
2026.01.23	02:01:40.706	0.59171	0.59174			6
2026.01.23	02:01:41.018		0.59175			4
2026.01.23	02:01:41.662	0.59172	0.59176			6
2026.01.23	02:01:43.267		0.59175			4
2026.01.23	02:01:47.435		0.59174			4
2026.01.23	02:01:48.064	0.59169	0.59171			6
2026.01.23	02:01:49.338	0.59168				2
2026.01.23	02:01:54.360		0.59170			4
2026.01.23	02:02:00.078	0.59168				2
2026.01.23	02:02:01.656	0.59169	0.59171			6
2026.01.23	02:02:03.212	0.59168	0.59170			6
2026.01.23	02:02:11.941	0.59169				2
2026.01.23	02:02:13.178	0.59163	0.59165			6
2026.01.23	02:02:13.800	0.59161	0.59163			6
2026.01.23	02:02:14.433	0.59162	0.59166			6
2026.01.23	02:02:22.214	0.59163				2
2026.01.23	02:02:22.864	0.59162	0.59165			6
2026.01.23	02:02:24.165	0.59163	0.59166			6
2026.01.23	02:02:25.120	0.59162				2
2026.01.23	02:02:26.123	0.59163				2
2026.01.23	02:02:29.336		0.59165			4
2026.01.23	02:02:57.739	0.59161	0.59163			6
2026.01.23	02:02:58.043	0.59160	0.59162			6
2026.01.23	02:02:59.294	0.59159	0.59163			6
2026.01.23	02:03:00.440	0.59159	0.59160			6
2026.01.23	02:03:00.746	0.59154	0.59158			6
2026.01.23	02:03:01.054	0.59152	0.59156			6
2026.01.23	02:03:05.069	0.59154	0.59158			6
2026.01.23	02:03:07.781	0.59153	0.59157			6
2026.01.23	02:03:10.040	0.59154	0.59158			6
2026.01.23	02:03:10.690	0.59153	0.59156			6
2026.01.23	02:03:11.342	0.59152				2
2026.01.23	02:03:11.650	0.59153				2
2026.01.23	02:03:13.600	0.59152				2
2026.01.23	02:03:14.858	0.59153				2
2026.01.23	02:03:15.208	0.59152	0.59155			6
2026.01.23	02:03:17.163	0.59153				2
2026.01.23	02:03:20.902	0.59152	0.59154			6
2026.01.23	02:03:24.342	0.59153	0.59155			6
2026.01.23	02:03:26.855	0.59152	0.59154			6
2026.01.23	02:03:27.780	0.59153	0.59155			6
2026.01.23	02:03:33.759	0.59159	0.59161			6
2026.01.23	02:03:34.081		0.59160			4
2026.01.23	02:03:34.400	0.59158				2
2026.01.23	02:03:35.335		0.59161			4
2026.01.23	02:03:36.001	0.59157				2
2026.01.23	02:03:36.643	0.59162	0.59166			6
2026.01.23	02:03:39.654	0.59163				2
2026.01.23	02:03:39.958		0.59167			4
2026.01.23	02:03:46.430		0.59166			4
2026.01.23	02:03:49.299	0.59164				2
2026.01.23	02:03:55.930	0.59163	0.59165			6
2026.01.23	02:03:56.552	0.59164	0.59166			6
2026.01.23	02:03:57.834	0.59163	0.59165			6
2026.01.23	02:04:00.048	0.59163	0.59164			6
2026.01.23	02:04:02.859	0.59164	0.59165			6
2026.01.23	02:04:04.437	0.59163	0.59164			6
2026.01.23	02:04:04.740	0.59160	0.59161			6
2026.01.23	02:04:05.045	0.59152	0.59153			6
2026.01.23	02:04:05.373	0.59151				2
2026.01.23	02:04:05.675	0.59152				2
2026.01.23	02:04:05.993	0.59153	0.59154			6
2026.01.23	02:04:06.301	0.59152	0.59156			6
2026.01.23	02:04:07.631	0.59147	0.59151			6
2026.01.23	02:04:17.275		0.59150			4
2026.01.23	02:04:19.581		0.59148			4
2026.01.23	02:04:19.884	0.59143	0.59146			6
2026.01.23	02:04:21.188	0.59144	0.59147			6
2026.01.23	02:04:21.491	0.59145	0.59148			6
2026.01.23	02:04:22.143	0.59144				2
2026.01.23	02:04:23.096	0.59145				2
2026.01.23	02:04:26.962	0.59144	0.59147			6
2026.01.23	02:04:27.264		0.59146			4
2026.01.23	02:04:28.190	0.59143	0.59145			6
2026.01.23	02:04:35.045	0.59144	0.59146			6
2026.01.23	02:04:35.349	0.59143	0.59145			6
2026.01.23	02:04:37.525	0.59144	0.59146			6
2026.01.23	02:04:40.319	0.59143	0.59145			6
2026.01.23	02:04:44.380	0.59144	0.59146			6
2026.01.23	02:04:46.241	0.59143	0.59145			6
2026.01.23	02:04:49.368	0.59144	0.59146			6
2026.01.23	02:04:51.226		0.59145			4
2026.01.23	02:04:53.415		0.59146			4
2026.01.23	02:04:58.736	0.59143	0.59145			6
2026.01.23	02:05:00.290	0.59143				2
2026.01.23	02:05:01.846	0.59144				2
2026.01.23	02:05:04.354	0.59143				2
2026.01.23	02:05:12.180	0.59142	0.59144			6
2026.01.23	02:05:12.498	0.59139	0.59141			6
2026.01.23	02:05:12.800	0.59138	0.59140			6
2026.01.23	02:05:13.433	0.59137	0.59141			6
2026.01.23	02:05:19.309	0.59138				2
2026.01.23	02:05:20.915	0.59133	0.59136			6
2026.01.23	02:05:21.566	0.59132				2
2026.01.23	02:05:22.472	0.59133				2
2026.01.23	02:05:28.346		0.59135			4
2026.01.23	02:05:28.651		0.59136			4
2026.01.23	02:05:31.251	0.59134				2
2026.01.23	02:05:36.222		0.59135			4
2026.01.23	02:05:41.818	0.59138	0.59139			6
2026.01.23	02:05:42.125	0.59140	0.59144			6
2026.01.23	02:05:44.106		0.59143			4
2026.01.23	02:05:44.411		0.59144			4
2026.01.23	02:05:44.749	0.59141				2
2026.01.23	02:05:46.016	0.59140				2
2026.01.23	02:05:47.373		0.59142			4
2026.01.23	02:05:47.676	0.59138	0.59141			6
2026.01.23	02:05:50.512	0.59137				2
2026.01.23	02:05:51.394		0.59140			4
2026.01.23	02:05:54.307	0.59138				2
2026.01.23	02:06:00.210	0.59138				2
2026.01.23	02:06:00.513	0.59135	0.59137			6
2026.01.23	02:06:00.826	0.59133	0.59135			6
2026.01.23	02:06:01.146	0.59132	0.59136			6
2026.01.23	02:06:04.258		0.59135			4
2026.01.23	02:06:04.565	0.59133	0.59136			6
2026.01.23	02:06:07.175		0.59135			4
2026.01.23	02:06:09.341	0.59134	0.59136			6
2026.01.23	02:06:10.944	0.59133	0.59135			6
2026.01.23	02:06:16.571	0.59134	0.59136			6
2026.01.23	02:06:16.880	0.59133	0.59135			6
2026.01.23	02:06:18.130	0.59134				2
2026.01.23	02:06:18.452	0.59133				2
2026.01.23	02:06:22.515	0.59134				2
2026.01.23	02:06:23.451	0.59135	0.59136			6
2026.01.23	02:06:23.757	0.59133	0.59135			6
2026.01.23	02:06:27.539	0.59134				2
2026.01.23	02:06:29.429	0.59133				2
2026.01.23	02:06:31.334	0.59134				2
2026.01.23	02:06:39.093	0.59133				2
2026.01.23	02:06:45.600	0.59132	0.59134			6
2026.01.23	02:06:45.904	0.59133	0.59135			6
2026.01.23	02:06:48.212	0.59132				2
2026.01.23	02:06:48.866	0.59133	0.59136			6
2026.01.23	02:06:49.821	0.59132	0.59135			6
2026.01.23	02:06:51.429	0.59133				2
2026.01.23	02:06:59.871	0.59130	0.59132			6
2026.01.23	02:07:00.223	0.59132	0.59136			6
2026.01.23	02:07:02.233	0.59133				2
2026.01.23	02:07:03.036	0.59132				2
2026.01.23	02:07:07.096	0.59131	0.59135			6
2026.01.23	02:07:09.416		0.59134			4
2026.01.23	02:07:14.393	0.59132				2
2026.01.23	02:07:21.301	0.59131				2
2026.01.23	02:07:21.983	0.59130	0.59133			6
2026.01.23	02:07:22.635	0.59131	0.59134			6
2026.01.23	02:07:26.863		0.59133			4
2026.01.23	02:07:27.213	0.59130				2
2026.01.23	02:07:27.866	0.59131	0.59134			6
2026.01.23	02:07:35.355	0.59132				2
2026.01.23	02:07:35.672	0.59131	0.59132			6
2026.01.23	02:07:35.976	0.59129	0.59131			6
2026.01.23	02:07:36.308		0.59132			4
2026.01.23	02:07:40.423		0.59131			4
2026.01.23	02:07:40.726	0.59123	0.59125			6
2026.01.23	02:07:41.349	0.59122	0.59126			6
2026.01.23	02:07:43.642	0.59121	0.59124			6
2026.01.23	02:07:45.662	0.59122	0.59125			6
2026.01.23	02:07:47.879	0.59121				2
2026.01.23	02:07:48.896		0.59124			4
2026.01.23	02:07:53.438	0.59122				2
2026.01.23	02:07:54.698		0.59125			4
2026.01.23	02:07:56.400		0.59124			4
2026.01.23	02:07:59.840	0.59123	0.59125			6
2026.01.23	02:08:00.144	0.59123				2
2026.01.23	02:08:01.078	0.59122	0.59124			6
2026.01.23	02:08:02.333	0.59123	0.59125			6
2026.01.23	02:08:03.564	0.59122	0.59124			6
2026.01.23	02:08:05.120	0.59119	0.59122			6
2026.01.23	02:08:05.441	0.59120				2
2026.01.23	02:08:05.751		0.59123			4
2026.01.23	02:08:06.708		0.59122			4
2026.01.23	02:08:07.026	0.59123	0.59126			6
2026.01.23	02:08:08.966		0.59127			4
2026.01.23	02:08:09.316		0.59126			4
2026.01.23	02:08:13.137	0.59124				2
2026.01.23	02:08:35.981	0.59129	0.59130			6
2026.01.23	02:08:36.289	0.59128				2
2026.01.23	02:08:37.212	0.59127				2
2026.01.23	02:08:40.107		0.59129			4
2026.01.23	02:08:40.410		0.59131			4
2026.01.23	02:08:43.323		0.59130			4
2026.01.23	02:08:43.627	0.59128	0.59131			6
2026.01.23	02:08:43.975	0.59127	0.59130			6
2026.01.23	02:08:46.237	0.59128				2
2026.01.23	02:08:49.324	0.59127	0.59128			6
2026.01.23	02:08:49.626	0.59124	0.59126			6
2026.01.23	02:08:50.879	0.59125	0.59127			6
2026.01.23	02:08:51.209		0.59129			4
2026.01.23	02:08:56.440	0.59126				2
2026.01.23	02:09:00.054	0.59126				2
2026.01.23	02:09:00.706	0.59128	0.59131			6
2026.01.23	02:09:01.313	0.59129				2
2026.01.23	02:09:26.337	0.59132	0.59134			6
2026.01.23	02:09:26.640	0.59134	0.59136			6
2026.01.23	02:09:27.287	0.59132	0.59134			6
2026.01.23	02:09:27.592	0.59133	0.59135			6
2026.01.23	02:09:28.213	0.59132				2
2026.01.23	02:09:33.714	0.59131				2
2026.01.23	02:09:34.422	0.59132				2
2026.01.23	02:09:37.433	0.59133				2
2026.01.23	02:09:42.750	0.59132	0.59133			6
2026.01.23	02:09:43.054	0.59130	0.59132			6
2026.01.23	02:09:43.370	0.59129	0.59131			6
2026.01.23	02:09:44.306	0.59128	0.59132			6
2026.01.23	02:09:45.274		0.59131			4
2026.01.23	02:09:53.391	0.59129				2
2026.01.23	02:10:00.234	0.59129				2
2026.01.23	02:10:00.537	0.59128	0.59130			6
2026.01.23	02:10:00.839	0.59129	0.59131			6
2026.01.23	02:10:04.885	0.59128	0.59130			6
2026.01.23	02:10:06.139	0.59129	0.59131			6
2026.01.23	02:10:07.693	0.59130	0.59132			6
2026.01.23	02:10:07.996	0.59133	0.59135			6
2026.01.23	02:10:09.241	0.59132				2
2026.01.23	02:10:13.423	0.59133	0.59136			6
2026.01.23	02:10:20.195	0.59134				2
2026.01.23	02:10:23.310	0.59135				2
2026.01.23	02:10:25.485	0.59134				2
2026.01.23	02:10:26.735	0.59135				2
2026.01.23	02:10:30.803	0.59134				2
2026.01.23	02:10:32.361	0.59133	0.59134			6
2026.01.23	02:10:32.663		0.59135			4
2026.01.23	02:10:34.551		0.59136			4
2026.01.23	02:10:36.157	0.59134				2
2026.01.23	02:10:42.682	0.59135				2
2026.01.23	02:10:47.349	0.59134				2
2026.01.23	02:10:53.283	0.59135				2
2026.01.23	02:10:54.520	0.59134				2
2026.01.23	02:11:00.106	0.59134				2
2026.01.23	02:11:02.914	0.59129	0.59130			6
2026.01.23	02:11:03.217	0.59128				2
2026.01.23	02:11:04.149	0.59127	0.59131			6
2026.01.23	02:11:04.457		0.59130			4
2026.01.23	02:11:05.024	0.59128	0.59131			6
2026.01.23	02:11:10.548	0.59127	0.59130			6
2026.01.23	02:11:14.431	0.59128				2
2026.01.23	02:11:15.082		0.59131			4
2026.01.23	02:11:16.339		0.59130			4
2026.01.23	02:11:18.240		0.59129			4
2026.01.23	02:11:18.543	0.59127				2
2026.01.23	02:11:20.095	0.59129	0.59131			6
2026.01.23	02:11:21.321	0.59128				2
2026.01.23	02:11:22.401	0.59129				2
2026.01.23	02:11:35.759		0.59130			4
2026.01.23	02:11:36.390		0.59131			4
2026.01.23	02:11:44.459	0.59134	0.59136			6
2026.01.23	02:11:44.778	0.59133	0.59135			6
2026.01.23	02:11:45.110	0.59132	0.59136			6
2026.01.23	02:11:47.066		0.59135			4
2026.01.23	02:11:52.430	0.59133				2
2026.01.23	02:12:00.299	0.59133				2
2026.01.23	02:12:00.920	0.59131	0.59132			6
2026.01.23	02:12:01.222	0.59129	0.59131			6
2026.01.23	02:12:02.155	0.59132	0.59134			6
2026.01.23	02:12:02.458		0.59135			4
2026.01.23	02:12:06.295		0.59134			4
2026.01.23	02:12:07.781	0.59130	0.59132			6
2026.01.23	02:12:10.377	0.59129				2
2026.01.23	02:12:14.391	0.59130				2
2026.01.23	02:12:17.920	0.59131				2
2026.01.23	02:12:18.540	0.59130				2
2026.01.23	02:12:19.475	0.59131				2
2026.01.23	02:12:19.780	0.59130				2
2026.01.23	02:12:20.106	0.59131				2
2026.01.23	02:12:20.407	0.59130				2
2026.01.23	02:12:21.363		0.59131			4
2026.01.23	02:12:21.678	0.59129	0.59130			6
2026.01.23	02:12:28.201		0.59131			4
2026.01.23	02:12:30.056	0.59131	0.59132			6
2026.01.23	02:12:30.363	0.59132	0.59134			6
2026.01.23	02:12:30.665	0.59133				2
2026.01.23	02:12:31.309	0.59132	0.59135			6
2026.01.23	02:12:33.395	0.59133				2
2026.01.23	02:12:36.175		0.59134			4
2026.01.23	02:12:38.982	0.59131	0.59132			6
2026.01.23	02:12:39.299	0.59130	0.59131			6
2026.01.23	02:12:40.230	0.59132	0.59134			6
2026.01.23	02:12:40.540		0.59135			4
2026.01.23	02:12:47.419	0.59133				2
2026.01.23	02:12:50.636	0.59138	0.59140			6
2026.01.23	02:12:55.881		0.59141			4
2026.01.23	02:13:00.400	0.59139				2
2026.01.23	02:13:03.207		0.59140			4
2026.01.23	02:13:05.381		0.59141			4
2026.01.23	02:13:05.708		0.59140			4
2026.01.23	02:13:56.213		0.59141			4
2026.01.23	02:14:00.024	0.59139				2
2026.01.23	02:14:01.023	0.59138	0.59139			6
2026.01.23	02:14:01.329	0.59136	0.59138			6
2026.01.23	02:14:01.680	0.59137	0.59140			6
2026.01.23	02:14:03.667		0.59139			4
2026.01.23	02:14:10.489	0.59135	0.59136			6
2026.01.23	02:14:10.797	0.59134	0.59135			6
2026.01.23	02:14:11.099	0.59133				2
2026.01.23	02:14:14.319		0.59136			4
2026.01.23	02:14:24.426	0.59134				2
2026.01.23	02:14:27.853		0.59135			4
2026.01.23	02:14:28.154	0.59133				2
2026.01.23	02:14:28.917	0.59134				2
2026.01.23	02:14:30.160	0.59133				2
2026.01.23	02:14:30.730	0.59134				2
2026.01.23	02:14:33.218	0.59133				2
2026.01.23	02:14:38.662		0.59134			4
2026.01.23	02:14:41.142		0.59135			4
2026.01.23	02:14:44.325	0.59134				2
2026.01.23	02:14:44.930	0.59133				2
2026.01.23	02:14:46.809	0.59135	0.59137			6
2026.01.23	02:14:47.135		0.59136			4
2026.01.23	02:14:47.460	0.59134				2
2026.01.23	02:14:48.406	0.59133				2
2026.01.23	02:14:56.041	0.59134	0.59137			6
2026.01.23	02:14:56.366		0.59136			4
2026.01.23	02:15:00.134	0.59134				2
2026.01.23	02:15:07.624	0.59133	0.59135			6
2026.01.23	02:15:07.929	0.59134	0.59136			6
2026.01.23	02:15:09.510	0.59133	0.59135			6
2026.01.23	02:15:10.132	0.59134	0.59136			6
2026.01.23	02:15:13.846	0.59137	0.59138			6
2026.01.23	02:15:14.157	0.59138	0.59140			6
2026.01.23	02:15:15.400	0.59137				2
2026.01.23	02:15:20.742	0.59134	0.59136			6
2026.01.23	02:15:22.042	0.59133				2
2026.01.23	02:15:22.900		0.59137			4
2026.01.23	02:15:27.560	0.59134				2
2026.01.23	02:15:27.862	0.59136	0.59139			6
2026.01.23	02:15:28.166	0.59138	0.59141			6
2026.01.23	02:15:41.409	0.59139				2
2026.01.23	02:15:47.350	0.59140				2
2026.01.23	02:15:48.285	0.59141	0.59143			6
2026.01.23	02:15:48.599	0.59144	0.59146			6
2026.01.23	02:15:50.188	0.59143	0.59147			6
2026.01.23	02:15:54.477	0.59144				2
2026.01.23	02:15:57.668	0.59147	0.59150			6
2026.01.23	02:15:58.279	0.59148	0.59151			6
2026.01.23	02:15:59.274	0.59147				2
2026.01.23	02:16:00.233	0.59147				2
2026.01.23	02:16:03.657	0.59148	0.59152			6
2026.01.23	02:16:05.401		0.59151			4
2026.01.23	02:16:09.270		0.59150			4
2026.01.23	02:16:10.521	0.59149	0.59151			6
2026.01.23	02:16:14.886	0.59148	0.59150			6
2026.01.23	02:16:15.493	0.59149	0.59151			6
2026.01.23	02:16:16.443	0.59148	0.59150			6
2026.01.23	02:16:24.312	0.59145	0.59146			6
2026.01.23	02:16:25.234	0.59143				2
2026.01.23	02:16:34.216	0.59144				2
2026.01.23	02:16:43.250	0.59147	0.59148			6
2026.01.23	02:16:43.552	0.59148	0.59150			6
2026.01.23	02:16:44.173	0.59147	0.59151			6
2026.01.23	02:16:51.433	0.59148				2
2026.01.23	02:16:53.436	0.59149				2
2026.01.23	02:16:56.224		0.59150			4
2026.01.23	02:16:57.805	0.59148	0.59149			6
2026.01.23	02:16:58.110	0.59149	0.59150			6
2026.01.23	02:17:00.287	0.59146	0.59148			6
2026.01.23	02:17:00.617		0.59147			4
2026.01.23	02:17:01.222	0.59144	0.59146			6
2026.01.23	02:17:01.529	0.59143				2
2026.01.23	02:17:05.925	0.59144				2
2026.01.23	02:17:08.087	0.59143				2
2026.01.23	02:17:12.415	0.59144				2
2026.01.23	02:17:16.845		0.59145			4
2026.01.23	02:17:20.259	0.59143				2
2026.01.23	02:17:28.085	0.59139	0.59140			6
2026.01.23	02:17:29.324		0.59141			4
2026.01.23	02:17:30.059	0.59138				2
2026.01.23	02:17:37.718	0.59145	0.59149			6
2026.01.23	02:17:38.022	0.59146	0.59150			6
2026.01.23	02:17:38.326	0.59147				2
2026.01.23	02:17:38.666	0.59146	0.59149			6
2026.01.23	02:17:39.433	0.59147	0.59150			6
2026.01.23	02:17:39.775		0.59151			4
2026.01.23	02:17:40.122		0.59150			4
2026.01.23	02:17:40.442		0.59151			4
2026.01.23	02:17:41.031		0.59150			4
2026.01.23	02:17:41.572		0.59151			4
2026.01.23	02:17:42.327		0.59150			4
2026.01.23	02:17:43.262	0.59148				2
2026.01.23	02:17:43.856		0.59151			4
2026.01.23	02:17:49.423	0.59149				2
2026.01.23	02:17:51.934	0.59151	0.59152			6
2026.01.23	02:17:52.238	0.59152	0.59154			6
2026.01.23	02:17:53.188	0.59151				2
2026.01.23	02:17:55.384		0.59152			4
2026.01.23	02:17:55.712	0.59152	0.59154			6
2026.01.23	02:17:56.083	0.59154	0.59156			6
2026.01.23	02:17:57.210	0.59153	0.59154			6
2026.01.23	02:17:57.627	0.59154	0.59156			6
2026.01.23	02:17:58.541	0.59153	0.59154			6
2026.01.23	02:17:58.985		0.59156			4
2026.01.23	02:17:59.420	0.59154				2
2026.01.23	02:18:00.041	0.59154				2
2026.01.23	02:18:03.044	0.59158	0.59159			6
2026.01.23	02:18:03.354	0.59159	0.59161			6
2026.01.23	02:18:04.285		0.59162			4
2026.01.23	02:18:06.040	0.59158	0.59160			6
2026.01.23	02:18:12.886		0.59161			4
2026.01.23	02:18:15.429	0.59159				2
2026.01.23	02:18:16.658	0.59158	0.59160			6
2026.01.23	02:18:23.414	0.59156	0.59158			6
2026.01.23	02:18:27.213	0.59154	0.59156			6
2026.01.23	02:18:35.985		0.59155			4
2026.01.23	02:18:36.287	0.59153				2
2026.01.23	02:18:36.890	0.59154	0.59156			6
2026.01.23	02:18:37.203	0.59155				2
2026.01.23	02:18:38.145	0.59154				2
2026.01.23	02:18:40.315	0.59157	0.59160			6
2026.01.23	02:18:41.288		0.59161			4
2026.01.23	02:18:44.504	0.59158				2
2026.01.23	02:18:45.765	0.59157				2
2026.01.23	02:18:46.317		0.59160			4
2026.01.23	02:18:47.268	0.59158	0.59161			6
2026.01.23	02:18:49.227		0.59160			4
2026.01.23	02:18:53.266	0.59159				2
2026.01.23	02:19:00.176	0.59159				2
2026.01.23	02:19:18.320	0.59158				2
2026.01.23	02:19:23.165	0.59155	0.59156			6
2026.01.23	02:19:23.467	0.59154	0.59155			6
2026.01.23	02:19:24.389	0.59153	0.59156			6
2026.01.23	02:19:34.404	0.59154				2
2026.01.23	02:19:35.961	0.59151	0.59152			6
2026.01.23	02:19:36.265	0.59149	0.59151			6
2026.01.23	02:19:36.885	0.59148	0.59150			6
2026.01.23	02:19:37.189	0.59147	0.59151			6
2026.01.23	02:19:37.516		0.59148			4
2026.01.23	02:19:37.819	0.59143	0.59146			6
2026.01.23	02:19:50.414	0.59144				2
2026.01.23	02:19:54.177	0.59145				2
2026.01.23	02:19:54.785	0.59144	0.59145			6
2026.01.23	02:20:00.101	0.59144	0.59146			6
2026.01.23	02:20:02.277		0.59145			4
2026.01.23	02:20:04.783		0.59146			4
2026.01.23	02:20:12.442	0.59145				2
2026.01.23	02:20:20.213	0.59144				2
2026.01.23	02:20:22.778	0.59143	0.59145			6
2026.01.23	02:20:53.140		0.59144			4
2026.01.23	02:20:53.444	0.59140	0.59141			6
2026.01.23	02:20:53.760	0.59139				2
2026.01.23	02:20:54.396	0.59138				2
2026.01.23	02:20:55.333	0.59137	0.59140			6
2026.01.23	02:20:55.872	0.59138	0.59141			6
2026.01.23	02:21:02.309	0.59138				2
2026.01.23	02:21:03.548	0.59139				2
2026.01.23	02:21:09.301	0.59138				2
2026.01.23	02:21:15.419	0.59139				2
2026.01.23	02:21:17.908	0.59138	0.59140			6
2026.01.23	02:21:18.233	0.59139	0.59141			6
2026.01.23	02:21:20.434	0.59138	0.59140			6
2026.01.23	02:21:30.125	0.59139	0.59141			6
2026.01.23	02:21:30.444		0.59140			4
2026.01.23	02:21:31.377	0.59138				2
2026.01.23	02:21:32.300	0.59137				2
2026.01.23	02:21:32.634	0.59138	0.59141			6
2026.01.23	02:21:34.291	0.59133	0.59135			6
2026.01.23	02:21:36.247	0.59132				2
2026.01.23	02:21:40.717	0.59133	0.59136			6
2026.01.23	02:21:49.398	0.59134				2
2026.01.23	02:21:50.649	0.59135				2
2026.01.23	02:21:58.557	0.59134	0.59135			6
2026.01.23	02:22:00.159	0.59134	0.59136			6
2026.01.23	02:22:01.393		0.59135			4
2026.01.23	02:22:03.269		0.59136			4
2026.01.23	02:22:08.732	0.59135				2
2026.01.23	02:22:15.212	0.59134				2
2026.01.23	02:22:21.245	0.59135				2
2026.01.23	02:22:22.828	0.59145	0.59147			6
2026.01.23	02:22:23.139	0.59149	0.59150			6
2026.01.23	02:22:38.541		0.59151			4
2026.01.23	02:22:41.351	0.59147	0.59148			6
2026.01.23	02:22:41.658	0.59148	0.59149			6
2026.01.23	02:22:41.985	0.59149	0.59150			6
2026.01.23	02:22:51.650	0.59150	0.59151			6
2026.01.23	02:22:54.441	0.59151	0.59152			6
2026.01.23	02:23:00.796	0.59150	0.59151			6
2026.01.23	02:23:15.242	0.59149				2
2026.01.23	02:23:15.872	0.59150				2
2026.01.23	02:23:21.733	0.59149	0.59150			6
2026.01.23	02:23:23.741		0.59151			4
2026.01.23	02:23:24.352	0.59150				2
2026.01.23	02:23:25.466	0.59139	0.59141			6
2026.01.23	02:23:25.786		0.59140			4
2026.01.23	02:23:26.410		0.59141			4
2026.01.23	02:23:31.775	0.59140				2
2026.01.23	02:23:32.486	0.59144	0.59145			6
2026.01.23	02:23:34.360	0.59142	0.59144			6
2026.01.23	02:23:38.400	0.59143				2
2026.01.23	02:23:44.472		0.59145			4
2026.01.23	02:23:44.797	0.59144				2
2026.01.23	02:23:59.451	0.59143	0.59144			6
2026.01.23	02:23:59.756	0.59140	0.59141			6
2026.01.23	02:24:00.071	0.59140				2
2026.01.23	02:24:00.376	0.59141	0.59143			6
2026.01.23	02:24:00.754	0.59142				2
2026.01.23	02:24:01.526	0.59141	0.59144			6
2026.01.23	02:24:02.495	0.59140	0.59143			6
2026.01.23	02:24:04.419	0.59141				2
2026.01.23	02:24:05.345	0.59140				2
2026.01.23	02:24:06.322	0.59141				2
2026.01.23	02:24:21.278	0.59140	0.59142			6
2026.01.23	02:24:21.596	0.59142	0.59143			6
2026.01.23	02:24:22.203	0.59141				2
2026.01.23	02:24:31.609	0.59142				2
2026.01.23	02:24:31.911	0.59141				2
2026.01.23	02:24:34.437	0.59142				2
2026.01.23	02:24:38.499	0.59141	0.59142			6
2026.01.23	02:24:39.433		0.59143			4
2026.01.23	02:24:40.387	0.59140				2
2026.01.23	02:24:44.250	0.59141				2
2026.01.23	02:24:59.654		0.59142			4
2026.01.23	02:24:59.956	0.59139	0.59140			6
2026.01.23	02:25:00.304	0.59139	0.59141			6
2026.01.23	02:25:01.126	0.59140				2
2026.01.23	02:25:01.450		0.59142			4
2026.01.23	02:25:05.425		0.59141			4
2026.01.23	02:25:16.508	0.59139	0.59140			6
2026.01.23	02:25:25.501	0.59138				2
2026.01.23	02:25:26.155	0.59139				2
2026.01.23	02:25:27.079	0.59138				2
2026.01.23	02:25:27.407		0.59139			4
2026.01.23	02:25:28.466	0.59139	0.59140			6
2026.01.23	02:25:29.432	0.59138	0.59139			6
2026.01.23	02:25:33.390	0.59139	0.59140			6
2026.01.23	02:25:33.753	0.59140	0.59141			6
2026.01.23	02:25:34.494	0.59138				2
2026.01.23	02:25:35.191	0.59139				2
2026.01.23	02:25:43.593	0.59138	0.59140			6
2026.01.23	02:25:44.228		0.59141			4
2026.01.23	02:25:50.431	0.59139				2
2026.01.23	02:25:50.741	0.59138				2
2026.01.23	02:25:54.418	0.59139				2
2026.01.23	02:25:54.736	0.59141	0.59143			6
2026.01.23	02:25:55.343	0.59140				2
2026.01.23	02:25:59.134	0.59141				2
2026.01.23	02:26:00.087	0.59140				2
2026.01.23	02:26:02.005	0.59139	0.59141			6
2026.01.23	02:26:08.620		0.59140			4
2026.01.23	02:26:09.923		0.59141			4
