<DATE>	<TIME>	<BID>	<ASK>	<LAST>	<VOLUME>	<FLAGS>
2026.06.02	00:03:30.876	0.59288	0.59311			6
2026.06.02	00:04:00.069	0.59288				2
2026.06.02	00:04:31.085		0.59311			4
2026.06.02	00:04:43.446		0.59319			4
2026.06.02	00:04:44.649		0.59311			4
2026.06.02	00:05:00.284	0.59288				2
2026.06.02	00:05:37.285		0.59333			4
2026.06.02	00:05:38.484		0.59311			4
2026.06.02	00:05:45.987		0.59333			4
2026.06.02	00:05:46.595		0.59341			4
2026.06.02	00:05:53.203		0.59316			4
2026.06.02	00:05:55.905		0.59341			4
2026.06.02	00:05:58.313		0.59322			4
2026.06.02	00:06:00.119	0.59288				2
2026.06.02	00:06:03.421		0.59311			4
2026.06.02	00:06:05.222		0.59322			4
2026.06.02	00:06:08.223		0.59311			4
2026.06.02	00:06:09.426		0.59320			4
2026.06.02	00:06:13.332		0.59311			4
2026.06.02	00:06:14.230		0.59320			4
2026.06.02	00:06:15.130		0.59341			4
2026.06.02	00:06:18.433		0.59332			4
2026.06.02	00:06:23.243		0.59311			4
2026.06.02	00:06:24.444		0.59341			4
2026.06.02	00:06:33.456		0.59336			4
2026.06.02	00:06:38.261		0.59311			4
2026.06.02	00:06:42.763		0.59336			4
2026.06.02	00:06:43.365		0.59313			4
2026.06.02	00:06:44.566		0.59341			4
2026.06.02	00:06:48.466		0.59319			4
2026.06.02	00:06:49.668		0.59341			4
2026.06.02	00:06:53.272		0.59325			4
2026.06.02	00:06:58.373		0.59311			4
2026.06.02	00:06:58.980		0.59317			4
2026.06.02	00:07:00.182	0.59288				2
2026.06.02	00:07:02.882		0.59341			4
2026.06.02	00:07:03.184		0.59323			4
2026.06.02	00:07:08.285		0.59311			4
2026.06.02	00:07:21.823	0.59294	0.59347			6
2026.06.02	00:07:22.126	0.59291	0.59344			6
2026.06.02	00:07:26.041		0.59327			4
2026.06.02	00:07:30.865		0.59314			4
2026.06.02	00:08:00.043	0.59291				2
2026.06.02	00:08:02.451		0.59315			4
2026.06.02	00:08:02.750		0.59314			4
2026.06.02	00:09:00.243	0.59291				2
2026.06.02	00:09:02.954		0.59314			4
2026.06.02	00:09:45.983		0.59341			4
2026.06.02	00:09:47.789		0.59318			4
2026.06.02	00:09:52.011		0.59320			4
2026.06.02	00:09:52.912		0.59314			4
2026.06.02	00:10:00.136	0.59291				2
2026.06.02	00:10:01.034		0.59318			4
2026.06.02	00:10:01.641	0.59292	0.59319			6
2026.06.02	00:10:01.943	0.59291	0.59318			6
2026.06.02	00:10:02.848		0.59314			4
2026.06.02	00:10:04.045		0.59324			4
2026.06.02	00:10:07.957		0.59314			4
2026.06.02	00:10:09.462		0.59330			4
2026.06.02	00:10:12.756		0.59314			4
2026.06.02	00:10:28.380	0.59295	0.59395			6
2026.06.02	00:10:38.608	0.59294	0.59317			6
2026.06.02	00:10:38.908	0.59292	0.59315			6
2026.06.02	00:10:39.508	0.59291	0.59314			6
2026.06.02	00:10:53.647		0.59368			4
2026.06.02	00:10:58.752		0.59344			4
2026.06.02	00:11:00.250	0.59291				2
2026.06.02	00:11:13.766		0.59334			4
2026.06.02	00:11:18.565		0.59314			4
2026.06.02	00:11:19.768		0.59323			4
2026.06.02	00:11:28.778		0.59329			4
2026.06.02	00:11:33.583		0.59314			4
2026.06.02	00:11:33.884		0.59335			4
2026.06.02	00:11:38.687		0.59380			4
2026.06.02	00:11:43.803		0.59377			4
2026.06.02	00:11:48.616		0.59344			4
2026.06.02	00:11:53.737	0.59295	0.59350			6
2026.06.02	00:11:54.033	0.59292	0.59345			6
2026.06.02	00:12:00.044	0.59292				2
2026.06.02	00:12:03.657		0.59343			4
2026.06.02	00:12:08.768		0.59345			4
2026.06.02	00:12:18.691		0.59326			4
2026.06.02	00:12:23.795		0.59315			4
2026.06.02	00:12:27.102		0.59332			4
2026.06.02	00:12:28.604		0.59315			4
2026.06.02	00:12:29.505		0.59323			4
2026.06.02	00:12:29.804		0.59345			4
2026.06.02	00:12:33.707		0.59329			4
2026.06.02	00:12:43.622		0.59315			4
2026.06.02	00:12:43.923		0.59339			4
2026.06.02	00:12:46.325	0.59291	0.59338			6
2026.06.02	00:12:48.735		0.59344			4
2026.06.02	00:12:53.538		0.59324			4
2026.06.02	00:12:53.838		0.59344			4
2026.06.02	00:12:58.644		0.59330			4
2026.06.02	00:13:00.145	0.59291				2
2026.06.02	00:13:03.750		0.59314			4
2026.06.02	00:13:05.851		0.59344			4
2026.06.02	00:13:06.455		0.59364			4
2026.06.02	00:13:08.556		0.59344			4
2026.06.02	00:13:23.579		0.59331			4
2026.06.02	00:13:28.696		0.59314			4
2026.06.02	00:14:00.287	0.59291				2
2026.06.02	00:14:28.876		0.59314			4
2026.06.02	00:15:00.165	0.59291				2
2026.06.02	00:15:29.050		0.59314			4
2026.06.02	00:16:00.042	0.59291				2
2026.06.02	00:16:28.310	0.59295	0.59400			6
2026.06.02	00:17:00.181	0.59295				2
2026.06.02	00:17:28.476		0.59400			4
2026.06.02	00:17:45.613	0.59296				2
2026.06.02	00:17:48.319	0.59297				2
2026.06.02	00:17:51.335	0.59298				2
2026.06.02	00:17:57.054	0.59299				2
2026.06.02	00:17:58.248	0.59295				2
2026.06.02	00:18:00.057	0.59295				2
2026.06.02	00:18:27.430	0.59296				2
2026.06.02	00:18:28.034	0.59297				2
2026.06.02	00:18:28.635		0.59400			4
2026.06.02	00:18:33.150	0.59298				2
2026.06.02	00:18:33.450	0.59297				2
2026.06.02	00:18:37.960	0.59296				2
2026.06.02	00:18:44.276	0.59295				2
2026.06.02	00:19:00.232	0.59295				2
2026.06.02	00:19:28.797		0.59400			4
2026.06.02	00:20:00.065	0.59295				2
2026.06.02	00:20:00.366	0.59293	0.59418			6
2026.06.02	00:20:15.694	0.59294				2
2026.06.02	00:20:28.647	0.59298	0.59409			6
2026.06.02	00:20:39.269	0.59299				2
2026.06.02	00:20:42.581	0.59298				2
2026.06.02	00:20:42.883	0.59297				2
2026.06.02	00:20:43.614	0.59298				2
2026.06.02	00:20:43.914	0.59297				2
2026.06.02	00:20:44.739	0.59298				2
2026.06.02	00:20:45.742	0.59297				2
2026.06.02	00:20:46.043	0.59299	0.59415			6
2026.06.02	00:20:46.947	0.59298	0.59400			6
2026.06.02	00:20:48.149	0.59301	0.59415			6
2026.06.02	00:20:50.552	0.59302				2
2026.06.02	00:20:55.057	0.59303				2
2026.06.02	00:21:00.176	0.59303				2
2026.06.02	00:21:03.491	0.59302				2
2026.06.02	00:21:03.793	0.59303				2
2026.06.02	00:21:10.724	0.59304				2
2026.06.02	00:21:12.232	0.59306	0.59414			6
2026.06.02	00:21:12.531	0.59304				2
2026.06.02	00:21:12.831	0.59310				2
2026.06.02	00:21:13.132	0.59304				2
2026.06.02	00:21:17.602	0.59307				2
2026.06.02	00:21:27.776	0.59308				2
2026.06.02	00:21:30.611	0.59309				2
2026.06.02	00:21:40.068	0.59310				2
2026.06.02	00:21:45.611		0.59363			4
2026.06.02	00:21:45.911		0.59414			4
2026.06.02	00:21:46.211		0.59363			4
2026.06.02	00:21:46.511		0.59414			4
2026.06.02	00:21:46.812		0.59363			4
2026.06.02	00:21:47.113		0.59414			4
2026.06.02	00:21:47.415		0.59363			4
2026.06.02	00:21:47.719		0.59414			4
2026.06.02	00:21:48.020		0.59363			4
2026.06.02	00:21:48.396		0.59414			4
2026.06.02	00:21:48.689		0.59363			4
2026.06.02	00:21:49.053		0.59414			4
2026.06.02	00:21:51.677	0.59311				2
2026.06.02	00:22:00.463	0.59311				2
2026.06.02	00:22:06.235	0.59314				2
2026.06.02	00:22:12.055		0.59415			4
2026.06.02	00:22:12.357	0.59310				2
2026.06.02	00:22:12.657	0.59315	0.59424			6
2026.06.02	00:22:12.957	0.59325				2
2026.06.02	00:22:13.258	0.59326				2
2026.06.02	00:22:13.912	0.59328				2
2026.06.02	00:22:18.537	0.59326				2
2026.06.02	00:22:22.810	0.59322				2
2026.06.02	00:22:29.634	0.59317				2
2026.06.02	00:22:29.936	0.59319	0.59410			6
2026.06.02	00:22:30.237	0.59322	0.59424			6
2026.06.02	00:22:33.841		0.59429			4
2026.06.02	00:22:35.045	0.59328	0.59433			6
2026.06.02	00:22:35.648	0.59329				2
2026.06.02	00:22:35.948		0.59436			4
2026.06.02	00:22:39.860	0.59321	0.59415			6
2026.06.02	00:22:40.464	0.59320				2
2026.06.02	00:22:40.764	0.59319	0.59425			6
2026.06.02	00:22:41.065	0.59320	0.59412			6
2026.06.02	00:22:41.365	0.59322	0.59480			6
2026.06.02	00:22:41.666	0.59321				2
2026.06.02	00:22:42.265	0.59326	0.59435			6
2026.06.02	00:22:42.868		0.59458			4
2026.06.02	00:22:51.876	0.59340				2
2026.06.02	00:22:52.177		0.59470			4
2026.06.02	00:22:52.778		0.59446			4
2026.06.02	00:22:58.196		0.59470			4
2026.06.02	00:22:59.703		0.59444			4
2026.06.02	00:23:00.004	0.59340				2
2026.06.02	00:23:06.916		0.59451			4
2026.06.02	00:23:07.215		0.59470			4
2026.06.02	00:23:11.730		0.59435			4
2026.06.02	00:23:12.932		0.59464			4
2026.06.02	00:23:18.647		0.59470			4
2026.06.02	00:23:18.947	0.59331				2
2026.06.02	00:23:19.249	0.59344	0.59480			6
2026.06.02	00:23:19.547		0.59471			4
2026.06.02	00:23:20.449		0.59465			4
2026.06.02	00:23:23.763		0.59434			4
2026.06.02	00:23:29.475	0.59333	0.59436			6
2026.06.02	00:23:29.776	0.59334	0.59443			6
2026.06.02	00:23:30.076	0.59333	0.59446			6
2026.06.02	00:23:30.828		0.59456			4
2026.06.02	00:23:31.131	0.59334	0.59429			6
2026.06.02	00:23:32.936	0.59337	0.59467			6
2026.06.02	00:23:33.236	0.59338	0.59441			6
2026.06.02	00:23:33.537	0.59334	0.59429			6
2026.06.02	00:23:37.751	0.59329				2
2026.06.02	00:23:38.052	0.59332				2
2026.06.02	00:23:38.652	0.59328				2
2026.06.02	00:23:39.554		0.59427			4
2026.06.02	00:23:42.859		0.59435			4
2026.06.02	00:23:43.159		0.59425			4
2026.06.02	00:23:43.459		0.59427			4
2026.06.02	00:23:48.875	0.59317	0.59387			6
2026.06.02	00:23:49.476	0.59314	0.59378			6
2026.06.02	00:23:49.776	0.59279				2
2026.06.02	00:23:54.592	0.59318				2
2026.06.02	00:23:56.999	0.59281	0.59398			6
2026.06.02	00:24:00.004	0.59281				2
2026.06.02	00:24:01.811	0.59316				2
2026.06.02	00:24:02.110	0.59279				2
2026.06.02	00:24:12.046	0.59320	0.59395			6
2026.06.02	00:24:22.561	0.59321				2
2026.06.02	00:24:32.778	0.59322				2
2026.06.02	00:24:36.690	0.59323				2
2026.06.02	00:24:40.004	0.59331	0.59426			6
2026.06.02	00:24:40.304	0.59329	0.59410			6
2026.06.02	00:24:40.605		0.59409			4
2026.06.02	00:24:43.009		0.59405			4
2026.06.02	00:24:44.510		0.59400			4
2026.06.02	00:24:46.921	0.59330				2
2026.06.02	00:24:54.742	0.59331				2
2026.06.02	00:25:00.155	0.59331				2
2026.06.02	00:25:00.455		0.59405			4
2026.06.02	00:25:02.858	0.59332				2
2026.06.02	00:25:03.760	0.59331				2
2026.06.02	00:25:18.201	0.59329	0.59395			6
2026.06.02	00:25:45.876	0.59330				2
2026.06.02	00:25:53.412		0.59394			4
2026.06.02	00:25:57.931	0.59331				2
2026.06.02	00:26:00.039	0.59331				2
2026.06.02	00:26:00.642	0.59330				2
2026.06.02	00:26:02.147	0.59323				2
2026.06.02	00:26:02.448	0.59295	0.59396			6
2026.06.02	00:26:02.748	0.59288	0.59392			6
2026.06.02	00:27:00.210	0.59288				2
2026.06.02	00:27:02.916		0.59392			4
2026.06.02	00:28:00.063	0.59288				2
2026.06.02	00:28:03.070		0.59392			4
2026.06.02	00:29:00.258	0.59288				2
2026.06.02	00:29:03.264		0.59392			4
2026.06.02	00:29:14.699		0.59384			4
2026.06.02	00:30:00.160	0.59288				2
2026.06.02	00:30:01.061		0.59377			4
2026.06.02	00:31:00.010	0.59288				2
2026.06.02	00:31:01.210		0.59376			4
2026.06.02	00:32:00.155	0.59288				2
2026.06.02	00:32:01.357		0.59376			4
2026.06.02	00:32:54.015		0.59359			4
2026.06.02	00:32:57.332	0.59281	0.59348			6
2026.06.02	00:33:00.040	0.59281				2
2026.06.02	00:33:08.759	0.59279				2
2026.06.02	00:33:30.126	0.59305	0.59392			6
2026.06.02	00:33:30.428	0.59332	0.59391			6
2026.06.02	00:33:30.730	0.59333	0.59381			6
2026.06.02	00:33:31.031		0.59371			4
2026.06.02	00:33:31.931	0.59332	0.59392			6
2026.06.02	00:33:32.231		0.59386			4
2026.06.02	00:33:32.531		0.59379			4
2026.06.02	00:33:36.440	0.59333	0.59402			6
2026.06.02	00:33:36.740	0.59334	0.59401			6
2026.06.02	00:33:37.648		0.59402			4
2026.06.02	00:33:38.549	0.59333				2
2026.06.02	00:33:38.848	0.59334				2
2026.06.02	00:33:39.450	0.59332	0.59400			6
2026.06.02	00:33:39.751	0.59334	0.59381			6
2026.06.02	00:33:40.052	0.59336	0.59402			6
2026.06.02	00:33:40.953	0.59332				2
2026.06.02	00:33:42.456	0.59334				2
2026.06.02	00:33:43.357	0.59333	0.59400			6
2026.06.02	00:33:43.658		0.59402			4
2026.06.02	00:33:43.958	0.59334				2
2026.06.02	00:33:46.061		0.59384			4
2026.06.02	00:33:46.363	0.59333	0.59402			6
2026.06.02	00:33:47.266	0.59334	0.59400			6
2026.06.02	00:33:47.566	0.59335	0.59402			6
2026.06.02	00:33:47.866	0.59334				2
2026.06.02	00:33:48.467	0.59330	0.59384			6
2026.06.02	00:33:48.767	0.59335	0.59402			6
2026.06.02	00:33:49.068	0.59333				2
2026.06.02	00:33:49.369	0.59335				2
2026.06.02	00:33:49.669	0.59333				2
2026.06.02	00:33:50.272		0.59380			4
2026.06.02	00:33:50.572	0.59335	0.59402			6
2026.06.02	00:33:51.476	0.59334	0.59377			6
2026.06.02	00:33:51.777	0.59336	0.59402			6
2026.06.02	00:33:52.677	0.59335				2
2026.06.02	00:33:53.277	0.59336	0.59412			6
2026.06.02	00:33:53.577	0.59337				2
2026.06.02	00:33:53.879		0.59405			4
2026.06.02	00:33:54.181	0.59336	0.59382			6
2026.06.02	00:33:54.481		0.59412			4
2026.06.02	00:33:55.083	0.59337				2
2026.06.02	00:33:55.383	0.59340				2
2026.06.02	00:33:56.587	0.59338				2
2026.06.02	00:33:56.887	0.59336				2
2026.06.02	00:33:58.997	0.59330	0.59379			6
2026.06.02	00:33:59.299	0.59338	0.59412			6
2026.06.02	00:33:59.599	0.59334				2
2026.06.02	00:34:00.200	0.59332	0.59410			6
2026.06.02	00:34:00.500	0.59331	0.59382			6
2026.06.02	00:34:00.801	0.59334	0.59412			6
2026.06.02	00:34:01.402	0.59332				2
2026.06.02	00:34:01.702	0.59339				2
2026.06.02	00:34:02.004	0.59335				2
2026.06.02	00:34:02.907	0.59333	0.59385			6
2026.06.02	00:34:03.207	0.59335	0.59412			6
2026.06.02	00:34:04.112	0.59336	0.59405			6
2026.06.02	00:34:04.413	0.59335	0.59412			6
2026.06.02	00:34:05.316	0.59333				2
2026.06.02	00:34:05.617	0.59329				2
2026.06.02	00:34:05.917	0.59334				2
2026.06.02	00:34:06.819	0.59330	0.59385			6
2026.06.02	00:34:07.124	0.59338	0.59412			6
2026.06.02	00:34:07.728	0.59334				2
2026.06.02	00:34:08.029	0.59335				2
2026.06.02	00:34:09.531	0.59337				2
2026.06.02	00:34:09.832	0.59336				2
2026.06.02	00:34:10.432	0.59335				2
2026.06.02	00:34:10.733	0.59333	0.59387			6
2026.06.02	00:34:11.035	0.59335	0.59412			6
2026.06.02	00:34:11.336	0.59336				2
2026.06.02	00:34:11.936	0.59334				2
2026.06.02	00:34:12.236	0.59332				2
2026.06.02	00:34:13.136	0.59334				2
2026.06.02	00:34:13.438	0.59335				2
2026.06.02	00:34:14.040		0.59407			4
2026.06.02	00:34:14.339	0.59338	0.59412			6
2026.06.02	00:34:14.639	0.59337				2
2026.06.02	00:34:15.541	0.59329	0.59387			6
2026.06.02	00:34:15.841	0.59335	0.59412			6
2026.06.02	00:34:16.748	0.59336	0.59405			6
2026.06.02	00:34:17.047	0.59337	0.59412			6
2026.06.02	00:34:17.348	0.59335				2
2026.06.02	00:34:17.948		0.59405			4
2026.06.02	00:34:18.249	0.59325	0.59380			6
2026.06.02	00:34:18.548	0.59337	0.59407			6
2026.06.02	00:34:19.149	0.59336				2
2026.06.02	00:34:19.450	0.59329	0.59385			6
2026.06.02	00:34:19.750	0.59338	0.59412			6
2026.06.02	00:34:20.651	0.59333	0.59404			6
2026.06.02	00:34:20.950		0.59412			4
2026.06.02	00:34:21.251	0.59332				2
2026.06.02	00:34:21.552	0.59342	0.59422			6
2026.06.02	00:34:21.851	0.59336				2
2026.06.02	00:34:22.152		0.59412			4
2026.06.02	00:34:22.751	0.59335				2
2026.06.02	00:34:23.052	0.59339				2
2026.06.02	00:34:23.655	0.59340				2
2026.06.02	00:34:23.955	0.59338				2
2026.06.02	00:34:24.255	0.59340				2
2026.06.02	00:34:24.555	0.59339				2
2026.06.02	00:34:26.058	0.59338				2
2026.06.02	00:34:28.161	0.59337				2
2026.06.02	00:34:28.461	0.59338				2
2026.06.02	00:34:35.081	0.59339				2
2026.06.02	00:34:36.884	0.59338				2
2026.06.02	00:34:38.089	0.59339				2
2026.06.02	00:34:40.204	0.59338				2
2026.06.02	00:34:40.505	0.59337				2
2026.06.02	00:34:44.719	0.59338				2
2026.06.02	00:34:45.023	0.59337				2
2026.06.02	00:34:45.927	0.59338				2
2026.06.02	00:34:50.739	0.59339				2
2026.06.02	00:34:56.449	0.59338				2
2026.06.02	00:34:59.754	0.59339				2
2026.06.02	00:35:00.054	0.59339				2
2026.06.02	00:35:04.561	0.59338				2
2026.06.02	00:35:05.163	0.59337				2
2026.06.02	00:35:12.098	0.59336				2
2026.06.02	00:35:12.401	0.59338				2
2026.06.02	00:35:12.701	0.59337				2
2026.06.02	00:35:14.806	0.59338				2
2026.06.02	00:35:19.322	0.59337				2
2026.06.02	00:35:21.429	0.59338				2
2026.06.02	00:35:22.332		0.59412			4
2026.06.02	00:35:22.631		0.59413			4
2026.06.02	00:35:22.933	0.59339				2
2026.06.02	00:35:26.842	0.59338				2
2026.06.02	00:35:28.047	0.59336				2
2026.06.02	00:35:29.249	0.59337				2
2026.06.02	00:35:37.060	0.59336				2
2026.06.02	00:35:37.360	0.59337				2
2026.06.02	00:35:38.261	0.59333				2
2026.06.02	00:35:39.167	0.59331				2
2026.06.02	00:35:42.476	0.59330				2
2026.06.02	00:35:44.583	0.59331				2
2026.06.02	00:35:47.289	0.59330				2
2026.06.02	00:35:53.013	0.59331				2
2026.06.02	00:35:54.819	0.59327				2
2026.06.02	00:35:55.120	0.59328				2
2026.06.02	00:35:55.722	0.59329				2
2026.06.02	00:35:59.332	0.59330				2
2026.06.02	00:36:00.232	0.59330				2
2026.06.02	00:36:00.532	0.59329				2
2026.06.02	00:36:02.342	0.59331				2
2026.06.02	00:36:02.642	0.59330				2
2026.06.02	00:36:02.942	0.59328				2
2026.06.02	00:36:05.949	0.59331				2
2026.06.02	00:36:06.249	0.59332				2
2026.06.02	00:36:06.550	0.59330				2
2026.06.02	00:36:11.357	0.59329				2
2026.06.02	00:36:16.166	0.59326				2
2026.06.02	00:36:20.977	0.59327				2
2026.06.02	00:36:21.280	0.59326				2
2026.06.02	00:36:22.785		0.59413			4
2026.06.02	00:36:26.695	0.59327				2
2026.06.02	00:36:27.600	0.59330				2
2026.06.02	00:36:28.505	0.59327				2
2026.06.02	00:36:28.806	0.59329				2
2026.06.02	00:36:29.106	0.59328				2
2026.06.02	00:36:29.407	0.59327				2
2026.06.02	00:36:29.710	0.59326				2
2026.06.02	00:36:30.611	0.59328				2
2026.06.02	00:36:31.211	0.59329				2
2026.06.02	00:36:33.020	0.59330				2
2026.06.02	00:36:36.637	0.59329				2
2026.06.02	00:36:37.239	0.59328				2
2026.06.02	00:36:38.743	0.59327				2
2026.06.02	00:36:41.751	0.59328				2
2026.06.02	00:36:42.352	0.59347				2
2026.06.02	00:36:44.154	0.59343				2
2026.06.02	00:36:44.454	0.59341				2
2026.06.02	00:36:44.755	0.59339				2
2026.06.02	00:36:45.057	0.59329				2
2026.06.02	00:36:47.159	0.59330				2
2026.06.02	00:36:48.060	0.59329				2
2026.06.02	00:36:48.359	0.59330				2
2026.06.02	00:36:49.263	0.59329				2
2026.06.02	00:36:54.676	0.59325				2
2026.06.02	00:36:54.976	0.59324				2
2026.06.02	00:36:57.379	0.59325				2
2026.06.02	00:36:57.680	0.59326				2
2026.06.02	00:37:00.092	0.59326				2
2026.06.02	00:37:01.896	0.59327				2
2026.06.02	00:37:02.500	0.59328				2
2026.06.02	00:37:04.005	0.59329				2
2026.06.02	00:37:04.606	0.59327				2
2026.06.02	00:37:04.906	0.59329				2
2026.06.02	00:37:10.921	0.59327				2
2026.06.02	00:37:11.224	0.59328	0.59403			6
2026.06.02	00:37:11.827	0.59329	0.59402			6
2026.06.02	00:37:17.240	0.59330				2
2026.06.02	00:37:17.542	0.59327				2
2026.06.02	00:37:18.143	0.59328				2
2026.06.02	00:37:18.745	0.59332				2
2026.06.02	00:37:19.347	0.59333				2
2026.06.02	00:37:19.648	0.59331				2
2026.06.02	00:37:20.852	0.59330				2
2026.06.02	00:37:26.864	0.59329				2
2026.06.02	00:37:27.165	0.59330				2
2026.06.02	00:37:28.366	0.59333				2
2026.06.02	00:37:28.667	0.59332				2
2026.06.02	00:37:29.268	0.59330				2
2026.06.02	00:37:30.468	0.59332				2
2026.06.02	00:37:30.769	0.59331				2
2026.06.02	00:37:31.371	0.59332				2
2026.06.02	00:37:32.876	0.59333				2
2026.06.02	00:37:33.177	0.59332				2
2026.06.02	00:37:33.476	0.59331				2
2026.06.02	00:37:35.582	0.59332				2
2026.06.02	00:37:36.182	0.59333				2
2026.06.02	00:37:36.784	0.59332				2
2026.06.02	00:37:37.685	0.59331				2
2026.06.02	00:37:39.186	0.59332				2
2026.06.02	00:37:42.495	0.59331				2
2026.06.02	00:37:42.795	0.59332				2
2026.06.02	00:37:43.397	0.59330				2
2026.06.02	00:37:45.801	0.59331				2
2026.06.02	00:37:49.112	0.59330				2
2026.06.02	00:37:49.413	0.59331				2
2026.06.02	00:37:57.240	0.59330				2
2026.06.02	00:37:59.347	0.59331				2
2026.06.02	00:37:59.649	0.59332				2
2026.06.02	00:37:59.949	0.59333				2
2026.06.02	00:38:00.249	0.59332				2
2026.06.02	00:38:00.550	0.59333				2
2026.06.02	00:38:00.851	0.59332				2
2026.06.02	00:38:02.052	0.59333				2
2026.06.02	00:38:03.254	0.59334				2
2026.06.02	00:38:04.457	0.59333				2
2026.06.02	00:38:08.363	0.59334				2
2026.06.02	00:38:11.972		0.59402			4
2026.06.02	00:38:14.683	0.59332				2
2026.06.02	00:38:14.984	0.59334				2
2026.06.02	00:38:15.887	0.59333				2
2026.06.02	00:38:16.187	0.59335				2
2026.06.02	00:38:16.487	0.59333				2
2026.06.02	00:38:27.928	0.59332				2
2026.06.02	00:38:34.538	0.59333				2
2026.06.02	00:38:43.561	0.59334				2
2026.06.02	00:38:48.376	0.59335				2
2026.06.02	00:38:48.677	0.59333				2
2026.06.02	00:38:49.276	0.59332				2
2026.06.02	00:38:57.711	0.59333				2
2026.06.02	00:39:00.121	0.59333				2
2026.06.02	00:39:08.249	0.59331				2
2026.06.02	00:39:08.549	0.59329				2
2026.06.02	00:39:08.849	0.59334	0.59400			6
2026.06.02	00:39:11.439	0.59335	0.59399			6
2026.06.02	00:39:13.211	0.59331	0.59402			6
2026.06.02	00:39:13.509	0.59332				2
2026.06.02	00:39:13.811	0.59331				2
2026.06.02	00:39:14.111	0.59332				2
2026.06.02	00:39:19.829	0.59331				2
2026.06.02	00:39:27.647	0.59332				2
2026.06.02	00:39:27.948	0.59331				2
2026.06.02	00:39:30.354	0.59328				2
2026.06.02	00:39:30.654	0.59327				2
2026.06.02	00:39:30.956	0.59326				2
2026.06.02	00:39:34.260	0.59327				2
2026.06.02	00:39:40.867	0.59328				2
2026.06.02	00:39:43.573	0.59327				2
2026.06.02	00:39:50.187	0.59326				2
2026.06.02	00:39:54.703	0.59327				2
2026.06.02	00:39:55.003	0.59325				2
2026.06.02	00:39:56.808	0.59326				2
2026.06.02	00:39:58.610	0.59329				2
2026.06.02	00:39:58.911	0.59327				2
2026.06.02	00:39:59.211	0.59326				2
2026.06.02	00:39:59.813	0.59327				2
2026.06.02	00:40:00.116	0.59327				2
2026.06.02	00:40:02.521	0.59326				2
2026.06.02	00:40:02.822	0.59325				2
2026.06.02	00:40:04.323	0.59326				2
2026.06.02	00:40:09.436	0.59324				2
2026.06.02	00:40:13.341		0.59402			4
2026.06.02	00:40:16.948		0.59390			4
2026.06.02	00:40:17.248		0.59402			4
2026.06.02	00:40:17.552		0.59390			4
2026.06.02	00:40:17.851		0.59402			4
2026.06.02	00:40:18.152		0.59390			4
2026.06.02	00:40:18.469		0.59402			4
2026.06.02	00:40:18.769		0.59390			4
2026.06.02	00:40:19.068		0.59402			4
2026.06.02	00:40:19.369	0.59326				2
2026.06.02	00:40:19.669	0.59325				2
2026.06.02	00:40:19.969	0.59324	0.59390			6
2026.06.02	00:40:20.270		0.59402			4
2026.06.02	00:40:24.177	0.59325				2
2026.06.02	00:40:24.477	0.59343	0.59386			6
2026.06.02	00:40:24.778	0.59342	0.59412			6
2026.06.02	00:40:25.748	0.59341				2
2026.06.02	00:40:26.348	0.59331	0.59409			6
2026.06.02	00:40:26.648		0.59412			4
2026.06.02	00:40:26.949	0.59328				2
2026.06.02	00:40:27.248	0.59321				2
2026.06.02	00:40:27.549	0.59326				2
2026.06.02	00:40:27.849	0.59321	0.59407			6
2026.06.02	00:40:28.148	0.59320				2
2026.06.02	00:40:29.352	0.59323				2
2026.06.02	00:40:29.952	0.59324				2
2026.06.02	00:40:30.252	0.59322				2
2026.06.02	00:40:30.552	0.59324				2
2026.06.02	00:40:32.357	0.59323				2
2026.06.02	00:40:32.957	0.59324				2
2026.06.02	00:40:39.571	0.59325				2
2026.06.02	00:40:39.872	0.59324				2
2026.06.02	00:40:44.683	0.59323				2
2026.06.02	00:40:48.598	0.59326				2
2026.06.02	00:40:50.707	0.59327				2
2026.06.02	00:41:00.037	0.59327				2
2026.06.02	00:41:00.638	0.59328				2
2026.06.02	00:41:01.842	0.59327				2
2026.06.02	00:41:02.743	0.59328				2
2026.06.02	00:41:09.355	0.59327				2
2026.06.02	00:41:11.458	0.59328				2
2026.06.02	00:41:12.659	0.59331				2
2026.06.02	00:41:12.959	0.59329				2
2026.06.02	00:41:14.761	0.59330				2
2026.06.02	00:41:15.061	0.59332				2
2026.06.02	00:41:15.362	0.59331				2
2026.06.02	00:41:17.167	0.59326				2
2026.06.02	00:41:20.776	0.59332				2
2026.06.02	00:41:21.076	0.59336				2
2026.06.02	00:41:21.376	0.59332				2
2026.06.02	00:41:21.677	0.59331				2
2026.06.02	00:41:21.980	0.59328				2
2026.06.02	00:41:22.280	0.59329				2
2026.06.02	00:41:24.083	0.59328				2
2026.06.02	00:41:25.510	0.59330	0.59406			6
2026.06.02	00:41:25.811	0.59333	0.59412			6
2026.06.02	00:41:26.110	0.59332				2
2026.06.02	00:41:26.710	0.59330	0.59382			6
2026.06.02	00:41:27.014	0.59335	0.59412			6
2026.06.02	00:41:27.314	0.59331				2
2026.06.02	00:41:27.615	0.59329				2
2026.06.02	00:41:27.916	0.59331	0.59385			6
2026.06.02	00:41:28.216	0.59334	0.59412			6
2026.06.02	00:41:28.816	0.59332				2
2026.06.02	00:41:29.117	0.59330	0.59405			6
2026.06.02	00:41:30.318	0.59331				2
2026.06.02	00:41:33.024	0.59329				2
2026.06.02	00:41:33.326	0.59330				2
2026.06.02	00:41:35.135	0.59329	0.59413			6
2026.06.02	00:41:35.736	0.59330				2
2026.06.02	00:41:36.337	0.59329				2
2026.06.02	00:41:36.638	0.59330				2
2026.06.02	00:41:37.538	0.59329	0.59406			6
2026.06.02	00:41:41.146	0.59333	0.59413			6
2026.06.02	00:41:41.747	0.59330				2
2026.06.02	00:41:42.051	0.59326	0.59379			6
2026.06.02	00:41:42.353	0.59330	0.59413			6
2026.06.02	00:41:42.651	0.59333				2
2026.06.02	00:41:42.943	0.59330				2
2026.06.02	00:41:43.250		0.59406			4
2026.06.02	00:41:43.548	0.59328				2
2026.06.02	00:41:43.851	0.59331				2
2026.06.02	00:41:44.148	0.59330				2
2026.06.02	00:41:44.748	0.59332				2
2026.06.02	00:41:45.053	0.59330				2
2026.06.02	00:41:51.056	0.59334	0.59413			6
2026.06.02	00:41:51.361	0.59331				2
2026.06.02	00:41:51.658	0.59329				2
2026.06.02	00:41:51.955	0.59332	0.59406			6
2026.06.02	00:41:52.256		0.59413			4
2026.06.02	00:41:52.862	0.59331				2
2026.06.02	00:41:53.164		0.59406			4
2026.06.02	00:41:53.458	0.59329				2
2026.06.02	00:41:53.763	0.59331				2
2026.06.02	00:41:54.365	0.59332				2
2026.06.02	00:41:54.666	0.59331				2
2026.06.02	00:41:54.965		0.59383			4
2026.06.02	00:41:55.266		0.59413			4
2026.06.02	00:41:55.562	0.59333				2
2026.06.02	00:41:55.867	0.59332				2
2026.06.02	00:41:56.168	0.59331	0.59404			6
2026.06.02	00:41:56.467		0.59413			4
2026.06.02	00:41:56.763	0.59332				2
2026.06.02	00:41:57.068	0.59331				2
2026.06.02	00:41:57.368		0.59406			4
2026.06.02	00:41:57.663	0.59332	0.59413			6
2026.06.02	00:41:57.970	0.59331				2
2026.06.02	00:41:58.264	0.59330				2
2026.06.02	00:41:58.567	0.59331	0.59406			6
2026.06.02	00:41:58.865	0.59333				2
2026.06.02	00:41:59.165	0.59328				2
2026.06.02	00:41:59.466	0.59329				2
2026.06.02	00:41:59.767	0.59330				2
2026.06.02	00:42:00.071	0.59330				2
2026.06.02	00:42:01.272		0.59413			4
2026.06.02	00:42:01.571	0.59329				2
2026.06.02	00:42:02.171	0.59330				2
2026.06.02	00:42:02.474		0.59406			4
2026.06.02	00:42:05.783	0.59332				2
2026.06.02	00:42:06.079		0.59413			4
2026.06.02	00:42:06.987	0.59330	0.59406			6
2026.06.02	00:42:07.284	0.59331	0.59405			6
2026.06.02	00:42:07.588		0.59406			4
2026.06.02	00:42:09.993	0.59333				2
2026.06.02	00:42:10.293	0.59332	0.59413			6
2026.06.02	00:42:10.595	0.59331				2
2026.06.02	00:42:11.197	0.59329	0.59386			6
2026.06.02	00:42:11.497	0.59332	0.59413			6
2026.06.02	00:42:12.104	0.59331				2
2026.06.02	00:42:12.401	0.59329	0.59383			6
2026.06.02	00:42:12.706	0.59330	0.59413			6
2026.06.02	00:42:13.003	0.59329				2
2026.06.02	00:42:13.605	0.59331	0.59405			6
2026.06.02	00:42:13.908	0.59334	0.59413			6
2026.06.02	00:42:14.205	0.59332				2
2026.06.02	00:42:14.505	0.59331				2
2026.06.02	00:42:14.807	0.59330				2
2026.06.02	00:42:15.109	0.59329	0.59406			6
2026.06.02	00:42:16.013	0.59331				2
2026.06.02	00:42:16.312	0.59329				2
2026.06.02	00:42:17.824	0.59330				2
2026.06.02	00:42:18.725	0.59329				2
2026.06.02	00:42:19.030	0.59328				2
2026.06.02	00:42:22.043	0.59329				2
2026.06.02	00:42:22.346	0.59330				2
2026.06.02	00:42:22.643	0.59329				2
2026.06.02	00:42:26.254	0.59333	0.59413			6
2026.06.02	00:42:26.557	0.59332				2
2026.06.02	00:42:27.155	0.59330				2
2026.06.02	00:42:27.455	0.59331				2
2026.06.02	00:42:27.757	0.59329				2
2026.06.02	00:42:28.056	0.59328				2
2026.06.02	00:42:28.359	0.59331				2
2026.06.02	00:42:28.656	0.59333				2
2026.06.02	00:42:28.955	0.59331				2
2026.06.02	00:42:29.257	0.59332				2
2026.06.02	00:42:29.863		0.59386			4
2026.06.02	00:42:30.158	0.59331	0.59413			6
2026.06.02	00:42:31.064		0.59405			4
2026.06.02	00:42:31.364	0.59332	0.59413			6
2026.06.02	00:42:32.263	0.59331	0.59406			6
2026.06.02	00:42:32.864	0.59332	0.59404			6
2026.06.02	00:42:33.161		0.59406			4
2026.06.02	00:42:34.368	0.59331				2
2026.06.02	00:42:36.468	0.59330				2
2026.06.02	00:42:37.066	0.59333				2
2026.06.02	00:42:37.366	0.59332				2
2026.06.02	00:42:37.667	0.59330				2
2026.06.02	00:42:38.269	0.59332				2
2026.06.02	00:42:38.568	0.59331				2
2026.06.02	00:42:38.870	0.59332				2
2026.06.02	00:42:39.168	0.59331	0.59413			6
2026.06.02	00:42:39.470	0.59333				2
2026.06.02	00:42:39.773	0.59332				2
2026.06.02	00:42:40.071	0.59331	0.59394			6
2026.06.02	00:42:40.374	0.59334	0.59383			6
2026.06.02	00:42:40.671	0.59333	0.59413			6
2026.06.02	00:42:41.579	0.59332	0.59406			6
2026.06.02	00:42:41.875	0.59333				2
2026.06.02	00:42:43.078	0.59330				2
2026.06.02	00:42:43.988	0.59331				2
2026.06.02	00:42:44.283	0.59330				2
2026.06.02	00:42:45.786	0.59332				2
2026.06.02	00:42:46.085	0.59333				2
2026.06.02	00:42:47.294	0.59332				2
2026.06.02	00:42:47.590	0.59333				2
2026.06.02	00:42:47.895	0.59332				2
2026.06.02	00:42:48.192	0.59331				2
2026.06.02	00:42:49.700	0.59332				2
2026.06.02	00:42:51.809	0.59330				2
2026.06.02	00:42:52.105	0.59332				2
2026.06.02	00:42:53.309	0.59330				2
2026.06.02	00:42:54.216	0.59331				2
2026.06.02	00:42:54.512	0.59332				2
2026.06.02	00:42:58.425		0.59377			4
2026.06.02	00:42:58.727		0.59413			4
2026.06.02	00:42:59.629	0.59330	0.59406			6
2026.06.02	00:43:00.231	0.59330				2
2026.06.02	00:43:01.135	0.59331				2
2026.06.02	00:43:01.434	0.59332				2
2026.06.02	00:43:01.734	0.59331				2
2026.06.02	00:43:02.038	0.59334	0.59386			6
2026.06.02	00:43:02.334	0.59333	0.59413			6
2026.06.02	00:43:03.244	0.59334	0.59383			6
2026.06.02	00:43:03.545	0.59333	0.59413			6
2026.06.02	00:43:04.447		0.59406			4
2026.06.02	00:43:14.360	0.59332				2
2026.06.02	00:43:14.960	0.59333				2
2026.06.02	00:43:15.260	0.59334				2
2026.06.02	00:43:15.565	0.59333				2
2026.06.02	00:43:16.462	0.59332				2
2026.06.02	00:43:18.266	0.59331				2
2026.06.02	00:43:18.867	0.59330				2
2026.06.02	00:43:19.175	0.59332				2
2026.06.02	00:43:23.678	0.59334				2
2026.06.02	00:43:23.979	0.59333				2
2026.06.02	00:43:27.292	0.59332				2
2026.06.02	00:43:27.588	0.59333				2
2026.06.02	00:43:30.603	0.59332				2
2026.06.02	00:43:30.903	0.59333				2
2026.06.02	00:43:31.504	0.59334				2
2026.06.02	00:43:38.415	0.59333				2
2026.06.02	00:43:40.815	0.59334				2
2026.06.02	00:43:42.025	0.59332	0.59404			6
2026.06.02	00:43:43.239	0.59331	0.59405			6
2026.06.02	00:43:45.344	0.59330				2
2026.06.02	00:43:48.011	0.59331				2
2026.06.02	00:43:52.511	0.59330				2
2026.06.02	00:43:53.283	0.59331				2
2026.06.02	00:43:56.815	0.59332	0.59404			6
2026.06.02	00:43:57.116	0.59331	0.59405			6
2026.06.02	00:43:58.634		0.59404			4
2026.06.02	00:44:00.143	0.59331				2
2026.06.02	00:44:01.755	0.59332				2
2026.06.02	00:44:02.056		0.59406			4
2026.06.02	00:44:02.357	0.59330				2
2026.06.02	00:44:03.257	0.59329				2
2026.06.02	00:44:07.162	0.59328				2
2026.06.02	00:44:11.068	0.59329				2
2026.06.02	00:44:14.074	0.59328				2
2026.06.02	00:44:15.276	0.59329				2
2026.06.02	00:44:17.076	0.59330	0.59405			6
2026.06.02	00:44:20.275		0.59406			4
2026.06.02	00:44:23.576	0.59332				2
2026.06.02	00:44:23.877	0.59331				2
2026.06.02	00:44:24.782	0.59330				2
2026.06.02	00:44:25.082	0.59329				2
2026.06.02	00:44:27.187	0.59327				2
2026.06.02	00:44:28.698	0.59328				2
2026.06.02	00:44:30.803	0.59329				2
2026.06.02	00:44:31.104	0.59330				2
2026.06.02	00:44:34.411	0.59329				2
2026.06.02	00:44:38.316	0.59330				2
2026.06.02	00:44:45.835	0.59329				2
2026.06.02	00:44:49.446	0.59330				2
2026.06.02	00:44:58.460	0.59329				2
2026.06.02	00:45:00.266	0.59330				2
2026.06.02	00:45:02.976	0.59326				2
2026.06.02	00:45:03.878	0.59324				2
2026.06.02	00:45:05.987	0.59329				2
2026.06.02	00:45:06.289	0.59328				2
2026.06.02	00:45:09.904	0.59329				2
2026.06.02	00:45:11.107	0.59330				2
2026.06.02	00:45:14.732	0.59329				2
2026.06.02	00:45:15.031	0.59330				2
2026.06.02	00:45:15.332	0.59329				2
2026.06.02	00:45:17.140	0.59327				2
2026.06.02	00:45:18.345	0.59328				2
2026.06.02	00:45:18.646	0.59329				2
2026.06.02	00:45:20.448		0.59406			4
2026.06.02	00:45:22.555	0.59330				2
2026.06.02	00:45:22.854	0.59329				2
2026.06.02	00:45:30.973	0.59330				2
2026.06.02	00:45:34.283	0.59329				2
2026.06.02	00:45:34.583	0.59328				2
2026.06.02	00:45:37.598	0.59329				2
2026.06.02	00:45:47.823	0.59330				2
2026.06.02	00:45:50.832	0.59328				2
2026.06.02	00:45:51.133	0.59329				2
2026.06.02	00:45:54.140	0.59330				2
2026.06.02	00:45:56.848	0.59328				2
2026.06.02	00:46:00.152	0.59328				2
2026.06.02	00:46:01.654	0.59327				2
2026.06.02	00:46:01.954	0.59328				2
2026.06.02	00:46:02.254	0.59329				2
2026.06.02	00:46:06.459	0.59328				2
2026.06.02	00:46:08.262	0.59327				2
2026.06.02	00:46:09.769	0.59328				2
2026.06.02	00:46:10.371	0.59329				2
2026.06.02	00:46:16.999	0.59330				2
2026.06.02	00:46:17.302	0.59329				2
2026.06.02	00:46:20.611	0.59330	0.59406			6
2026.06.02	00:46:24.230	0.59329				2
2026.06.02	00:46:28.141	0.59330				2
2026.06.02	00:46:28.746	0.59329				2
2026.06.02	00:46:29.047	0.59328				2
2026.06.02	00:46:29.347	0.59330				2
2026.06.02	00:46:32.654	0.59327				2
2026.06.02	00:46:32.955	0.59330				2
2026.06.02	00:47:00.033	0.59330				2
2026.06.02	00:47:02.740	0.59325				2
2026.06.02	00:47:04.843	0.59330				2
2026.06.02	00:47:06.347	0.59329				2
2026.06.02	00:47:07.550	0.59330				2
2026.06.02	00:47:08.152	0.59336				2
2026.06.02	00:47:08.452	0.59333				2
2026.06.02	00:47:08.753	0.59332				2
2026.06.02	00:47:09.354	0.59333				2
2026.06.02	00:47:09.655	0.59334	0.59401			6
2026.06.02	00:47:09.956	0.59331	0.59404			6
2026.06.02	00:47:10.256	0.59330	0.59406			6
2026.06.02	00:47:10.557	0.59332	0.59404			6
2026.06.02	00:47:12.229	0.59331				2
2026.06.02	00:47:12.530		0.59405			4
2026.06.02	00:47:13.035	0.59327				2
2026.06.02	00:47:13.334	0.59334	0.59387			6
2026.06.02	00:47:13.637	0.59330	0.59413			6
2026.06.02	00:47:13.937	0.59332				2
2026.06.02	00:47:17.245	0.59333				2
2026.06.02	00:47:18.446	0.59332				2
2026.06.02	00:47:21.450	0.59327				2
2026.06.02	00:47:22.353	0.59325				2
2026.06.02	00:47:22.654	0.59326				2
2026.06.02	00:47:22.953	0.59327				2
2026.06.02	00:47:24.456	0.59329				2
2026.06.02	00:47:24.757	0.59327				2
2026.06.02	00:47:26.560	0.59328				2
2026.06.02	00:47:26.860	0.59327				2
2026.06.02	00:47:28.063	0.59329				2
2026.06.02	00:47:28.363	0.59330				2
2026.06.02	00:47:30.469	0.59331				2
2026.06.02	00:47:30.769	0.59330				2
2026.06.02	00:47:31.069	0.59329				2
2026.06.02	00:47:31.369	0.59330				2
2026.06.02	00:47:31.671	0.59329				2
2026.06.02	00:47:33.476	0.59330				2
2026.06.02	00:47:33.776	0.59328				2
2026.06.02	00:47:34.079	0.59327				2
2026.06.02	00:47:34.379	0.59326				2
2026.06.02	00:47:34.681	0.59325				2
2026.06.02	00:47:35.884	0.59326				2
2026.06.02	00:47:36.788	0.59327				2
2026.06.02	00:47:37.088	0.59326				2
2026.06.02	00:47:39.204	0.59325				2
2026.06.02	00:47:41.910	0.59326				2
2026.06.02	00:47:43.119	0.59325				2
2026.06.02	00:47:44.020	0.59323				2
2026.06.02	00:47:44.923	0.59324				2
2026.06.02	00:47:45.826	0.59327				2
2026.06.02	00:47:46.732	0.59329				2
2026.06.02	00:47:47.033	0.59328				2
2026.06.02	00:47:47.940	0.59327				2
2026.06.02	00:47:49.145	0.59329				2
2026.06.02	00:47:49.748	0.59327				2
2026.06.02	00:47:50.048	0.59328				2
2026.06.02	00:47:50.950	0.59329				2
2026.06.02	00:47:51.852	0.59328				2
2026.06.02	00:47:58.766	0.59327	0.59383			6
2026.06.02	00:47:59.066	0.59329	0.59413			6
2026.06.02	00:47:59.669	0.59330				2
2026.06.02	00:48:00.271	0.59330				2
2026.06.02	00:48:01.173	0.59329				2
2026.06.02	00:48:02.075	0.59328				2
2026.06.02	00:48:02.376	0.59329				2
2026.06.02	00:48:05.083	0.59330				2
2026.06.02	00:48:05.385	0.59328				2
2026.06.02	00:48:05.988	0.59330				2
2026.06.02	00:48:06.291	0.59328				2
2026.06.02	00:48:07.192	0.59327				2
2026.06.02	00:48:08.092	0.59328				2
2026.06.02	00:48:08.392	0.59327				2
2026.06.02	00:48:10.202	0.59328				2
2026.06.02	00:48:11.406	0.59327				2
2026.06.02	00:48:12.007	0.59328				2
2026.06.02	00:48:12.310	0.59327				2
2026.06.02	00:48:13.511	0.59325				2
2026.06.02	00:48:13.815	0.59323				2
2026.06.02	00:48:14.721	0.59325				2
2026.06.02	00:48:15.021	0.59326				2
2026.06.02	00:48:15.321	0.59323				2
2026.06.02	00:48:15.622	0.59324				2
2026.06.02	00:48:15.922	0.59323				2
2026.06.02	00:48:18.029	0.59325				2
2026.06.02	00:48:18.630	0.59327				2
2026.06.02	00:48:20.132	0.59326				2
2026.06.02	00:48:22.546	0.59325				2
2026.06.02	00:48:23.146	0.59326				2
2026.06.02	00:48:23.447	0.59325				2
2026.06.02	00:48:24.048	0.59327				2
2026.06.02	00:48:24.648	0.59325				2
2026.06.02	00:48:26.451	0.59324				2
2026.06.02	00:48:27.353	0.59326				2
2026.06.02	00:48:27.654	0.59324				2
2026.06.02	00:48:28.254	0.59325				2
2026.06.02	00:48:29.155	0.59326				2
2026.06.02	00:48:29.455	0.59325				2
2026.06.02	00:48:31.259	0.59326				2
2026.06.02	00:48:31.558	0.59325				2
2026.06.02	00:48:33.360	0.59326				2
2026.06.02	00:48:33.961	0.59325				2
2026.06.02	00:48:35.463	0.59324				2
2026.06.02	00:48:39.372	0.59325				2
2026.06.02	00:48:39.676	0.59324				2
2026.06.02	00:48:43.284	0.59323				2
2026.06.02	00:48:43.583	0.59325				2
2026.06.02	00:48:43.884	0.59324				2
2026.06.02	00:48:46.293	0.59325				2
2026.06.02	00:48:48.102	0.59323				2
2026.06.02	00:48:48.403	0.59325				2
2026.06.02	00:48:49.606	0.59324				2
2026.06.02	00:48:49.906	0.59325				2
2026.06.02	00:48:52.317	0.59324				2
2026.06.02	00:48:54.124	0.59326				2
2026.06.02	00:48:54.425	0.59325				2
2026.06.02	00:48:56.527	0.59324				2
2026.06.02	00:48:56.827	0.59325				2
2026.06.02	00:48:57.728	0.59327				2
2026.06.02	00:48:58.329	0.59326				2
2026.06.02	00:48:58.631	0.59323				2
2026.06.02	00:48:58.932	0.59324				2
2026.06.02	00:48:59.231	0.59325	0.59413			6
2026.06.02	00:48:59.832	0.59324				2
2026.06.02	00:49:00.132	0.59325				2
2026.06.02	00:49:04.048	0.59324				2
2026.06.02	00:49:04.349	0.59323				2
2026.06.02	00:49:04.649	0.59333	0.59383			6
2026.06.02	00:49:04.949	0.59341	0.59413			6
2026.06.02	00:49:05.249	0.59338				2
2026.06.02	00:49:05.550	0.59335				2
2026.06.02	00:49:05.850		0.59386			4
2026.06.02	00:49:06.151		0.59413			4
2026.06.02	00:49:07.057	0.59333	0.59408			6
2026.06.02	00:49:07.357	0.59334	0.59413			6
2026.06.02	00:49:08.258	0.59332				2
2026.06.02	00:49:09.758	0.59333				2
2026.06.02	00:49:10.059	0.59334				2
2026.06.02	00:49:13.367	0.59333				2
2026.06.02	00:49:13.667	0.59334				2
2026.06.02	00:49:14.871	0.59333				2
2026.06.02	00:49:15.472	0.59334				2
2026.06.02	00:49:15.772	0.59332				2
2026.06.02	00:49:17.879	0.59334				2
2026.06.02	00:49:18.179	0.59333				2
2026.06.02	00:49:18.480	0.59332				2
2026.06.02	00:49:18.780	0.59333				2
2026.06.02	00:49:19.383	0.59331				2
2026.06.02	00:49:19.684	0.59327				2
2026.06.02	00:49:19.988	0.59323				2
2026.06.02	00:49:20.290	0.59322				2
2026.06.02	00:49:20.591	0.59323				2
2026.06.02	00:49:20.892	0.59322				2
2026.06.02	00:49:21.194	0.59324				2
2026.06.02	00:49:25.703	0.59325				2
2026.06.02	00:49:26.304	0.59322				2
2026.06.02	00:49:26.606	0.59324				2
2026.06.02	00:49:28.713	0.59323				2
2026.06.02	00:49:29.012	0.59325				2
2026.06.02	00:49:29.615	0.59326				2
2026.06.02	00:49:30.817	0.59325				2
2026.06.02	00:49:31.117	0.59324				2
2026.06.02	00:49:34.729	0.59326				2
2026.06.02	00:49:35.331	0.59327				2
2026.06.02	00:49:36.532	0.59326				2
2026.06.02	00:49:37.432	0.59327				2
2026.06.02	00:49:37.732	0.59328				2
2026.06.02	00:49:38.333	0.59327				2
2026.06.02	00:49:38.633	0.59326				2
2026.06.02	00:49:38.933	0.59324				2
2026.06.02	00:49:39.233	0.59322				2
2026.06.02	00:49:39.834	0.59325				2
2026.06.02	00:49:41.035	0.59324				2
2026.06.02	00:49:41.336	0.59325				2
2026.06.02	00:49:41.939	0.59327				2
2026.06.02	00:49:42.540	0.59326				2
2026.06.02	00:49:42.848	0.59327				2
2026.06.02	00:49:43.749	0.59326				2
2026.06.02	00:49:44.048	0.59327				2
2026.06.02	00:49:44.351	0.59326				2
2026.06.02	00:49:44.951	0.59327				2
2026.06.02	00:49:46.153	0.59326				2
2026.06.02	00:49:46.754	0.59327				2
2026.06.02	00:49:48.859	0.59328				2
2026.06.02	00:49:49.159	0.59327				2
2026.06.02	00:49:51.861	0.59328				2
2026.06.02	00:49:52.161	0.59327				2
2026.06.02	00:49:52.763	0.59328				2
2026.06.02	00:49:53.363	0.59327				2
2026.06.02	00:49:53.663	0.59326				2
2026.06.02	00:49:56.066	0.59327				2
2026.06.02	00:49:56.967	0.59328				2
2026.06.02	00:49:57.267	0.59327				2
2026.06.02	00:49:59.072	0.59329				2
2026.06.02	00:49:59.374	0.59328				2
2026.06.02	00:49:59.675	0.59329				2
2026.06.02	00:49:59.976	0.59328				2
2026.06.02	00:50:00.276	0.59328				2
2026.06.02	00:50:03.284	0.59329				2
2026.06.02	00:50:04.496	0.59328				2
2026.06.02	00:50:05.701	0.59329				2
2026.06.02	00:50:06.001	0.59330				2
2026.06.02	00:50:06.302	0.59329				2
2026.06.02	00:50:06.903	0.59327				2
2026.06.02	00:50:07.204	0.59326				2
2026.06.02	00:50:07.504		0.59413			4
2026.06.02	00:50:08.406	0.59328				2
2026.06.02	00:50:09.312	0.59327				2
2026.06.02	00:50:09.613	0.59326				2
2026.06.02	00:50:11.117	0.59325				2
2026.06.02	00:50:12.022	0.59327				2
2026.06.02	00:50:13.231	0.59328				2
2026.06.02	00:50:13.832	0.59327				2
2026.06.02	00:50:14.132	0.59328				2
2026.06.02	00:50:15.335	0.59329				2
2026.06.02	00:50:18.949	0.59328				2
2026.06.02	00:50:19.248	0.59329				2
2026.06.02	00:50:19.849	0.59330				2
2026.06.02	00:50:20.150	0.59329				2
2026.06.02	00:50:21.954	0.59328				2
2026.06.02	00:50:23.754	0.59329				2
2026.06.02	00:50:25.559	0.59328				2
2026.06.02	00:50:27.964	0.59329				2
2026.06.02	00:50:28.265	0.59330				2
2026.06.02	00:50:28.867	0.59332				2
2026.06.02	00:50:29.468	0.59314	0.59371			6
2026.06.02	00:50:29.768	0.59320	0.59368			6
2026.06.02	00:50:30.069	0.59335	0.59400			6
2026.06.02	00:50:30.973	0.59331	0.59374			6
2026.06.02	00:50:31.273	0.59337	0.59400			6
2026.06.02	00:50:31.574	0.59336				2
2026.06.02	00:50:31.873	0.59335				2
2026.06.02	00:50:32.176	0.59334				2
2026.06.02	00:50:38.193	0.59335				2
2026.06.02	00:50:41.809	0.59334				2
2026.06.02	00:50:42.110	0.59329	0.59371			6
2026.06.02	00:50:42.411	0.59327	0.59400			6
2026.06.02	00:50:42.711	0.59285	0.59373			6
2026.06.02	00:50:43.313	0.59329	0.59375			6
2026.06.02	00:50:43.615	0.59333	0.59400			6
2026.06.02	00:50:47.533	0.59334				2
2026.06.02	00:50:49.341	0.59335				2
2026.06.02	00:50:54.153	0.59334				2
2026.06.02	00:50:54.754	0.59333				2
2026.06.02	00:51:00.166	0.59333				2
2026.06.02	00:51:00.769	0.59331				2
2026.06.02	00:51:01.976	0.59330				2
2026.06.02	00:51:02.576	0.59328				2
2026.06.02	00:51:11.911	0.59330				2
2026.06.02	00:51:12.215	0.59329				2
2026.06.02	00:51:12.516	0.59330				2
2026.06.02	00:51:12.816	0.59329				2
2026.06.02	00:51:17.634	0.59328				2
2026.06.02	00:51:22.454	0.59329				2
2026.06.02	00:51:23.657	0.59330				2
2026.06.02	00:51:27.265	0.59331				2
2026.06.02	00:51:40.508	0.59330				2
2026.06.02	00:51:40.809	0.59331				2
2026.06.02	00:51:41.109	0.59330				2
2026.06.02	00:51:41.411	0.59331				2
2026.06.02	00:51:42.311	0.59330	0.59373			6
2026.06.02	00:51:42.611	0.59329	0.59400			6
2026.06.02	00:51:42.916	0.59328				2
2026.06.02	00:51:43.217	0.59330				2
2026.06.02	00:51:43.519	0.59301	0.59363			6
2026.06.02	00:51:43.821	0.59329	0.59400			6
2026.06.02	00:51:44.123	0.59330				2
2026.06.02	00:51:44.424	0.59331				2
2026.06.02	00:51:47.733	0.59330				2
2026.06.02	00:51:49.844	0.59329				2
2026.06.02	00:51:56.153	0.59331				2
2026.06.02	00:51:56.754	0.59329				2
2026.06.02	00:51:57.054	0.59330				2
2026.06.02	00:51:59.157	0.59329				2
2026.06.02	00:52:00.059	0.59329				2
2026.06.02	00:52:00.360	0.59330				2
2026.06.02	00:52:00.660	0.59328	0.59365			6
2026.06.02	00:52:00.961	0.59330	0.59367			6
2026.06.02	00:52:01.260	0.59327	0.59400			6
2026.06.02	00:52:01.561	0.59329				2
2026.06.02	00:52:04.266	0.59331				2
2026.06.02	00:52:04.566	0.59329				2
2026.06.02	00:52:06.668	0.59330				2
2026.06.02	00:52:13.596	0.59332				2
2026.06.02	00:52:13.897		0.59371			4
2026.06.02	00:52:14.204	0.59330	0.59400			6
2026.06.02	00:52:15.106	0.59331				2
2026.06.02	00:52:19.926	0.59330				2
2026.06.02	00:52:24.740	0.59331				2
2026.06.02	00:52:29.556	0.59332				2
2026.06.02	00:52:32.563	0.59327				2
2026.06.02	00:52:32.862	0.59329	0.59370			6
2026.06.02	00:52:33.163		0.59400			4
2026.06.02	00:52:33.763	0.59330				2
2026.06.02	00:52:34.064	0.59325	0.59365			6
2026.06.02	00:52:34.366	0.59331	0.59400			6
2026.06.02	00:52:34.666	0.59330				2
2026.06.02	00:52:38.280	0.59331				2
2026.06.02	00:52:39.788	0.59330				2
2026.06.02	00:52:40.088	0.59331				2
2026.06.02	00:52:43.992		0.59375			4
2026.06.02	00:52:44.293		0.59400			4
2026.06.02	00:52:56.042	0.59332				2
2026.06.02	00:53:00.252	0.59332				2
2026.06.02	00:53:00.553	0.59331				2
2026.06.02	00:53:04.765	0.59333	0.59368			6
2026.06.02	00:53:05.065	0.59331	0.59400			6
2026.06.02	00:53:05.969	0.59324	0.59365			6
2026.06.02	00:53:06.269	0.59330	0.59400			6
2026.06.02	00:53:06.569	0.59331				2
2026.06.02	00:53:10.486	0.59330				2
2026.06.02	00:53:10.786		0.59372			4
2026.06.02	00:53:11.086		0.59400			4
2026.06.02	00:53:11.388	0.59331				2
2026.06.02	00:53:17.100	0.59332				2
2026.06.02	00:53:18.605	0.59331				2
2026.06.02	00:53:20.408	0.59334				2
2026.06.02	00:53:20.709	0.59333				2
2026.06.02	00:53:22.511	0.59332				2
2026.06.02	00:53:22.816	0.59333				2
2026.06.02	00:53:23.417	0.59332				2
2026.06.02	00:53:36.049	0.59330	0.59373			6
2026.06.02	00:53:36.349	0.59329	0.59369			6
2026.06.02	00:53:36.650	0.59325	0.59364			6
2026.06.02	00:53:36.950	0.59327	0.59365			6
2026.06.02	00:53:37.551	0.59322				2
2026.06.02	00:53:37.851	0.59323	0.59361			6
2026.06.02	00:53:38.151	0.59321				2
2026.06.02	00:53:38.452	0.59318	0.59362			6
2026.06.02	00:53:38.752	0.59328	0.59364			6
2026.06.02	00:53:39.053	0.59325				2
2026.06.02	00:53:39.353	0.59327				2
2026.06.02	00:53:39.654	0.59325				2
2026.06.02	00:53:40.257	0.59326				2
2026.06.02	00:53:41.457	0.59325				2
2026.06.02	00:53:43.561	0.59326	0.59365			6
2026.06.02	00:53:45.367	0.59327				2
2026.06.02	00:53:46.571	0.59329				2
2026.06.02	00:53:47.474	0.59328				2
2026.06.02	00:53:47.774	0.59327				2
2026.06.02	00:53:50.484	0.59328				2
2026.06.02	00:53:51.688	0.59330	0.59361			6
2026.06.02	00:53:51.988	0.59329				2
2026.06.02	00:53:52.589		0.59364			4
2026.06.02	00:53:52.889	0.59330				2
2026.06.02	00:53:58.604	0.59329				2
2026.06.02	00:54:00.108	0.59329				2
2026.06.02	00:54:03.732	0.59331	0.59368			6
2026.06.02	00:54:10.345	0.59327	0.59374			6
2026.06.02	00:54:10.645	0.59325	0.59367			6
2026.06.02	00:54:10.947	0.59331	0.59373			6
2026.06.02	00:54:11.248		0.59369			4
2026.06.02	00:54:13.350		0.59370			4
2026.06.02	00:54:18.160	0.59332				2
2026.06.02	00:54:20.865	0.59330				2
2026.06.02	00:54:22.071	0.59328	0.59365			6
2026.06.02	00:54:22.372	0.59327				2
2026.06.02	00:54:22.672	0.59326	0.59362			6
2026.06.02	00:54:23.573	0.59325				2
2026.06.02	00:54:26.283	0.59326	0.59363			6
2026.06.02	00:54:26.582	0.59327				2
2026.06.02	00:54:26.883	0.59326				2
2026.06.02	00:54:27.183	0.59328				2
2026.06.02	00:54:27.484	0.59327				2
2026.06.02	00:54:31.699	0.59326				2
2026.06.02	00:54:36.208		0.59359			4
2026.06.02	00:54:36.510	0.59325	0.59361			6
2026.06.02	00:54:40.420	0.59326				2
2026.06.02	00:54:40.724	0.59327	0.59362			6
2026.06.02	00:54:50.651		0.59364			4
2026.06.02	00:55:00.277	0.59327				2
2026.06.02	00:55:01.480	0.59342	0.59381			6
2026.06.02	00:55:01.781	0.59341	0.59383			6
2026.06.02	00:55:02.081	0.59342				2
2026.06.02	00:55:03.281	0.59341				2
2026.06.02	00:55:03.883		0.59384			4
2026.06.02	00:55:05.686	0.59340				2
2026.06.02	00:55:08.389		0.59383			4
2026.06.02	00:55:15.229	0.59339	0.59381			6
2026.06.02	00:55:17.327	0.59338				2
2026.06.02	00:55:17.626		0.59388			4
2026.06.02	00:55:17.927		0.59385			4
2026.06.02	00:55:18.228	0.59343	0.59398			6
2026.06.02	00:55:18.527	0.59337	0.59395			6
2026.06.02	00:55:18.827		0.59383			4
2026.06.02	00:55:19.128		0.59389			4
2026.06.02	00:55:19.431		0.59380			4
2026.06.02	00:55:19.730	0.59342	0.59390			6
2026.06.02	00:55:20.033	0.59344	0.59393			6
2026.06.02	00:55:20.331	0.59336				2
2026.06.02	00:55:20.631		0.59398			4
2026.06.02	00:55:20.931	0.59339	0.59391			6
2026.06.02	00:55:21.230	0.59330	0.59390			6
2026.06.02	00:55:21.534		0.59401			4
2026.06.02	00:55:21.831	0.59340	0.59402			6
2026.06.02	00:55:22.132	0.59337				2
2026.06.02	00:55:22.733	0.59338	0.59403			6
2026.06.02	00:55:23.035		0.59406			4
2026.06.02	00:55:23.335	0.59336	0.59407			6
2026.06.02	00:55:23.635	0.59337				2
2026.06.02	00:55:23.936	0.59336				2
2026.06.02	00:55:24.237	0.59335	0.59408			6
2026.06.02	00:55:24.536		0.59410			4
2026.06.02	00:55:25.137		0.59411			4
2026.06.02	00:55:25.437	0.59334				2
2026.06.02	00:55:25.737	0.59333				2
2026.06.02	00:55:26.939	0.59332				2
2026.06.02	00:55:27.538	0.59333				2
2026.06.02	00:55:27.839	0.59332				2
2026.06.02	00:55:28.138	0.59331				2
2026.06.02	00:55:29.041	0.59330				2
2026.06.02	00:55:29.340	0.59331				2
2026.06.02	00:55:29.641	0.59330				2
2026.06.02	00:55:31.444	0.59323				2
2026.06.02	00:55:31.744	0.59329				2
2026.06.02	00:55:32.043	0.59319	0.59407			6
2026.06.02	00:55:32.345	0.59321	0.59390			6
2026.06.02	00:55:32.644		0.59391			4
2026.06.02	00:55:32.945		0.59393			4
2026.06.02	00:55:33.245	0.59319				2
2026.06.02	00:55:33.845	0.59321				2
2026.06.02	00:55:35.045	0.59319				2
2026.06.02	00:55:35.347	0.59321				2
2026.06.02	00:55:35.648		0.59395			4
2026.06.02	00:55:35.949	0.59341	0.59407			6
2026.06.02	00:55:36.248	0.59336	0.59415			6
2026.06.02	00:55:36.549	0.59325	0.59419			6
2026.06.02	00:55:36.848	0.59323	0.59432			6
2026.06.02	00:55:37.149	0.59321	0.59424			6
2026.06.02	00:55:37.452	0.59320	0.59431			6
2026.06.02	00:55:37.751	0.59319	0.59426			6
2026.06.02	00:55:38.052	0.59320	0.59418			6
2026.06.02	00:55:38.351	0.59322	0.59419			6
2026.06.02	00:55:38.653	0.59318	0.59415			6
2026.06.02	00:55:38.953	0.59312	0.59417			6
2026.06.02	00:55:39.254	0.59313	0.59415			6
2026.06.02	00:55:39.556		0.59410			4
2026.06.02	00:55:39.857	0.59312	0.59409			6
2026.06.02	00:55:40.157		0.59411			4
2026.06.02	00:55:40.456		0.59412			4
2026.06.02	00:55:40.757	0.59310	0.59415			6
2026.06.02	00:55:41.058	0.59306	0.59407			6
2026.06.02	00:55:41.359	0.59309	0.59414			6
2026.06.02	00:55:41.659	0.59308	0.59413			6
2026.06.02	00:55:41.959	0.59307	0.59416			6
2026.06.02	00:55:42.260		0.59415			4
2026.06.02	00:55:42.560	0.59294	0.59411			6
2026.06.02	00:55:42.860	0.59295	0.59416			6
2026.06.02	00:55:43.160	0.59306	0.59403			6
2026.06.02	00:55:43.460	0.59305	0.59414			6
2026.06.02	00:55:43.761	0.59292				2
2026.06.02	00:55:44.061	0.59304	0.59413			6
2026.06.02	00:55:44.360	0.59293	0.59415			6
2026.06.02	00:55:44.661	0.59295				2
2026.06.02	00:55:44.960	0.59294	0.59416			6
2026.06.02	00:55:45.261	0.59304				2
2026.06.02	00:55:45.560	0.59294				2
2026.06.02	00:55:45.862	0.59297	0.59418			6
2026.06.02	00:55:46.162	0.59302				2
2026.06.02	00:55:46.462	0.59296	0.59419			6
2026.06.02	00:55:46.762	0.59299	0.59421			6
2026.06.02	00:55:47.062	0.59301	0.59417			6
2026.06.02	00:55:47.359	0.59295	0.59418			6
2026.06.02	00:55:47.663	0.59292	0.59410			6
2026.06.02	00:55:47.962	0.59297	0.59415			6
2026.06.02	00:55:48.264	0.59304	0.59426			6
2026.06.02	00:55:48.564	0.59299	0.59418			6
2026.06.02	00:55:48.864		0.59417			4
2026.06.02	00:55:49.165	0.59303	0.59433			6
2026.06.02	00:55:49.466	0.59312	0.59422			6
2026.06.02	00:55:49.766	0.59308				2
2026.06.02	00:55:50.065	0.59309	0.59424			6
2026.06.02	00:55:50.366	0.59304				2
2026.06.02	00:55:50.665	0.59305	0.59425			6
2026.06.02	00:55:51.566	0.59320				2
2026.06.02	00:55:51.866	0.59307	0.59424			6
2026.06.02	00:55:52.167	0.59306	0.59421			6
2026.06.02	00:55:52.467	0.59304	0.59423			6
2026.06.02	00:55:52.767	0.59308	0.59425			6
2026.06.02	00:55:53.067		0.59431			4
2026.06.02	00:55:53.370	0.59305	0.59421			6
2026.06.02	00:55:53.669	0.59308	0.59431			6
2026.06.02	00:55:53.971	0.59299	0.59428			6
2026.06.02	00:55:54.272	0.59303	0.59427			6
2026.06.02	00:55:54.572	0.59302				2
2026.06.02	00:55:54.871	0.59299	0.59424			6
2026.06.02	00:55:55.173	0.59301	0.59415			6
2026.06.02	00:55:55.473	0.59290				2
2026.06.02	00:55:55.775	0.59289				2
2026.06.02	00:55:56.076	0.59295				2
2026.06.02	00:55:56.375	0.59297	0.59419			6
2026.06.02	00:55:56.675	0.59293	0.59420			6
2026.06.02	00:55:56.975	0.59296	0.59424			6
2026.06.02	00:55:57.276	0.59295	0.59426			6
2026.06.02	00:55:57.576	0.59294	0.59425			6
2026.06.02	00:55:57.878	0.59298	0.59414			6
2026.06.02	00:55:58.178	0.59310	0.59432			6
2026.06.02	00:55:58.479	0.59304	0.59412			6
2026.06.02	00:55:58.780	0.59303	0.59441			6
2026.06.02	00:55:59.080		0.59433			4
2026.06.02	00:55:59.382	0.59300	0.59417			6
2026.06.02	00:55:59.684	0.59302	0.59423			6
2026.06.02	00:55:59.984	0.59303	0.59418			6
2026.06.02	00:56:00.278	0.59312	0.59429			6
2026.06.02	00:56:00.585	0.59306	0.59425			6
2026.06.02	00:56:00.884	0.59300	0.59426			6
2026.06.02	00:56:01.185	0.59294	0.59433			6
2026.06.02	00:56:01.486	0.59296	0.59429			6
2026.06.02	00:56:01.784	0.59299	0.59447			6
2026.06.02	00:56:02.086	0.59301	0.59438			6
2026.06.02	00:56:02.386	0.59302	0.59422			6
2026.06.02	00:56:02.686	0.59300	0.59443			6
2026.06.02	00:56:02.986	0.59301	0.59442			6
2026.06.02	00:56:03.286	0.59307	0.59438			6
2026.06.02	00:56:03.585	0.59303	0.59423			6
2026.06.02	00:56:03.886	0.59314	0.59435			6
2026.06.02	00:56:04.187	0.59305				2
2026.06.02	00:56:04.487		0.59433			4
2026.06.02	00:56:04.791	0.59307	0.59435			6
2026.06.02	00:56:05.091	0.59306	0.59433			6
2026.06.02	00:56:05.392	0.59305	0.59435			6
2026.06.02	00:56:05.689	0.59306				2
2026.06.02	00:56:06.285	0.59307				2
2026.06.02	00:56:06.585	0.59310				2
2026.06.02	00:56:06.891	0.59306				2
2026.06.02	00:56:07.191	0.59315				2
2026.06.02	00:56:07.493	0.59307				2
2026.06.02	00:56:07.789	0.59305	0.59434			6
2026.06.02	00:56:08.095	0.59306	0.59435			6
2026.06.02	00:56:08.395	0.59304	0.59428			6
2026.06.02	00:56:08.696	0.59305	0.59430			6
2026.06.02	00:56:08.999	0.59299	0.59422			6
2026.06.02	00:56:09.305		0.59443			4
2026.06.02	00:56:09.606		0.59430			4
2026.06.02	00:56:09.907	0.59298	0.59423			6
2026.06.02	00:56:10.212		0.59421			4
2026.06.02	00:56:10.509		0.59423			4
2026.06.02	00:56:10.814		0.59424			4
2026.06.02	00:56:11.111	0.59291				2
2026.06.02	00:56:11.414	0.59302	0.59443			6
2026.06.02	00:56:11.711	0.59298	0.59436			6
2026.06.02	00:56:12.015		0.59444			4
2026.06.02	00:56:12.617	0.59297	0.59446			6
2026.06.02	00:56:12.912	0.59296	0.59443			6
2026.06.02	00:56:13.216	0.59298	0.59444			6
2026.06.02	00:56:13.512	0.59297	0.59425			6
2026.06.02	00:56:13.821		0.59424			4
2026.06.02	00:56:14.118		0.59425			4
2026.06.02	00:56:14.718		0.59430			4
2026.06.02	00:56:15.023		0.59427			4
2026.06.02	00:56:15.321	0.59296				2
2026.06.02	00:56:15.622	0.59301	0.59428			6
2026.06.02	00:56:15.924	0.59300	0.59423			6
2026.06.02	00:56:16.223	0.59298	0.59428			6
2026.06.02	00:56:16.524	0.59296	0.59427			6
2026.06.02	00:56:16.825	0.59295	0.59428			6
2026.06.02	00:56:17.127	0.59298	0.59431			6
2026.06.02	00:56:17.431	0.59301	0.59429			6
2026.06.02	00:56:17.728	0.59300	0.59432			6
2026.06.02	00:56:18.028	0.59303	0.59426			6
2026.06.02	00:56:18.329	0.59299	0.59430			6
2026.06.02	00:56:18.628	0.59306				2
2026.06.02	00:56:18.928	0.59304				2
2026.06.02	00:56:19.229	0.59305	0.59432			6
2026.06.02	00:56:19.529	0.59304				2
2026.06.02	00:56:19.829	0.59305	0.59431			6
2026.06.02	00:56:20.133	0.59297	0.59430			6
2026.06.02	00:56:20.434	0.59296	0.59427			6
2026.06.02	00:56:20.733	0.59295	0.59443			6
2026.06.02	00:56:21.032		0.59421			4
2026.06.02	00:56:21.333	0.59296	0.59414			6
2026.06.02	00:56:21.633	0.59299	0.59436			6
2026.06.02	00:56:21.933	0.59286	0.59410			6
2026.06.02	00:56:22.233	0.59308	0.59454			6
2026.06.02	00:56:22.533	0.59307	0.59440			6
2026.06.02	00:56:22.833	0.59308	0.59453			6
2026.06.02	00:56:23.138	0.59305	0.59454			6
2026.06.02	00:56:23.436	0.59308	0.59460			6
2026.06.02	00:56:24.036	0.59295	0.59455			6
2026.06.02	00:56:24.339	0.59308	0.59453			6
2026.06.02	00:56:24.638	0.59306	0.59441			6
2026.06.02	00:56:24.937	0.59310	0.59457			6
2026.06.02	00:56:25.538		0.59464			4
2026.06.02	00:56:25.840	0.59308	0.59462			6
2026.06.02	00:56:26.139		0.59464			4
2026.06.02	00:56:26.440	0.59309	0.59465			6
2026.06.02	00:56:26.745	0.59305	0.59444			6
2026.06.02	00:56:27.046	0.59307	0.59463			6
2026.06.02	00:56:27.341	0.59309	0.59462			6
2026.06.02	00:56:27.641	0.59294	0.59439			6
2026.06.02	00:56:27.941	0.59309	0.59463			6
2026.06.02	00:56:28.241	0.59312	0.59462			6
2026.06.02	00:56:28.541	0.59313	0.59456			6
2026.06.02	00:56:28.846	0.59317	0.59465			6
2026.06.02	00:56:29.151	0.59318				2
2026.06.02	00:56:29.453	0.59313	0.59460			6
2026.06.02	00:56:29.749	0.59311	0.59467			6
2026.06.02	00:56:30.048		0.59463			4
2026.06.02	00:56:30.350		0.59458			4
2026.06.02	00:56:30.654	0.59313	0.59462			6
2026.06.02	00:56:30.951	0.59314	0.59461			6
2026.06.02	00:56:31.250	0.59312	0.59444			6
2026.06.02	00:56:31.551	0.59308	0.59452			6
2026.06.02	00:56:31.852	0.59315	0.59461			6
2026.06.02	00:56:32.153	0.59308	0.59454			6
2026.06.02	00:56:32.455		0.59447			4
2026.06.02	00:56:32.752	0.59309	0.59460			6
2026.06.02	00:56:33.053	0.59312	0.59462			6
2026.06.02	00:56:33.353	0.59308	0.59460			6
2026.06.02	00:56:33.655	0.59309	0.59466			6
2026.06.02	00:56:33.955	0.59312				2
2026.06.02	00:56:34.558	0.59310	0.59452			6
2026.06.02	00:56:34.857	0.59312	0.59456			6
2026.06.02	00:56:35.157	0.59309	0.59459			6
2026.06.02	00:56:35.457	0.59303	0.59462			6
2026.06.02	00:56:35.759	0.59302	0.59449			6
2026.06.02	00:56:36.060	0.59306	0.59457			6
2026.06.02	00:56:36.360	0.59311	0.59455			6
2026.06.02	00:56:36.659		0.59464			4
2026.06.02	00:56:36.964	0.59297	0.59440			6
2026.06.02	00:56:37.260	0.59300	0.59452			6
2026.06.02	00:56:37.566	0.59301				2
2026.06.02	00:56:37.861	0.59299	0.59440			6
2026.06.02	00:56:38.161	0.59302	0.59463			6
2026.06.02	00:56:38.465	0.59306	0.59451			6
2026.06.02	00:56:38.761	0.59305	0.59462			6
2026.06.02	00:56:39.066	0.59306	0.59461			6
2026.06.02	00:56:39.362	0.59307	0.59460			6
2026.06.02	00:56:39.667	0.59308	0.59452			6
2026.06.02	00:56:39.962	0.59293	0.59443			6
2026.06.02	00:56:40.264	0.59302	0.59451			6
2026.06.02	00:56:40.564	0.59294	0.59452			6
2026.06.02	00:56:40.865	0.59299	0.59455			6
2026.06.02	00:56:41.165	0.59301	0.59450			6
2026.06.02	00:56:41.465	0.59310	0.59464			6
2026.06.02	00:56:41.765	0.59312	0.59439			6
2026.06.02	00:56:42.070	0.59307	0.59463			6
2026.06.02	00:56:42.370	0.59303	0.59455			6
2026.06.02	00:56:42.666	0.59307	0.59443			6
2026.06.02	00:56:42.967	0.59306	0.59454			6
2026.06.02	00:56:43.268	0.59310	0.59439			6
2026.06.02	00:56:43.572	0.59311	0.59458			6
2026.06.02	00:56:43.870	0.59307	0.59445			6
2026.06.02	00:56:44.171	0.59306	0.59455			6
2026.06.02	00:56:44.470	0.59304	0.59458			6
2026.06.02	00:56:44.773	0.59299	0.59448			6
2026.06.02	00:56:45.070	0.59302	0.59465			6
2026.06.02	00:56:45.371	0.59307	0.59455			6
2026.06.02	00:56:45.672	0.59313	0.59468			6
2026.06.02	00:56:45.972	0.59308	0.59429			6
2026.06.02	00:56:46.275	0.59307	0.59430			6
2026.06.02	00:56:46.576	0.59308				2
2026.06.02	00:56:46.875		0.59429			4
2026.06.02	00:56:47.176	0.59300	0.59432			6
2026.06.02	00:56:47.476	0.59303	0.59435			6
2026.06.02	00:56:48.078	0.59308	0.59429			6
2026.06.02	00:56:48.377	0.59304	0.59433			6
2026.06.02	00:56:48.677	0.59305				2
2026.06.02	00:56:48.978	0.59306	0.59426			6
2026.06.02	00:56:49.279	0.59307	0.59430			6
2026.06.02	00:56:49.582	0.59299	0.59429			6
2026.06.02	00:56:49.888	0.59297				2
2026.06.02	00:56:50.490	0.59299				2
2026.06.02	00:56:50.786	0.59304	0.59430			6
2026.06.02	00:56:51.086	0.59303	0.59431			6
2026.06.02	00:56:51.691	0.59296	0.59428			6
2026.06.02	00:56:51.987	0.59289	0.59430			6
2026.06.02	00:56:52.293	0.59295	0.59436			6
2026.06.02	00:56:52.889	0.59294	0.59432			6
2026.06.02	00:56:53.190	0.59298	0.59436			6
2026.06.02	00:56:53.803	0.59299	0.59429			6
2026.06.02	00:56:54.100	0.59301	0.59437			6
2026.06.02	00:56:54.700	0.59304				2
2026.06.02	00:56:55.005	0.59305				2
2026.06.02	00:56:55.304	0.59300				2
2026.06.02	00:56:55.605	0.59297	0.59436			6
2026.06.02	00:56:56.207	0.59301	0.59437			6
2026.06.02	00:56:56.506	0.59303	0.59435			6
2026.06.02	00:56:56.811	0.59300				2
2026.06.02	00:56:57.116	0.59302	0.59437			6
2026.06.02	00:56:57.412	0.59296				2
2026.06.02	00:56:57.716	0.59276	0.59421			6
2026.06.02	00:56:58.012	0.59273				2
2026.06.02	00:56:58.612	0.59301	0.59427			6
2026.06.02	00:56:58.914	0.59292	0.59426			6
2026.06.02	00:56:59.215	0.59294	0.59424			6
2026.06.02	00:56:59.518		0.59431			4
2026.06.02	00:56:59.818	0.59268	0.59423			6
2026.06.02	00:57:00.118	0.59268				2
2026.06.02	00:57:00.420	0.59281				2
2026.06.02	00:57:00.719		0.59429			4
2026.06.02	00:57:01.021	0.59269	0.59426			6
2026.06.02	00:57:01.923	0.59280	0.59428			6
2026.06.02	00:57:02.222	0.59305	0.59425			6
2026.06.02	00:57:02.524	0.59273				2
2026.06.02	00:57:02.824	0.59299				2
2026.06.02	00:57:03.124	0.59277	0.59427			6
2026.06.02	00:57:03.424	0.59272				2
2026.06.02	00:57:03.725	0.59278	0.59424			6
2026.06.02	00:57:04.027		0.59421			4
2026.06.02	00:57:04.327	0.59279	0.59423			6
2026.06.02	00:57:04.627		0.59424			4
2026.06.02	00:57:04.932	0.59278				2
2026.06.02	00:57:05.828	0.59279	0.59423			6
2026.06.02	00:57:06.128	0.59285	0.59424			6
2026.06.02	00:57:06.431	0.59279				2
2026.06.02	00:57:07.036	0.59285	0.59427			6
2026.06.02	00:57:07.333	0.59279	0.59424			6
2026.06.02	00:57:07.632		0.59418			4
2026.06.02	00:57:08.238		0.59425			4
2026.06.02	00:57:08.536	0.59278	0.59424			6
2026.06.02	00:57:08.841	0.59283				2
2026.06.02	00:57:09.141	0.59280	0.59429			6
2026.06.02	00:57:09.437	0.59296				2
2026.06.02	00:57:09.738	0.59290	0.59425			6
2026.06.02	00:57:10.038	0.59285				2
2026.06.02	00:57:10.644	0.59283	0.59423			6
2026.06.02	00:57:10.941	0.59281	0.59430			6
2026.06.02	00:57:11.242	0.59304				2
2026.06.02	00:57:11.847	0.59300	0.59425			6
2026.06.02	00:57:12.142	0.59297	0.59430			6
2026.06.02	00:57:12.442	0.59306	0.59431			6
2026.06.02	00:57:12.746	0.59284	0.59425			6
2026.06.02	00:57:13.352	0.59298	0.59427			6
2026.06.02	00:57:13.652	0.59299	0.59433			6
2026.06.02	00:57:14.553	0.59307				2
2026.06.02	00:57:14.848	0.59311	0.59434			6
2026.06.02	00:57:15.454	0.59309				2
2026.06.02	00:57:15.751	0.59298				2
2026.06.02	00:57:16.050	0.59305	0.59436			6
2026.06.02	00:57:16.356	0.59297				2
2026.06.02	00:57:16.958	0.59300	0.59439			6
2026.06.02	00:57:17.252		0.59435			4
2026.06.02	00:57:17.553	0.59302	0.59431			6
2026.06.02	00:57:18.154	0.59303	0.59434			6
2026.06.02	00:57:18.459		0.59431			4
2026.06.02	00:57:18.759	0.59304				2
2026.06.02	00:57:20.261	0.59309				2
2026.06.02	00:57:20.862	0.59312				2
2026.06.02	00:57:22.058	0.59304	0.59430			6
2026.06.02	00:57:22.359	0.59314	0.59431			6
2026.06.02	00:57:22.959	0.59299	0.59430			6
2026.06.02	00:57:23.260	0.59300				2
2026.06.02	00:57:23.859	0.59298				2
2026.06.02	00:57:27.167	0.59301	0.59431			6
2026.06.02	00:57:27.461	0.59298				2
2026.06.02	00:57:27.767	0.59314	0.59430			6
2026.06.02	00:57:28.665	0.59312	0.59431			6
2026.06.02	00:57:37.683	0.59313				2
2026.06.02	00:57:38.590	0.59310				2
2026.06.02	00:57:40.993	0.59311				2
2026.06.02	00:57:41.588	0.59315				2
2026.06.02	00:57:41.889	0.59316				2
2026.06.02	00:57:48.506	0.59318				2
2026.06.02	00:57:50.917	0.59320	0.59428			6
2026.06.02	00:57:51.213		0.59427			4
2026.06.02	00:57:51.515		0.59431			4
2026.06.02	00:57:54.224	0.59318				2
2026.06.02	00:57:55.426		0.59430			4
2026.06.02	00:57:55.724	0.59316	0.59428			6
2026.06.02	00:57:56.932		0.59425			4
2026.06.02	00:57:57.231	0.59312	0.59428			6
2026.06.02	00:57:58.433	0.59316	0.59431			6
2026.06.02	00:57:59.640		0.59426			4
2026.06.02	00:58:00.242	0.59316				2
2026.06.02	00:58:01.747	0.59313	0.59430			6
2026.06.02	00:58:02.346	0.59312	0.59415			6
2026.06.02	00:58:04.454	0.59310				2
2026.06.02	00:58:07.157	0.59312				2
2026.06.02	00:58:07.453	0.59310	0.59428			6
2026.06.02	00:58:07.757	0.59309				2
2026.06.02	00:58:09.259	0.59310				2
2026.06.02	00:58:11.665	0.59313	0.59430			6
2026.06.02	00:58:11.964	0.59314				2
2026.06.02	00:58:12.565	0.59311	0.59427			6
2026.06.02	00:58:12.865	0.59312	0.59430			6
2026.06.02	00:58:13.465	0.59313				2
2026.06.02	00:58:14.061	0.59304	0.59424			6
2026.06.02	00:58:14.361	0.59312	0.59426			6
2026.06.02	00:58:14.966	0.59311				2
2026.06.02	00:58:16.466	0.59319	0.59416			6
2026.06.02	00:58:16.766		0.59430			4
2026.06.02	00:58:18.268		0.59425			4
2026.06.02	00:58:19.175	0.59313	0.59427			6
2026.06.02	00:58:20.371	0.59311				2
2026.06.02	00:58:20.678	0.59313				2
2026.06.02	00:58:22.475		0.59425			4
2026.06.02	00:58:23.083	0.59310	0.59427			6
2026.06.02	00:58:23.377	0.59309				2
2026.06.02	00:58:23.682	0.59310	0.59422			6
2026.06.02	00:58:23.978	0.59308				2
2026.06.02	00:58:24.279	0.59309				2
2026.06.02	00:58:24.579	0.59307				2
2026.06.02	00:58:24.883	0.59298	0.59424			6
2026.06.02	00:58:25.183	0.59309				2
2026.06.02	00:58:25.483	0.59310				2
2026.06.02	00:58:25.784	0.59311	0.59427			6
2026.06.02	00:58:27.282	0.59293				2
2026.06.02	00:58:27.581	0.59309	0.59426			6
2026.06.02	00:58:27.881	0.59307	0.59427			6
2026.06.02	00:58:28.189	0.59309	0.59429			6
2026.06.02	00:58:28.485	0.59311	0.59428			6
2026.06.02	00:58:28.790	0.59312	0.59429			6
2026.06.02	00:58:29.393	0.59296	0.59428			6
2026.06.02	00:58:29.691	0.59304				2
2026.06.02	00:58:29.995	0.59311	0.59429			6
2026.06.02	00:58:30.291	0.59307				2
2026.06.02	00:58:30.593	0.59309				2
2026.06.02	00:58:31.200	0.59307				2
2026.06.02	00:58:31.496	0.59295	0.59425			6
2026.06.02	00:58:31.796	0.59307	0.59426			6
2026.06.02	00:58:32.096	0.59309	0.59429			6
2026.06.02	00:58:32.395	0.59310				2
2026.06.02	00:58:32.696	0.59308	0.59427			6
2026.06.02	00:58:32.996	0.59307	0.59428			6
2026.06.02	00:58:33.295	0.59305	0.59424			6
2026.06.02	00:58:33.596	0.59309	0.59428			6
2026.06.02	00:58:33.896		0.59430			4
2026.06.02	00:58:34.196	0.59308				2
2026.06.02	00:58:34.496	0.59309	0.59426			6
2026.06.02	00:58:34.801	0.59308	0.59416			6
2026.06.02	00:58:35.102	0.59296				2
2026.06.02	00:58:35.403	0.59307	0.59423			6
2026.06.02	00:58:35.700	0.59308				2
2026.06.02	00:58:36.902	0.59296	0.59417			6
2026.06.02	00:58:37.201		0.59416			4
2026.06.02	00:58:37.507	0.59309	0.59423			6
2026.06.02	00:58:37.802	0.59305	0.59425			6
2026.06.02	00:58:38.107	0.59308				2
2026.06.02	00:58:38.404	0.59309				2
2026.06.02	00:58:38.707	0.59306				2
2026.06.02	00:58:39.010	0.59308				2
2026.06.02	00:58:39.306	0.59306				2
2026.06.02	00:58:39.611	0.59308				2
2026.06.02	00:58:39.908	0.59307				2
2026.06.02	00:58:40.511	0.59309				2
2026.06.02	00:58:40.815	0.59305				2
2026.06.02	00:58:41.112	0.59311				2
2026.06.02	00:58:42.316	0.59308	0.59426			6
2026.06.02	00:58:42.917	0.59313				2
2026.06.02	00:58:43.216	0.59303				2
2026.06.02	00:58:43.512	0.59313	0.59424			6
2026.06.02	00:58:43.815	0.59304	0.59427			6
2026.06.02	00:58:44.119	0.59310				2
2026.06.02	00:58:44.414	0.59312				2
2026.06.02	00:58:45.624	0.59313	0.59429			6
2026.06.02	00:58:45.920	0.59312				2
2026.06.02	00:58:46.225	0.59313				2
2026.06.02	00:58:46.521	0.59312				2
2026.06.02	00:58:47.724	0.59302				2
2026.06.02	00:58:48.021	0.59304				2
2026.06.02	00:58:48.320	0.59312				2
2026.06.02	00:58:48.927	0.59307				2
2026.06.02	00:58:49.226	0.59304				2
2026.06.02	00:58:49.522	0.59305				2
2026.06.02	00:58:49.826	0.59318	0.59428			6
2026.06.02	00:58:50.127		0.59429			4
2026.06.02	00:58:51.631	0.59307	0.59428			6
2026.06.02	00:58:51.926	0.59306				2
2026.06.02	00:58:52.230	0.59319				2
2026.06.02	00:58:53.735	0.59317				2
2026.06.02	00:58:54.028	0.59319	0.59429			6
2026.06.02	00:58:54.634	0.59318				2
2026.06.02	00:58:54.931	0.59315				2
2026.06.02	00:58:55.837	0.59316				2
2026.06.02	00:58:56.136	0.59317				2
2026.06.02	00:58:56.432	0.59312	0.59431			6
2026.06.02	00:58:57.632	0.59313	0.59430			6
2026.06.02	00:58:57.932	0.59317				2
2026.06.02	00:58:58.231		0.59429			4
2026.06.02	00:58:58.537	0.59308	0.59422			6
2026.06.02	00:58:58.832	0.59317	0.59426			6
2026.06.02	00:58:59.735	0.59311				2
2026.06.02	00:59:00.038	0.59311				2
2026.06.02	00:59:00.335	0.59312	0.59428			6
2026.06.02	00:59:00.635	0.59311				2
2026.06.02	00:59:05.148	0.59319				2
2026.06.02	00:59:09.958	0.59308				2
2026.06.02	00:59:10.253	0.59313	0.59423			6
2026.06.02	00:59:12.961	0.59308	0.59408			6
2026.06.02	00:59:13.260	0.59318	0.59412			6
2026.06.02	00:59:13.556		0.59421			4
2026.06.02	00:59:14.463	0.59329	0.59423			6
2026.06.02	00:59:15.362		0.59421			4
2026.06.02	00:59:15.663		0.59423			4
2026.06.02	00:59:16.259		0.59422			4
2026.06.02	00:59:18.665		0.59423			4
2026.06.02	00:59:19.267		0.59420			4
2026.06.02	00:59:24.683		0.59423			4
2026.06.02	00:59:33.408		0.59425			4
2026.06.02	00:59:52.650	0.59328				2
2026.06.02	01:00:00.164	0.59330	0.59419			6
2026.06.02	01:00:00.760	0.59328	0.59431			6
2026.06.02	01:00:01.060	0.59326	0.59439			6
2026.06.02	01:00:01.360	0.59341	0.59440			6
2026.06.02	01:00:01.660	0.59343	0.59441			6
2026.06.02	01:00:01.960	0.59352	0.59434			6
2026.06.02	01:00:02.261	0.59339	0.59432			6
2026.06.02	01:00:02.561		0.59437			4
2026.06.02	01:00:02.863		0.59434			4
2026.06.02	01:00:03.161	0.59334	0.59441			6
2026.06.02	01:00:03.462	0.59323	0.59422			6
2026.06.02	01:00:04.367	0.59324				2
2026.06.02	01:00:04.665	0.59330	0.59418			6
2026.06.02	01:00:04.964	0.59326	0.59401			6
2026.06.02	01:00:05.265	0.59333	0.59406			6
2026.06.02	01:00:06.169		0.59404			4
2026.06.02	01:00:07.371		0.59407			4
2026.06.02	01:00:10.067		0.59402			4
2026.06.02	01:00:10.669		0.59399			4
2026.06.02	01:00:12.472		0.59396			4
2026.06.02	01:00:13.077		0.59395			4
2026.06.02	01:00:13.374	0.59320	0.59401			6
2026.06.02	01:00:13.680		0.59403			4
2026.06.02	01:00:13.977	0.59321				2
2026.06.02	01:00:14.280	0.59323	0.59400			6
2026.06.02	01:00:15.178		0.59401			4
2026.06.02	01:00:15.483		0.59399			4
2026.06.02	01:00:15.777	0.59324	0.59396			6
2026.06.02	01:00:16.382		0.59397			4
2026.06.02	01:00:17.583	0.59323	0.59395			6
2026.06.02	01:00:21.486		0.59394			4
2026.06.02	01:00:22.087	0.59325	0.59395			6
2026.06.02	01:00:26.291	0.59328				2
2026.06.02	01:00:28.092		0.59393			4
2026.06.02	01:00:29.888		0.59391			4
2026.06.02	01:00:31.390	0.59329	0.59389			6
2026.06.02	01:00:31.992	0.59335	0.59388			6
2026.06.02	01:00:42.804		0.59386			4
2026.06.02	01:00:46.408	0.59331				2
2026.06.02	01:00:47.311	0.59334	0.59384			6
2026.06.02	01:00:48.813	0.59335	0.59383			6
2026.06.02	01:00:51.217	0.59338				2
2026.06.02	01:00:53.020		0.59381			4
2026.06.02	01:01:00.222	0.59340	0.59379			6
2026.06.02	01:01:01.424	0.59341	0.59378			6
2026.06.02	01:01:03.827		0.59381			4
2026.06.02	01:01:04.127		0.59379			4
2026.06.02	01:01:04.428	0.59345	0.59368			6
2026.06.02	01:01:04.727	0.59348	0.59351			6
2026.06.02	01:01:07.133	0.59351	0.59352			6
2026.06.02	01:01:07.431	0.59349	0.59351			6
2026.06.02	01:01:11.040		0.59350			4
2026.06.02	01:01:12.543		0.59352			4
2026.06.02	01:01:12.838	0.59350	0.59353			6
2026.06.02	01:01:13.442	0.59351				2
2026.06.02	01:01:14.941		0.59354			4
2026.06.02	01:01:20.653		0.59352			4
2026.06.02	01:01:22.151		0.59353			4
2026.06.02	01:01:26.963		0.59352			4
2026.06.02	01:01:47.395	0.59350	0.59351			6
2026.06.02	01:01:52.210	0.59346	0.59349			6
2026.06.02	01:01:52.509		0.59348			4
2026.06.02	01:01:52.809		0.59349			4
2026.06.02	01:01:56.419	0.59343	0.59346			6
2026.06.02	01:01:56.717	0.59341	0.59344			6
2026.06.02	01:01:57.317	0.59340	0.59343			6
2026.06.02	01:01:59.120	0.59339	0.59342			6
2026.06.02	01:02:00.020	0.59339				2
2026.06.02	01:02:00.923	0.59340	0.59343			6
2026.06.02	01:02:03.022	0.59341	0.59344			6
2026.06.02	01:02:05.126	0.59340	0.59343			6
2026.06.02	01:02:09.341	0.59338	0.59341			6
2026.06.02	01:02:10.542	0.59337	0.59340			6
2026.06.02	01:02:14.450	0.59338	0.59341			6
2026.06.02	01:02:15.049	0.59336	0.59339			6
2026.06.02	01:02:20.459	0.59335	0.59338			6
2026.06.02	01:02:24.360	0.59334	0.59337			6
2026.06.02	01:02:24.964	0.59332	0.59333			6
2026.06.02	01:02:25.563	0.59333	0.59334			6
2026.06.02	01:02:25.863	0.59332	0.59333			6
2026.06.02	01:02:26.162	0.59333	0.59334			6
2026.06.02	01:02:26.462	0.59336	0.59339			6
2026.06.02	01:02:27.064	0.59332	0.59333			6
2026.06.02	01:02:27.666	0.59333	0.59335			6
2026.06.02	01:02:27.964	0.59334	0.59337			6
2026.06.02	01:02:28.266	0.59336	0.59339			6
2026.06.02	01:02:28.566	0.59337	0.59340			6
2026.06.02	01:02:28.869	0.59332	0.59333			6
2026.06.02	01:02:29.170	0.59328	0.59329			6
2026.06.02	01:02:29.472		0.59331			4
2026.06.02	01:02:29.768		0.59332			4
2026.06.02	01:02:30.068		0.59333			4
2026.06.02	01:02:30.369	0.59332	0.59337			6
2026.06.02	01:02:30.674	0.59333	0.59338			6
2026.06.02	01:02:30.970	0.59328	0.59329			6
2026.06.02	01:02:31.270	0.59329	0.59330			6
2026.06.02	01:02:31.572		0.59331			4
2026.06.02	01:02:31.874		0.59330			4
2026.06.02	01:02:32.173		0.59331			4
2026.06.02	01:02:32.476	0.59332	0.59335			6
2026.06.02	01:02:32.772	0.59335	0.59338			6
2026.06.02	01:02:33.076	0.59329	0.59330			6
2026.06.02	01:02:33.373	0.59328	0.59329			6
2026.06.02	01:02:33.674	0.59330	0.59331			6
2026.06.02	01:02:33.978	0.59332	0.59335			6
2026.06.02	01:02:34.278	0.59335	0.59338			6
2026.06.02	01:02:34.575	0.59329	0.59330			6
2026.06.02	01:02:35.177	0.59330	0.59331			6
2026.06.02	01:02:35.480		0.59332			4
2026.06.02	01:02:35.782	0.59331	0.59334			6
2026.06.02	01:02:36.082	0.59333	0.59336			6
2026.06.02	01:02:36.377	0.59336	0.59339			6
2026.06.02	01:02:36.677	0.59338	0.59341			6
2026.06.02	01:02:36.977	0.59328	0.59329			6
2026.06.02	01:02:37.282	0.59329	0.59330			6
2026.06.02	01:02:37.579	0.59330	0.59332			6
2026.06.02	01:02:37.882	0.59331	0.59334			6
2026.06.02	01:02:38.180	0.59333	0.59336			6
2026.06.02	01:02:38.483	0.59336	0.59339			6
2026.06.02	01:02:38.778	0.59338	0.59341			6
2026.06.02	01:02:39.080	0.59328	0.59329			6
2026.06.02	01:02:39.684	0.59330	0.59332			6
2026.06.02	01:02:39.985	0.59331	0.59334			6
2026.06.02	01:02:40.286	0.59333	0.59336			6
2026.06.02	01:02:40.581	0.59336	0.59339			6
2026.06.02	01:02:40.886	0.59329	0.59330			6
2026.06.02	01:02:41.788	0.59330	0.59331			6
2026.06.02	01:02:42.088	0.59331	0.59334			6
2026.06.02	01:02:42.388	0.59333	0.59336			6
2026.06.02	01:02:42.684	0.59337	0.59340			6
2026.06.02	01:02:42.984	0.59328	0.59329			6
2026.06.02	01:02:43.589	0.59330	0.59331			6
2026.06.02	01:02:43.890	0.59331	0.59334			6
2026.06.02	01:02:44.185	0.59333	0.59336			6
2026.06.02	01:02:44.490	0.59339	0.59342			6
2026.06.02	01:02:44.786	0.59341	0.59344			6
2026.06.02	01:02:45.687		0.59345			4
2026.06.02	01:02:46.892	0.59340	0.59344			6
2026.06.02	01:02:47.193	0.59337				2
2026.06.02	01:02:47.791	0.59341				2
2026.06.02	01:02:56.812	0.59340	0.59343			6
2026.06.02	01:03:00.122	0.59340				2
2026.06.02	01:03:00.424	0.59337	0.59340			6
2026.06.02	01:03:04.333	0.59335	0.59338			6
2026.06.02	01:03:04.633	0.59333	0.59336			6
2026.06.02	01:03:05.530	0.59332	0.59335			6
2026.06.02	01:03:05.836	0.59331	0.59334			6
2026.06.02	01:03:06.135	0.59329	0.59332			6
2026.06.02	01:03:06.437	0.59328	0.59331			6
2026.06.02	01:03:06.734	0.59334	0.59337			6
2026.06.02	01:03:07.338	0.59335	0.59338			6
2026.06.02	01:03:27.165	0.59334	0.59337			6
2026.06.02	01:03:27.470	0.59332	0.59335			6
2026.06.02	01:03:27.766	0.59331	0.59334			6
2026.06.02	01:03:28.070	0.59329	0.59332			6
2026.06.02	01:03:28.369	0.59335	0.59338			6
2026.06.02	01:03:28.672	0.59333	0.59336			6
2026.06.02	01:03:29.272	0.59331	0.59334			6
2026.06.02	01:03:29.570	0.59330	0.59333			6
2026.06.02	01:03:29.873	0.59328	0.59331			6
2026.06.02	01:03:30.168	0.59334	0.59337			6
2026.06.02	01:03:30.468	0.59333	0.59336			6
2026.06.02	01:03:31.069	0.59332	0.59335			6
2026.06.02	01:03:31.370	0.59330	0.59333			6
2026.06.02	01:03:31.669	0.59334	0.59337			6
2026.06.02	01:03:32.274	0.59333	0.59336			6
2026.06.02	01:03:32.571	0.59332	0.59335			6
2026.06.02	01:03:32.874	0.59334	0.59337			6
2026.06.02	01:03:33.175	0.59333	0.59336			6
2026.06.02	01:03:33.776	0.59331	0.59334			6
2026.06.02	01:03:34.076	0.59330	0.59333			6
2026.06.02	01:03:34.376	0.59335	0.59338			6
2026.06.02	01:03:34.672	0.59333	0.59336			6
2026.06.02	01:03:35.277	0.59332	0.59335			6
2026.06.02	01:03:35.578	0.59331	0.59334			6
2026.06.02	01:03:35.873	0.59329	0.59332			6
2026.06.02	01:03:36.175	0.59334	0.59337			6
2026.06.02	01:03:36.479	0.59333	0.59336			6
2026.06.02	01:03:37.082	0.59332	0.59335			6
2026.06.02	01:03:37.378	0.59331	0.59334			6
2026.06.02	01:03:37.683	0.59334	0.59337			6
2026.06.02	01:03:38.282	0.59333	0.59336			6
2026.06.02	01:03:38.582	0.59332	0.59335			6
2026.06.02	01:03:38.883	0.59331	0.59334			6
2026.06.02	01:03:39.183	0.59329	0.59332			6
2026.06.02	01:03:39.478	0.59334	0.59337			6
2026.06.02	01:03:39.785	0.59333	0.59336			6
2026.06.02	01:03:40.380	0.59332	0.59335			6
2026.06.02	01:03:40.680	0.59330	0.59333			6
2026.06.02	01:03:40.981	0.59335	0.59338			6
2026.06.02	01:03:41.285	0.59332	0.59335			6
2026.06.02	01:03:41.580	0.59333	0.59336			6
2026.06.02	01:03:42.183	0.59331	0.59334			6
2026.06.02	01:03:42.486	0.59335	0.59338			6
2026.06.02	01:03:42.784	0.59334	0.59337			6
2026.06.02	01:03:43.385	0.59333	0.59336			6
2026.06.02	01:03:43.688	0.59332	0.59335			6
2026.06.02	01:03:43.986	0.59335	0.59338			6
2026.06.02	01:04:00.216	0.59335				2
2026.06.02	01:04:23.650	0.59337	0.59340			6
2026.06.02	01:04:23.954	0.59336	0.59339			6
2026.06.02	01:04:30.862	0.59338	0.59341			6
2026.06.02	01:04:34.467	0.59339	0.59342			6
2026.06.02	01:04:35.371	0.59338	0.59341			6
2026.06.02	01:04:35.669	0.59336	0.59339			6
2026.06.02	01:04:56.411	0.59337	0.59340			6
2026.06.02	01:04:56.708	0.59336	0.59339			6
2026.06.02	01:04:57.009	0.59335	0.59338			6
2026.06.02	01:04:57.307	0.59333	0.59336			6
2026.06.02	01:04:57.608	0.59332	0.59335			6
2026.06.02	01:04:57.907	0.59342	0.59345			6
2026.06.02	01:04:58.507	0.59344	0.59347			6
2026.06.02	01:05:00.012	0.59344				2
2026.06.02	01:05:00.315	0.59343	0.59346			6
2026.06.02	01:05:00.614	0.59344	0.59347			6
2026.06.02	01:05:04.521	0.59345	0.59348			6
2026.06.02	01:05:13.229	0.59344	0.59347			6
2026.06.02	01:05:18.040	0.59343	0.59346			6
2026.06.02	01:05:18.643	0.59344				2
2026.06.02	01:05:22.850	0.59343				2
2026.06.02	01:05:27.355	0.59344				2
2026.06.02	01:05:30.055	0.59347	0.59348			6
2026.06.02	01:05:30.357	0.59346	0.59349			6
2026.06.02	01:05:30.655	0.59345	0.59348			6
2026.06.02	01:05:34.860	0.59344	0.59347			6
2026.06.02	01:05:39.369	0.59341	0.59344			6
2026.06.02	01:05:39.665	0.59347	0.59349			6
2026.06.02	01:05:39.969	0.59345	0.59348			6
2026.06.02	01:05:40.570	0.59347	0.59350			6
2026.06.02	01:05:40.867	0.59349	0.59352			6
2026.06.02	01:05:41.168	0.59351	0.59354			6
2026.06.02	01:05:42.073	0.59350	0.59353			6
2026.06.02	01:05:42.368	0.59347	0.59350			6
2026.06.02	01:05:42.671	0.59345	0.59348			6
2026.06.02	01:05:42.973	0.59351	0.59354			6
2026.06.02	01:05:43.274	0.59349	0.59352			6
2026.06.02	01:05:43.573	0.59350	0.59353			6
2026.06.02	01:05:44.776	0.59345	0.59348			6
2026.06.02	01:05:45.073	0.59344	0.59347			6
2026.06.02	01:05:45.379	0.59345	0.59348			6
2026.06.02	01:05:45.679	0.59344	0.59347			6
2026.06.02	01:05:45.978	0.59342	0.59345			6
2026.06.02	01:05:46.274	0.59348	0.59350			6
2026.06.02	01:05:46.574	0.59347				2
2026.06.02	01:05:46.879	0.59345	0.59348			6
2026.06.02	01:05:47.178	0.59344	0.59347			6
2026.06.02	01:05:47.478	0.59342	0.59345			6
2026.06.02	01:05:47.778	0.59348	0.59350			6
2026.06.02	01:05:51.384		0.59351			4
2026.06.02	01:05:52.582	0.59347				2
2026.06.02	01:05:54.689	0.59348				2
2026.06.02	01:05:56.490	0.59346	0.59349			6
2026.06.02	01:06:00.098	0.59346				2
2026.06.02	01:06:07.002	0.59345	0.59348			6
2026.06.02	01:06:08.809	0.59346	0.59349			6
2026.06.02	01:06:09.113	0.59345	0.59348			6
2026.06.02	01:06:10.011	0.59346	0.59349			6
2026.06.02	01:06:10.314	0.59345	0.59348			6
2026.06.02	01:06:16.322	0.59346	0.59349			6
2026.06.02	01:06:16.928	0.59344	0.59347			6
2026.06.02	01:06:17.532	0.59341	0.59344			6
2026.06.02	01:06:19.929	0.59343	0.59346			6
2026.06.02	01:06:20.234	0.59342	0.59345			6
2026.06.02	01:06:20.535	0.59347	0.59350			6
2026.06.02	01:06:20.832	0.59348				2
2026.06.02	01:06:21.138	0.59350	0.59351			6
2026.06.02	01:06:21.734	0.59346	0.59349			6
2026.06.02	01:06:22.035	0.59342	0.59345			6
2026.06.02	01:06:22.334	0.59344	0.59347			6
2026.06.02	01:06:22.635	0.59343	0.59346			6
2026.06.02	01:06:23.238	0.59348	0.59350			6
2026.06.02	01:06:23.540	0.59347				2
2026.06.02	01:06:23.838	0.59344	0.59347			6
2026.06.02	01:06:25.943	0.59335	0.59338			6
2026.06.02	01:06:26.242	0.59336	0.59339			6
2026.06.02	01:06:26.542	0.59337	0.59340			6
2026.06.02	01:06:26.847	0.59338	0.59341			6
2026.06.02	01:06:27.144	0.59335	0.59338			6
2026.06.02	01:06:27.446	0.59341	0.59342			6
2026.06.02	01:06:27.747	0.59339	0.59341			6
2026.06.02	01:06:28.047		0.59340			4
2026.06.02	01:06:28.349	0.59333	0.59336			6
2026.06.02	01:06:28.650	0.59334	0.59337			6
2026.06.02	01:06:28.950	0.59333	0.59336			6
2026.06.02	01:06:29.250	0.59339	0.59341			6
2026.06.02	01:06:29.552	0.59338				2
2026.06.02	01:06:30.151	0.59336	0.59339			6
2026.06.02	01:06:49.679	0.59335	0.59338			6
2026.06.02	01:06:49.983	0.59331	0.59334			6
2026.06.02	01:06:50.278	0.59333	0.59336			6
2026.06.02	01:06:50.583	0.59334	0.59337			6
2026.06.02	01:07:00.206	0.59334				2
2026.06.02	01:07:01.409	0.59333	0.59336			6
2026.06.02	01:07:01.705	0.59337	0.59340			6
2026.06.02	01:07:02.611	0.59335	0.59338			6
2026.06.02	01:07:02.909	0.59334	0.59337			6
2026.06.02	01:07:03.212	0.59340	0.59341			6
2026.06.02	01:07:03.514	0.59338	0.59340			6
2026.06.02	01:07:03.815	0.59337				2
2026.06.02	01:07:04.116	0.59332	0.59335			6
2026.06.02	01:07:04.413	0.59333	0.59334			6
2026.06.02	01:07:09.222	0.59332				2
2026.06.02	01:07:09.527	0.59331				2
2026.06.02	01:07:09.823	0.59329	0.59332			6
2026.06.02	01:07:10.123	0.59327	0.59330			6
2026.06.02	01:07:10.423	0.59329	0.59332			6
2026.06.02	01:07:11.931	0.59336	0.59337			6
2026.06.02	01:07:12.226	0.59338	0.59339			6
2026.06.02	01:07:12.528	0.59335	0.59336			6
2026.06.02	01:07:12.832	0.59333				2
2026.06.02	01:07:13.730	0.59332	0.59335			6
2026.06.02	01:07:14.030	0.59331	0.59334			6
2026.06.02	01:07:14.330	0.59338	0.59339			6
2026.06.02	01:07:14.932	0.59334	0.59337			6
2026.06.02	01:07:15.534	0.59332	0.59335			6
2026.06.02	01:07:15.837	0.59339	0.59340			6
2026.06.02	01:07:16.135	0.59329	0.59332			6
2026.06.02	01:07:16.437	0.59338	0.59339			6
2026.06.02	01:07:16.736	0.59336	0.59338			6
2026.06.02	01:07:17.040	0.59334	0.59337			6
2026.06.02	01:07:17.636	0.59332	0.59335			6
2026.06.02	01:07:26.650	0.59333	0.59336			6
2026.06.02	01:07:32.056	0.59332	0.59335			6
2026.06.02	01:07:38.366	0.59333	0.59336			6
2026.06.02	01:07:38.666	0.59340	0.59341			6
2026.06.02	01:07:40.172	0.59341	0.59342			6
2026.06.02	01:07:40.770	0.59342	0.59343			6
2026.06.02	01:07:48.581	0.59343	0.59344			6
2026.06.02	01:07:48.887	0.59342	0.59343			6
2026.06.02	01:07:49.185	0.59343	0.59344			6
2026.06.02	01:07:50.085	0.59344	0.59345			6
2026.06.02	01:07:50.385	0.59343	0.59344			6
2026.06.02	01:07:50.686	0.59341	0.59343			6
2026.06.02	01:07:53.095		0.59344			4
2026.06.02	01:07:53.391	0.59342				2
2026.06.02	01:07:53.691	0.59343				2
2026.06.02	01:08:00.001	0.59343				2
2026.06.02	01:08:00.901	0.59345	0.59346			6
2026.06.02	01:08:01.807	0.59346	0.59347			6
2026.06.02	01:08:02.107	0.59345	0.59346			6
2026.06.02	01:08:04.508	0.59344	0.59345			6
2026.06.02	01:08:06.313	0.59345	0.59346			6
2026.06.02	01:08:11.113	0.59344	0.59345			6
2026.06.02	01:08:14.418	0.59336	0.59339			6
2026.06.02	01:08:14.717	0.59338	0.59341			6
2026.06.02	01:08:15.019	0.59342	0.59344			6
2026.06.02	01:08:15.321	0.59343				2
2026.06.02	01:08:15.624	0.59344	0.59345			6
2026.06.02	01:08:15.921	0.59341	0.59344			6
2026.06.02	01:08:16.223	0.59343				2
2026.06.02	01:08:16.522	0.59344	0.59345			6
2026.06.02	01:08:16.826	0.59336	0.59337			6
2026.06.02	01:08:17.123	0.59338	0.59341			6
2026.06.02	01:08:17.722	0.59341	0.59344			6
2026.06.02	01:08:18.029	0.59343	0.59346			6
2026.06.02	01:08:18.324	0.59345				2
2026.06.02	01:08:18.625	0.59343	0.59344			6
2026.06.02	01:08:18.925	0.59339	0.59342			6
2026.06.02	01:08:19.832	0.59341	0.59344			6
2026.06.02	01:08:20.130	0.59342	0.59345			6
2026.06.02	01:08:20.435	0.59344	0.59347			6
2026.06.02	01:08:20.734	0.59336	0.59338			6
2026.06.02	01:08:21.031	0.59337	0.59340			6
2026.06.02	01:08:21.631	0.59338	0.59341			6
2026.06.02	01:08:21.936	0.59340	0.59343			6
2026.06.02	01:08:22.232	0.59342	0.59345			6
2026.06.02	01:08:22.532	0.59344				2
2026.06.02	01:08:22.836	0.59337	0.59340			6
2026.06.02	01:08:23.738	0.59338	0.59341			6
2026.06.02	01:08:24.036	0.59340	0.59343			6
2026.06.02	01:08:36.360	0.59341	0.59344			6
2026.06.02	01:08:42.671	0.59340	0.59343			6
2026.06.02	01:08:42.970	0.59338	0.59341			6
2026.06.02	01:08:44.173	0.59339	0.59342			6
2026.06.02	01:08:49.278	0.59340	0.59343			6
2026.06.02	01:08:53.181	0.59339	0.59342			6
2026.06.02	01:08:55.284	0.59341	0.59344			6
2026.06.02	01:08:55.885	0.59342				2
2026.06.02	01:08:56.194	0.59343				2
2026.06.02	01:08:56.490	0.59342				2
2026.06.02	01:08:56.795	0.59339				2
2026.06.02	01:08:58.900	0.59342				2
2026.06.02	01:09:00.103	0.59342				2
2026.06.02	01:09:00.403	0.59343				2
2026.06.02	01:09:02.206	0.59342				2
2026.06.02	01:09:03.111	0.59341				2
2026.06.02	01:09:08.517	0.59343				2
2026.06.02	01:09:11.513	0.59342				2
2026.06.02	01:09:14.522	0.59343				2
2026.06.02	01:09:16.930	0.59342				2
2026.06.02	01:09:36.164	0.59343				2
2026.06.02	01:09:36.461	0.59344	0.59345			6
2026.06.02	01:09:37.061	0.59343	0.59344			6
2026.06.02	01:09:45.475	0.59340	0.59341			6
2026.06.02	01:09:48.478	0.59341	0.59342			6
2026.06.02	01:09:56.888	0.59344	0.59345			6
2026.06.02	01:09:57.186	0.59345	0.59346			6
2026.06.02	01:10:00.201	0.59345				2
2026.06.02	01:10:05.606	0.59344	0.59345			6
2026.06.02	01:10:07.114	0.59345	0.59346			6
2026.06.02	01:10:26.656	0.59343	0.59344			6
2026.06.02	01:10:35.380	0.59345	0.59347			6
2026.06.02	01:10:35.679	0.59346	0.59348			6
2026.06.02	01:10:35.980	0.59347	0.59349			6
2026.06.02	01:10:36.279	0.59346				2
2026.06.02	01:11:00.026	0.59346				2
2026.06.02	01:11:31.275		0.59348			4
2026.06.02	01:11:35.781	0.59347	0.59349			6
2026.06.02	01:12:00.133	0.59347				2
2026.06.02	01:12:35.907		0.59349			4
2026.06.02	01:12:38.019	0.59348	0.59350			6
2026.06.02	01:12:45.537	0.59341	0.59343			6
2026.06.02	01:12:45.837	0.59340	0.59342			6
2026.06.02	01:12:46.137		0.59343			4
2026.06.02	01:12:47.942	0.59341	0.59344			6
2026.06.02	01:12:54.249	0.59342	0.59345			6
2026.06.02	01:12:54.551	0.59341	0.59344			6
2026.06.02	01:12:55.753	0.59340	0.59343			6
2026.06.02	01:13:00.265	0.59340				2
2026.06.02	01:13:08.674	0.59339	0.59342			6
2026.06.02	01:13:14.681	0.59340	0.59343			6
2026.06.02	01:13:22.193	0.59342	0.59345			6
2026.06.02	01:13:22.794	0.59341	0.59344			6
2026.06.02	01:13:26.704	0.59342	0.59345			6
2026.06.02	01:13:49.251	0.59343	0.59346			6
2026.06.02	01:13:49.554	0.59342	0.59345			6
2026.06.02	01:13:56.769	0.59343	0.59346			6
2026.06.02	01:13:57.068	0.59341	0.59344			6
2026.06.02	01:14:00.079	0.59341				2
2026.06.02	01:14:00.978	0.59342	0.59345			6
2026.06.02	01:14:07.592	0.59341	0.59344			6
2026.06.02	01:14:24.442	0.59342	0.59345			6
2026.06.02	01:14:50.298		0.59344			4
2026.06.02	01:15:00.235	0.59342				2
2026.06.02	01:15:12.257	0.59346	0.59347			6
2026.06.02	01:15:12.854	0.59342	0.59344			6
2026.06.02	01:15:13.158	0.59346	0.59347			6
2026.06.02	01:15:13.459	0.59342	0.59344			6
2026.06.02	01:15:13.759	0.59346	0.59347			6
2026.06.02	01:15:14.360	0.59342	0.59344			6
2026.06.02	01:15:14.656	0.59346	0.59347			6
2026.06.02	01:15:14.962	0.59342	0.59344			6
2026.06.02	01:15:15.263	0.59346	0.59347			6
2026.06.02	01:15:15.564	0.59342	0.59344			6
2026.06.02	01:15:32.102	0.59341	0.59343			6
2026.06.02	01:15:35.708	0.59342	0.59344			6
2026.06.02	01:15:36.010	0.59343	0.59345			6
2026.06.02	01:16:00.054	0.59343				2
2026.06.02	01:16:01.260	0.59342	0.59344			6
2026.06.02	01:16:04.863	0.59343	0.59345			6
2026.06.02	01:16:14.778	0.59342	0.59344			6
2026.06.02	01:16:18.087	0.59341	0.59343			6
2026.06.02	01:16:37.027	0.59339	0.59341			6
2026.06.02	01:16:38.229		0.59342			4
2026.06.02	01:16:39.133		0.59341			4
2026.06.02	01:16:41.238	0.59341	0.59343			6
2026.06.02	01:16:42.138	0.59340				2
2026.06.02	01:16:43.942	0.59339	0.59342			6
2026.06.02	01:17:00.165	0.59339				2
2026.06.02	01:17:01.669	0.59340	0.59343			6
2026.06.02	01:17:02.267	0.59342				2
2026.06.02	01:17:02.871	0.59340				2
2026.06.02	01:17:10.385		0.59342			4
2026.06.02	01:17:11.287	0.59341	0.59343			6
2026.06.02	01:17:12.189		0.59344			4
2026.06.02	01:17:12.790	0.59342				2
2026.06.02	01:17:13.088	0.59341				2
2026.06.02	01:17:13.390	0.59342				2
2026.06.02	01:17:14.294	0.59341				2
2026.06.02	01:17:28.121	0.59340	0.59343			6
2026.06.02	01:17:37.138	0.59341				2
2026.06.02	01:17:42.256	0.59342	0.59344			6
2026.06.02	01:17:42.554	0.59341	0.59343			6
2026.06.02	01:17:42.855	0.59343	0.59345			6
2026.06.02	01:17:43.156		0.59346			4
2026.06.02	01:18:00.279	0.59343				2
2026.06.02	01:18:13.804	0.59344	0.59347			6
2026.06.02	01:18:16.810	0.59342	0.59345			6
2026.06.02	01:18:48.655	0.59341	0.59344			6
2026.06.02	01:19:00.074	0.59341				2
2026.06.02	01:19:03.982	0.59345	0.59348			6
2026.06.02	01:19:04.582	0.59344	0.59347			6
2026.06.02	01:19:09.994	0.59345	0.59348			6
2026.06.02	01:19:10.591	0.59344	0.59347			6
2026.06.02	01:19:30.438	0.59341	0.59344			6
2026.06.02	01:19:30.738	0.59340	0.59343			6
2026.06.02	01:19:37.952	0.59341	0.59344			6
2026.06.02	01:20:00.177	0.59341				2
2026.06.02	01:20:22.132	0.59343	0.59346			6
2026.06.02	01:20:23.034	0.59344	0.59347			6
2026.06.02	01:20:27.247	0.59349	0.59352			6
2026.06.02	01:20:27.542	0.59347	0.59350			6
2026.06.02	01:20:27.847	0.59344	0.59347			6
2026.06.02	01:20:34.763	0.59345	0.59348			6
2026.06.02	01:20:35.965	0.59344	0.59347			6
2026.06.02	01:20:36.569	0.59345	0.59348			6
2026.06.02	01:20:38.970	0.59344	0.59347			6
2026.06.02	01:21:00.011	0.59344				2
2026.06.02	01:21:01.815	0.59343	0.59346			6
2026.06.02	01:21:02.117	0.59341	0.59344			6
2026.06.02	01:21:03.018	0.59342	0.59345			6
2026.06.02	01:21:07.529	0.59341	0.59344			6
2026.06.02	01:21:07.831	0.59340	0.59343			6
2026.06.02	01:21:09.031	0.59341	0.59344			6
2026.06.02	01:21:10.831	0.59340	0.59343			6
2026.06.02	01:21:19.550	0.59339	0.59342			6
2026.06.02	01:21:28.862	0.59340	0.59343			6
2026.06.02	01:21:44.790	0.59339	0.59342			6
2026.06.02	01:21:53.504	0.59340	0.59343			6
2026.06.02	01:22:00.117	0.59340				2
2026.06.02	01:22:12.444	0.59339	0.59342			6
2026.06.02	01:22:12.745	0.59337	0.59340			6
2026.06.02	01:22:13.045	0.59335	0.59338			6
2026.06.02	01:22:13.946	0.59334	0.59337			6
2026.06.02	01:22:14.244	0.59333				2
2026.06.02	01:22:14.547	0.59336	0.59340			6
2026.06.02	01:22:24.162	0.59335	0.59339			6
2026.06.02	01:22:25.062	0.59336	0.59340			6
2026.06.02	01:22:28.368	0.59337				2
2026.06.02	01:22:29.269	0.59336				2
2026.06.02	01:22:29.569	0.59335	0.59339			6
2026.06.02	01:22:30.168	0.59336	0.59340			6
2026.06.02	01:22:32.267	0.59335	0.59338			6
2026.06.02	01:22:33.169	0.59336	0.59339			6
2026.06.02	01:22:42.786	0.59337	0.59340			6
2026.06.02	01:22:44.589	0.59338	0.59341			6
2026.06.02	01:22:45.784	0.59339	0.59342			6
2026.06.02	01:23:00.219	0.59339				2
2026.06.02	01:23:05.338	0.59341	0.59344			6
2026.06.02	01:23:05.936	0.59340	0.59343			6
2026.06.02	01:23:07.742	0.59341	0.59344			6
2026.06.02	01:23:08.039	0.59340	0.59343			6
2026.06.02	01:23:11.047	0.59339	0.59342			6
2026.06.02	01:23:31.778	0.59341	0.59344			6
2026.06.02	01:23:32.376	0.59344	0.59345			6
2026.06.02	01:23:32.678	0.59341	0.59344			6
2026.06.02	01:23:33.281	0.59343	0.59346			6
2026.06.02	01:23:34.481	0.59344	0.59347			6
2026.06.02	01:23:39.883	0.59345	0.59348			6
2026.06.02	01:24:00.030	0.59344	0.59347			6
2026.06.02	01:24:00.332	0.59342	0.59345			6
2026.06.02	01:24:00.631	0.59343	0.59346			6
2026.06.02	01:24:01.234	0.59342				2
2026.06.02	01:24:11.154		0.59345			4
2026.06.02	01:24:13.258	0.59343	0.59346			6
2026.06.02	01:24:18.364	0.59344	0.59347			6
2026.06.02	01:24:29.181	0.59342	0.59345			6
2026.06.02	01:24:44.512	0.59343	0.59346			6
2026.06.02	01:24:55.040	0.59342	0.59345			6
2026.06.02	01:25:00.153	0.59342				2
2026.06.02	01:25:02.858	0.59343	0.59346			6
2026.06.02	01:25:07.667	0.59342	0.59345			6
2026.06.02	01:25:10.365	0.59341	0.59344			6
2026.06.02	01:25:23.590	0.59342	0.59345			6
2026.06.02	01:25:28.099	0.59341	0.59344			6
2026.06.02	01:25:40.729	0.59342	0.59345			6
2026.06.02	01:25:46.135		0.59344			4
2026.06.02	01:25:56.352		0.59343			4
2026.06.02	01:25:56.649		0.59344			4
2026.06.02	01:26:00.257	0.59342				2
2026.06.02	01:26:02.960	0.59341	0.59343			6
2026.06.02	01:26:07.468	0.59342	0.59344			6
2026.06.02	01:26:23.393	0.59341	0.59343			6
2026.06.02	01:26:32.417	0.59340	0.59342			6
2026.06.02	01:26:33.024	0.59341				2
2026.06.02	01:26:34.226	0.59340				2
2026.06.02	01:26:59.467	0.59341	0.59343			6
2026.06.02	01:27:00.064	0.59341				2
2026.06.02	01:27:29.838	0.59342	0.59344			6
2026.06.02	01:27:30.438	0.59341	0.59343			6
2026.06.02	01:27:34.648	0.59340	0.59342			6
2026.06.02	01:27:55.380	0.59342	0.59344			6
2026.06.02	01:27:58.982	0.59341	0.59343			6
2026.06.02	01:28:00.185	0.59341				2
2026.06.02	01:28:01.389	0.59342	0.59344			6
2026.06.02	01:28:01.695	0.59343	0.59345			6
2026.06.02	01:28:02.293		0.59346			4
2026.06.02	01:28:06.204	0.59342	0.59345			6
2026.06.02	01:28:06.505	0.59341	0.59344			6
2026.06.02	01:28:14.023	0.59342	0.59345			6
2026.06.02	01:28:26.647	0.59341	0.59344			6
2026.06.02	01:28:26.942	0.59342	0.59345			6
2026.06.02	01:28:27.245	0.59341	0.59344			6
2026.06.02	01:28:33.254	0.59342	0.59345			6
2026.06.02	01:28:48.272		0.59344			4
2026.06.02	01:29:00.004	0.59342				2
2026.06.02	01:29:02.412	0.59341	0.59343			6
2026.06.02	01:29:07.211	0.59339	0.59342			6
2026.06.02	01:29:07.510	0.59340	0.59343			6
2026.06.02	01:29:14.127	0.59341				2
2026.06.02	01:29:15.332	0.59340	0.59342			6
2026.06.02	01:29:19.236	0.59341	0.59343			6
2026.06.02	01:29:25.242	0.59340	0.59342			6
2026.06.02	01:29:28.849	0.59341	0.59343			6
2026.06.02	01:29:33.355	0.59340	0.59342			6
2026.06.02	01:29:39.961	0.59338	0.59340			6
2026.06.02	01:29:40.259	0.59339	0.59342			6
2026.06.02	01:29:41.461	0.59340	0.59343			6
2026.06.02	01:29:45.068	0.59333	0.59336			6
2026.06.02	01:29:45.369	0.59335	0.59339			6
2026.06.02	01:29:45.968	0.59334	0.59338			6
2026.06.02	01:30:00.113	0.59334	0.59337			6
2026.06.02	01:30:09.129	0.59336	0.59339			6
2026.06.02	01:30:09.427	0.59337	0.59340			6
2026.06.02	01:30:10.033	0.59338	0.59341			6
2026.06.02	01:30:10.329	0.59337				2
2026.06.02	01:30:13.336	0.59338	0.59342			6
2026.06.02	01:30:16.339	0.59339				2
2026.06.02	01:30:16.641	0.59337	0.59341			6
2026.06.02	01:30:18.747	0.59336	0.59340			6
2026.06.02	01:30:22.354	0.59337	0.59341			6
2026.06.02	01:30:25.658	0.59341	0.59342			6
2026.06.02	01:30:25.959	0.59337	0.59341			6
2026.06.02	01:30:26.860	0.59341	0.59342			6
2026.06.02	01:30:27.759	0.59337	0.59341			6
2026.06.02	01:30:28.362	0.59338				2
2026.06.02	01:30:28.664	0.59341	0.59342			6
2026.06.02	01:30:28.963	0.59338	0.59341			6
2026.06.02	01:30:54.802	0.59339	0.59342			6
2026.06.02	01:30:59.910	0.59340	0.59343			6
2026.06.02	01:31:00.209	0.59340				2
2026.06.02	01:31:00.813	0.59342	0.59345			6
2026.06.02	01:31:01.711		0.59344			4
2026.06.02	01:31:02.017	0.59341				2
2026.06.02	01:31:18.541	0.59344	0.59347			6
2026.06.02	01:31:22.149	0.59342	0.59345			6
2026.06.02	01:31:22.447	0.59344	0.59347			6
2026.06.02	01:31:23.346	0.59340	0.59344			6
2026.06.02	01:31:24.554	0.59341	0.59345			6
2026.06.02	01:31:30.864	0.59340	0.59344			6
2026.06.02	01:31:31.161		0.59343			4
2026.06.02	01:31:32.365		0.59344			4
2026.06.02	01:31:35.064	0.59339	0.59343			6
2026.06.02	01:31:37.166		0.59342			4
2026.06.02	01:31:39.879	0.59340	0.59343			6
2026.06.02	01:31:40.478	0.59339	0.59342			6
2026.06.02	01:31:41.079	0.59338	0.59341			6
2026.06.02	01:31:41.378	0.59337				2
2026.06.02	01:31:45.287	0.59338				2
2026.06.02	01:32:00.021	0.59338				2
2026.06.02	01:32:06.633	0.59340	0.59343			6
2026.06.02	01:32:22.562	0.59338	0.59341			6
2026.06.02	01:32:26.162	0.59339	0.59342			6
2026.06.02	01:32:26.465	0.59338	0.59341			6
2026.06.02	01:33:00.146	0.59338	0.59340			6
2026.06.02	01:33:05.557	0.59337	0.59339			6
2026.06.02	01:33:14.874	0.59336	0.59338			6
2026.06.02	01:33:16.374	0.59335				2
2026.06.02	01:33:18.778	0.59340	0.59343			6
2026.06.02	01:33:19.074	0.59341	0.59344			6
2026.06.02	01:33:20.274	0.59340				2
2026.06.02	01:33:28.401	0.59341	0.59345			6
2026.06.02	01:33:29.300	0.59340	0.59344			6
2026.06.02	01:33:29.903	0.59339	0.59343			6
2026.06.02	01:33:35.621	0.59340	0.59344			6
2026.06.02	01:33:53.059	0.59339	0.59343			6
2026.06.02	01:33:53.363	0.59340	0.59344			6
2026.06.02	01:33:59.067	0.59339	0.59343			6
2026.06.02	01:34:00.268	0.59339				2
2026.06.02	01:34:01.175	0.59340	0.59344			6
2026.06.02	01:34:01.472	0.59339	0.59343			6
2026.06.02	01:34:05.377	0.59340				2
2026.06.02	01:34:13.788	0.59341	0.59344			6
2026.06.02	01:34:37.258	0.59343	0.59346			6
2026.06.02	01:34:37.558	0.59344	0.59347			6
2026.06.02	01:34:56.779	0.59341	0.59344			6
2026.06.02	01:34:57.082	0.59342	0.59345			6
2026.06.02	01:34:57.382	0.59338	0.59342			6
2026.06.02	01:34:58.283	0.59339				2
2026.06.02	01:34:58.584	0.59338				2
2026.06.02	01:35:00.084	0.59338				2
2026.06.02	01:35:04.589	0.59339	0.59343			6
2026.06.02	01:35:10.308		0.59342			4
2026.06.02	01:35:10.907	0.59340	0.59343			6
2026.06.02	01:35:11.207		0.59344			4
2026.06.02	01:35:13.309	0.59341				2
2026.06.02	01:35:16.915	0.59340	0.59343			6
2026.06.02	01:35:28.351	0.59341	0.59344			6
2026.06.02	01:35:34.057	0.59340	0.59343			6
2026.06.02	01:35:34.359	0.59341	0.59344			6
2026.06.02	01:35:40.664	0.59340	0.59343			6
2026.06.02	01:35:41.563	0.59338	0.59341			6
2026.06.02	01:35:45.173	0.59339				2
2026.06.02	01:35:45.469		0.59342			4
2026.06.02	01:35:54.186	0.59340	0.59343			6
2026.06.02	01:36:00.200	0.59340				2
2026.06.02	01:36:01.399	0.59339	0.59342			6
2026.06.02	01:36:03.200	0.59340	0.59343			6
2026.06.02	01:36:21.248	0.59339	0.59342			6
2026.06.02	01:36:29.357	0.59340				2
2026.06.02	01:37:00.012	0.59340				2
2026.06.02	01:37:03.316		0.59341			4
2026.06.02	01:37:20.747	0.59341	0.59342			6
2026.06.02	01:37:30.358		0.59343			4
2026.06.02	01:37:31.557		0.59342			4
2026.06.02	01:37:40.576		0.59343			4
2026.06.02	01:37:44.483	0.59342				2
2026.06.02	01:37:46.587	0.59340	0.59342			6
2026.06.02	01:38:00.117	0.59340				2
2026.06.02	01:38:00.416	0.59339	0.59341			6
2026.06.02	01:38:03.126	0.59340	0.59342			6
2026.06.02	01:38:11.840	0.59342	0.59343			6
2026.06.02	01:38:12.137	0.59341				2
2026.06.02	01:38:12.440	0.59343	0.59344			6
