<DATE>	<TIME>	<BID>	<ASK>	<LAST>	<VOLUME>	<FLAGS>
2026.05.07	00:03:30.276	0.59545	0.59657			6
2026.05.07	00:03:53.822	0.59520	0.59559			6
2026.05.07	00:04:00.143	0.59520				2
2026.05.07	00:04:35.677	0.59545	0.59668			6
2026.05.07	00:04:35.981		0.59666			4
2026.05.07	00:04:36.583		0.59655			4
2026.05.07	00:04:37.787		0.59652			4
2026.05.07	00:04:43.512		0.59642			4
2026.05.07	00:04:44.718		0.59635			4
2026.05.07	00:05:00.079	0.59545				2
2026.05.07	00:05:13.619		0.59648			4
2026.05.07	00:05:13.920		0.59647			4
2026.05.07	00:05:14.824		0.59645			4
2026.05.07	00:05:30.775		0.59649			4
2026.05.07	00:05:31.074		0.59648			4
2026.05.07	00:05:31.374		0.59647			4
2026.05.07	00:05:32.280		0.59645			4
2026.05.07	00:06:00.288	0.59545				2
2026.05.07	00:06:13.835		0.59649			4
2026.05.07	00:06:14.135		0.59647			4
2026.05.07	00:06:15.337		0.59645			4
2026.05.07	00:06:51.764		0.59652			4
2026.05.07	00:06:52.667		0.59649			4
2026.05.07	00:07:00.190	0.59545				2
2026.05.07	00:07:12.215		0.59659			4
2026.05.07	00:07:53.759		0.59662			4
2026.05.07	00:07:54.061		0.59656			4
2026.05.07	00:07:54.364		0.59653			4
2026.05.07	00:07:55.267		0.59645			4
2026.05.07	00:08:00.079	0.59545				2
2026.05.07	00:08:52.786		0.59642			4
2026.05.07	00:08:53.085		0.59641			4
2026.05.07	00:08:53.386		0.59639			4
2026.05.07	00:08:53.987		0.59642			4
2026.05.07	00:09:00.016	0.59545				2
2026.05.07	00:09:54.228		0.59642			4
2026.05.07	00:10:00.242	0.59545				2
2026.05.07	00:10:03.548		0.59641			4
2026.05.07	00:10:03.848		0.59640			4
2026.05.07	00:10:04.448		0.59642			4
2026.05.07	00:10:04.749		0.59641			4
2026.05.07	00:10:05.650		0.59642			4
2026.05.07	00:10:05.953		0.59641			4
2026.05.07	00:10:06.854		0.59638			4
2026.05.07	00:10:07.155		0.59642			4
2026.05.07	00:10:07.455		0.59641			4
2026.05.07	00:10:08.367		0.59642			4
2026.05.07	00:10:08.668		0.59641			4
2026.05.07	00:10:09.268		0.59638			4
2026.05.07	00:10:09.568		0.59642			4
2026.05.07	00:10:09.869		0.59641			4
2026.05.07	00:10:10.173		0.59639			4
2026.05.07	00:10:10.474		0.59638			4
2026.05.07	00:10:10.774		0.59642			4
2026.05.07	00:10:11.074		0.59641			4
2026.05.07	00:10:11.675		0.59640			4
2026.05.07	00:10:11.979		0.59639			4
2026.05.07	00:10:13.180		0.59642			4
2026.05.07	00:10:14.087		0.59640			4
2026.05.07	00:10:14.385		0.59639			4
2026.05.07	00:10:15.587		0.59642			4
2026.05.07	00:10:16.496		0.59640			4
2026.05.07	00:10:16.798		0.59639			4
2026.05.07	00:10:17.698		0.59642			4
2026.05.07	00:10:18.600		0.59640			4
2026.05.07	00:10:19.207		0.59639			4
2026.05.07	00:10:20.114		0.59641			4
2026.05.07	00:10:20.414		0.59642			4
2026.05.07	00:10:21.021		0.59640			4
2026.05.07	00:10:21.325		0.59639			4
2026.05.07	00:10:21.624		0.59642			4
2026.05.07	00:10:22.227		0.59640			4
2026.05.07	00:10:22.828		0.59639			4
2026.05.07	00:10:23.733		0.59637			4
2026.05.07	00:10:33.054		0.59642			4
2026.05.07	00:10:34.258		0.59641			4
2026.05.07	00:10:35.166		0.59640			4
2026.05.07	00:10:37.577		0.59639			4
2026.05.07	00:10:37.874		0.59641			4
2026.05.07	00:10:38.475		0.59642			4
2026.05.07	00:10:38.777		0.59641			4
2026.05.07	00:10:42.997		0.59642			4
2026.05.07	00:10:43.296		0.59641			4
2026.05.07	00:10:43.898		0.59640			4
2026.05.07	00:10:44.197		0.59641			4
2026.05.07	00:10:45.097		0.59642			4
2026.05.07	00:10:45.398		0.59641			4
2026.05.07	00:10:45.700		0.59642			4
2026.05.07	00:10:46.002		0.59640			4
2026.05.07	00:10:46.307		0.59641			4
2026.05.07	00:10:47.210		0.59642			4
2026.05.07	00:10:47.512		0.59641			4
2026.05.07	00:10:47.814		0.59642			4
2026.05.07	00:10:48.113		0.59640			4
2026.05.07	00:10:48.416		0.59641			4
2026.05.07	00:10:49.322		0.59642			4
2026.05.07	00:10:50.526		0.59640			4
2026.05.07	00:10:50.826		0.59641			4
2026.05.07	00:10:51.727		0.59642			4
2026.05.07	00:10:52.027		0.59641			4
2026.05.07	00:10:52.328		0.59642			4
2026.05.07	00:10:52.629		0.59640			4
2026.05.07	00:10:52.929		0.59642			4
2026.05.07	00:10:53.231		0.59641			4
2026.05.07	00:10:53.834		0.59642			4
2026.05.07	00:10:54.133		0.59640			4
2026.05.07	00:10:54.435		0.59642			4
2026.05.07	00:10:54.735		0.59641			4
2026.05.07	00:10:55.336		0.59642			4
2026.05.07	00:10:55.638		0.59640			4
2026.05.07	00:10:55.937		0.59642			4
2026.05.07	00:10:56.238		0.59641			4
2026.05.07	00:10:56.839		0.59651			4
2026.05.07	00:10:57.140		0.59647			4
2026.05.07	00:10:57.443		0.59651			4
2026.05.07	00:10:57.744		0.59646			4
2026.05.07	00:10:58.046		0.59651			4
2026.05.07	00:10:58.347		0.59652			4
2026.05.07	00:10:58.649		0.59649			4
2026.05.07	00:10:58.952		0.59650			4
2026.05.07	00:10:59.252		0.59648			4
2026.05.07	00:10:59.554		0.59652			4
2026.05.07	00:10:59.854		0.59647			4
2026.05.07	00:11:00.154	0.59545	0.59651			6
2026.05.07	00:11:00.454		0.59647			4
2026.05.07	00:11:00.754		0.59651			4
2026.05.07	00:11:01.055		0.59652			4
2026.05.07	00:11:01.355		0.59651			4
2026.05.07	00:11:01.656		0.59650			4
2026.05.07	00:11:01.958		0.59649			4
2026.05.07	00:11:02.260		0.59652			4
2026.05.07	00:11:02.562		0.59647			4
2026.05.07	00:11:02.861		0.59652			4
2026.05.07	00:11:03.163		0.59646			4
2026.05.07	00:11:03.464		0.59651			4
2026.05.07	00:11:03.765		0.59652			4
2026.05.07	00:11:04.071		0.59650			4
2026.05.07	00:11:04.368		0.59652			4
2026.05.07	00:11:04.671		0.59649			4
2026.05.07	00:11:04.975		0.59645			4
2026.05.07	00:11:05.274		0.59643			4
2026.05.07	00:11:05.574		0.59640			4
2026.05.07	00:11:06.479		0.59637			4
2026.05.07	00:11:07.382		0.59652			4
2026.05.07	00:11:07.984		0.59647			4
2026.05.07	00:11:08.286		0.59646			4
2026.05.07	00:11:08.588		0.59642			4
2026.05.07	00:11:09.496		0.59640			4
2026.05.07	00:11:12.515		0.59650			4
2026.05.07	00:11:12.815		0.59647			4
2026.05.07	00:11:13.119		0.59645			4
2026.05.07	00:11:13.419		0.59642			4
2026.05.07	00:11:14.324		0.59640			4
2026.05.07	00:12:00.099	0.59545				2
2026.05.07	00:12:04.016		0.59652			4
2026.05.07	00:12:04.314		0.59646			4
2026.05.07	00:12:04.614		0.59652			4
2026.05.07	00:12:04.915		0.59647			4
2026.05.07	00:12:05.215		0.59652			4
2026.05.07	00:12:05.515		0.59649			4
2026.05.07	00:12:05.823		0.59650			4
2026.05.07	00:12:06.121		0.59647			4
2026.05.07	00:12:06.424		0.59652			4
2026.05.07	00:12:07.023		0.59647			4
2026.05.07	00:12:07.322		0.59645			4
2026.05.07	00:12:07.624		0.59641			4
2026.05.07	00:12:07.923		0.59652			4
2026.05.07	00:12:08.226		0.59648			4
2026.05.07	00:12:08.525		0.59644			4
2026.05.07	00:12:08.827		0.59652			4
2026.05.07	00:12:09.126		0.59649			4
2026.05.07	00:12:09.426		0.59646			4
2026.05.07	00:12:10.029		0.59641			4
2026.05.07	00:12:10.334		0.59640			4
2026.05.07	00:12:10.635		0.59651			4
2026.05.07	00:12:10.938		0.59646			4
2026.05.07	00:12:11.238		0.59652			4
2026.05.07	00:12:11.544		0.59647			4
2026.05.07	00:12:11.845		0.59642			4
2026.05.07	00:12:12.145		0.59651			4
2026.05.07	00:12:12.446		0.59644			4
2026.05.07	00:12:12.749		0.59652			4
2026.05.07	00:12:13.051		0.59647			4
2026.05.07	00:12:13.353		0.59642			4
2026.05.07	00:12:13.652		0.59651			4
2026.05.07	00:12:13.953		0.59644			4
2026.05.07	00:12:14.254		0.59652			4
2026.05.07	00:12:14.554		0.59647			4
2026.05.07	00:12:14.856		0.59652			4
2026.05.07	00:12:15.157		0.59649			4
2026.05.07	00:12:15.460		0.59644			4
2026.05.07	00:12:16.063		0.59652			4
2026.05.07	00:12:16.368		0.59650			4
2026.05.07	00:12:16.667		0.59644			4
2026.05.07	00:12:16.971		0.59651			4
2026.05.07	00:12:17.270		0.59647			4
2026.05.07	00:12:17.572		0.59644			4
2026.05.07	00:12:18.174		0.59652			4
2026.05.07	00:12:18.470		0.59648			4
2026.05.07	00:12:18.770		0.59644			4
2026.05.07	00:12:19.070		0.59650			4
2026.05.07	00:12:19.372		0.59646			4
2026.05.07	00:12:19.672		0.59652			4
2026.05.07	00:12:19.973		0.59647			4
2026.05.07	00:12:20.272		0.59644			4
2026.05.07	00:12:20.574		0.59651			4
2026.05.07	00:12:20.874		0.59646			4
2026.05.07	00:12:21.174		0.59652			4
2026.05.07	00:12:21.475		0.59647			4
2026.05.07	00:12:21.774		0.59643			4
2026.05.07	00:12:22.076		0.59651			4
2026.05.07	00:12:22.379		0.59646			4
2026.05.07	00:12:22.678		0.59652			4
2026.05.07	00:12:22.979		0.59647			4
2026.05.07	00:12:23.279		0.59643			4
2026.05.07	00:12:23.579		0.59651			4
2026.05.07	00:12:23.879		0.59646			4
2026.05.07	00:12:24.179		0.59652			4
2026.05.07	00:12:24.482		0.59647			4
2026.05.07	00:12:24.783		0.59643			4
2026.05.07	00:12:25.085		0.59651			4
2026.05.07	00:12:25.386		0.59645			4
2026.05.07	00:12:25.686		0.59652			4
2026.05.07	00:12:25.991		0.59647			4
2026.05.07	00:12:26.294		0.59643			4
2026.05.07	00:12:26.596		0.59651			4
2026.05.07	00:12:26.896		0.59645			4
2026.05.07	00:12:27.197		0.59652			4
2026.05.07	00:12:27.497		0.59647			4
2026.05.07	00:12:27.797		0.59643			4
2026.05.07	00:12:28.099		0.59651			4
2026.05.07	00:12:28.399		0.59645			4
2026.05.07	00:12:28.699		0.59652			4
2026.05.07	00:12:29.007		0.59647			4
2026.05.07	00:12:29.308		0.59643			4
2026.05.07	00:12:29.614		0.59651			4
2026.05.07	00:12:29.915		0.59644			4
2026.05.07	00:12:30.215		0.59652			4
2026.05.07	00:12:30.516		0.59647			4
2026.05.07	00:12:30.817		0.59652			4
2026.05.07	00:12:31.117		0.59651			4
2026.05.07	00:12:31.417		0.59644			4
2026.05.07	00:12:31.721		0.59651			4
2026.05.07	00:12:32.027		0.59647			4
2026.05.07	00:12:32.326		0.59652			4
2026.05.07	00:12:32.626		0.59651			4
2026.05.07	00:12:32.926		0.59644			4
2026.05.07	00:12:33.227		0.59661			4
2026.05.07	00:12:33.527		0.59657			4
2026.05.07	00:12:33.828		0.59660			4
2026.05.07	00:12:34.134		0.59654			4
2026.05.07	00:12:34.433		0.59661			4
2026.05.07	00:12:34.733		0.59657			4
2026.05.07	00:12:35.033		0.59656			4
2026.05.07	00:12:35.635		0.59661			4
2026.05.07	00:12:35.935		0.59658			4
2026.05.07	00:12:36.236		0.59657			4
2026.05.07	00:12:36.539		0.59654			4
2026.05.07	00:12:37.137		0.59650			4
2026.05.07	00:12:37.739		0.59644			4
2026.05.07	00:12:38.039		0.59650			4
2026.05.07	00:12:38.339		0.59662			4
2026.05.07	00:12:38.939		0.59656			4
2026.05.07	00:12:39.239		0.59660			4
2026.05.07	00:12:39.540		0.59654			4
2026.05.07	00:12:39.847		0.59660			4
2026.05.07	00:12:40.144		0.59662			4
2026.05.07	00:12:40.444		0.59658			4
2026.05.07	00:12:40.746		0.59659			4
2026.05.07	00:12:41.046		0.59658			4
2026.05.07	00:12:41.348		0.59662			4
2026.05.07	00:12:41.648		0.59658			4
2026.05.07	00:12:41.951		0.59657			4
2026.05.07	00:12:42.249		0.59662			4
2026.05.07	00:12:42.849		0.59660			4
2026.05.07	00:12:43.150		0.59654			4
2026.05.07	00:12:43.453		0.59661			4
2026.05.07	00:12:43.753		0.59657			4
2026.05.07	00:12:44.054		0.59660			4
2026.05.07	00:12:44.355		0.59656			4
2026.05.07	00:12:44.654		0.59660			4
2026.05.07	00:12:44.955		0.59656			4
2026.05.07	00:12:45.255		0.59661			4
2026.05.07	00:12:45.555		0.59656			4
2026.05.07	00:12:45.854		0.59662			4
2026.05.07	00:12:46.159		0.59657			4
2026.05.07	00:12:46.461		0.59661			4
2026.05.07	00:12:47.368		0.59658			4
2026.05.07	00:12:48.272		0.59657			4
2026.05.07	00:12:48.573		0.59662			4
2026.05.07	00:12:48.874		0.59661			4
2026.05.07	00:12:49.175		0.59662			4
2026.05.07	00:12:49.475		0.59660			4
2026.05.07	00:12:49.776		0.59661			4
2026.05.07	00:12:50.379		0.59672			4
2026.05.07	00:12:50.678		0.59670			4
2026.05.07	00:12:50.981		0.59671			4
2026.05.07	00:12:51.883		0.59672			4
2026.05.07	00:12:52.786		0.59669			4
2026.05.07	00:12:53.092		0.59671			4
2026.05.07	00:12:53.698		0.59672			4
2026.05.07	00:12:53.996		0.59670			4
2026.05.07	00:12:54.299		0.59668			4
2026.05.07	00:12:55.199		0.59665			4
2026.05.07	00:12:55.499		0.59672			4
2026.05.07	00:12:55.799		0.59670			4
2026.05.07	00:12:56.099		0.59669			4
2026.05.07	00:12:57.008		0.59665			4
2026.05.07	00:13:00.026	0.59545				2
2026.05.07	00:13:02.432		0.59672			4
2026.05.07	00:13:03.334		0.59668			4
2026.05.07	00:13:04.537		0.59667			4
2026.05.07	00:13:06.039		0.59631			4
2026.05.07	00:13:06.340		0.59632			4
2026.05.07	00:13:07.244		0.59631			4
2026.05.07	00:13:07.844		0.59629			4
2026.05.07	00:13:08.444		0.59623			4
2026.05.07	00:13:09.045		0.59622			4
2026.05.07	00:13:09.345		0.59631			4
2026.05.07	00:13:09.646		0.59628			4
2026.05.07	00:13:09.946		0.59627			4
2026.05.07	00:13:10.548		0.59632			4
2026.05.07	00:13:10.848		0.59630			4
2026.05.07	00:13:11.448		0.59628			4
2026.05.07	00:13:12.350		0.59632			4
2026.05.07	00:13:12.952		0.59628			4
2026.05.07	00:13:13.254		0.59631			4
2026.05.07	00:13:13.555		0.59626			4
2026.05.07	00:13:13.854		0.59631			4
2026.05.07	00:13:14.155		0.59632			4
2026.05.07	00:13:14.455		0.59629			4
2026.05.07	00:13:14.754		0.59632			4
2026.05.07	00:13:15.059		0.59630			4
2026.05.07	00:13:15.360		0.59632			4
2026.05.07	00:13:15.661		0.59628			4
2026.05.07	00:13:15.959		0.59631			4
2026.05.07	00:13:16.264		0.59667			4
2026.05.07	00:13:16.864		0.59666			4
2026.05.07	00:13:17.168		0.59667			4
2026.05.07	00:13:17.467		0.59666			4
2026.05.07	00:13:17.770		0.59667			4
2026.05.07	00:13:18.070		0.59665			4
2026.05.07	00:13:18.372		0.59666			4
2026.05.07	00:13:18.672		0.59663			4
2026.05.07	00:13:19.272		0.59667			4
2026.05.07	00:13:20.477		0.59664			4
2026.05.07	00:13:20.777		0.59667			4
2026.05.07	00:13:21.076	0.59569	0.59683			6
2026.05.07	00:13:21.374		0.59684			4
2026.05.07	00:13:21.978	0.59563	0.59682			6
2026.05.07	00:13:22.279		0.59687			4
2026.05.07	00:13:22.579	0.59565	0.59684			6
2026.05.07	00:13:22.879		0.59687			4
2026.05.07	00:13:23.180		0.59680			4
2026.05.07	00:13:23.479	0.59569	0.59684			6
2026.05.07	00:13:24.082	0.59565	0.59681			6
2026.05.07	00:13:24.983	0.59569	0.59653			6
2026.05.07	00:13:25.283	0.59565	0.59680			6
2026.05.07	00:13:26.185	0.59569	0.59683			6
2026.05.07	00:13:26.484		0.59684			4
2026.05.07	00:13:26.784	0.59565	0.59680			6
2026.05.07	00:13:27.691		0.59648			4
2026.05.07	00:13:27.991	0.59569	0.59684			6
2026.05.07	00:13:28.294	0.59565	0.59681			6
2026.05.07	00:13:28.895		0.59683			4
2026.05.07	00:13:29.195	0.59569	0.59684			6
2026.05.07	00:13:29.498		0.59680			4
2026.05.07	00:13:29.795	0.59565	0.59683			6
2026.05.07	00:13:30.095	0.59569	0.59684			6
2026.05.07	00:13:30.398	0.59565	0.59679			6
2026.05.07	00:13:30.997		0.59651			4
2026.05.07	00:13:31.598	0.59569	0.59684			6
2026.05.07	00:13:31.898		0.59679			4
2026.05.07	00:13:32.201		0.59682			4
2026.05.07	00:13:32.798		0.59684			4
2026.05.07	00:13:33.570		0.59673			4
2026.05.07	00:13:33.872	0.59565	0.59682			6
2026.05.07	00:13:34.172		0.59684			4
2026.05.07	00:13:34.473		0.59682			4
2026.05.07	00:13:34.774		0.59683			4
2026.05.07	00:13:35.375	0.59569	0.59684			6
2026.05.07	00:13:35.977	0.59565	0.59683			6
2026.05.07	00:13:36.277		0.59680			4
2026.05.07	00:13:36.578		0.59682			4
2026.05.07	00:13:37.480	0.59569	0.59684			6
2026.05.07	00:13:37.780	0.59565	0.59682			6
2026.05.07	00:13:38.082	0.59569	0.59684			6
2026.05.07	00:13:38.382		0.59682			4
2026.05.07	00:13:38.682		0.59684			4
2026.05.07	00:13:38.983	0.59565	0.59682			6
2026.05.07	00:13:40.183	0.59569	0.59684			6
2026.05.07	00:13:41.091	0.59565	0.59682			6
2026.05.07	00:13:41.993	0.59569	0.59673			6
2026.05.07	00:13:42.294	0.59565	0.59681			6
2026.05.07	00:13:42.595	0.59569	0.59684			6
2026.05.07	00:13:42.895	0.59565	0.59683			6
2026.05.07	00:13:43.196		0.59676			4
2026.05.07	00:13:43.497	0.59569	0.59684			6
2026.05.07	00:13:43.797	0.59565	0.59681			6
2026.05.07	00:13:44.098	0.59569	0.59683			6
2026.05.07	00:13:44.399	0.59565				2
2026.05.07	00:13:44.704	0.59569	0.59684			6
2026.05.07	00:13:45.008	0.59565	0.59683			6
2026.05.07	00:13:46.512		0.59682			4
2026.05.07	00:13:46.813	0.59569	0.59684			6
2026.05.07	00:13:47.114		0.59679			4
2026.05.07	00:13:47.414	0.59565	0.59682			6
2026.05.07	00:13:48.621		0.59684			4
2026.05.07	00:13:48.920		0.59682			4
2026.05.07	00:13:49.523		0.59683			4
2026.05.07	00:13:49.824	0.59569	0.59684			6
2026.05.07	00:13:50.124	0.59565	0.59683			6
2026.05.07	00:13:50.725		0.59682			4
2026.05.07	00:13:51.025		0.59680			4
2026.05.07	00:13:51.334	0.59569	0.59684			6
2026.05.07	00:13:51.633	0.59575	0.59688			6
2026.05.07	00:13:51.933	0.59577	0.59690			6
2026.05.07	00:13:52.235	0.59579	0.59691			6
2026.05.07	00:13:52.536		0.59690			4
2026.05.07	00:13:52.836	0.59580				2
2026.05.07	00:13:53.136	0.59584	0.59691			6
2026.05.07	00:13:53.436	0.59580	0.59690			6
2026.05.07	00:13:53.737		0.59691			4
2026.05.07	00:13:54.038		0.59690			4
2026.05.07	00:13:54.337		0.59691			4
2026.05.07	00:13:54.641	0.59584				2
2026.05.07	00:13:54.942	0.59580				2
2026.05.07	00:13:55.242	0.59584				2
2026.05.07	00:13:55.541	0.59580	0.59690			6
2026.05.07	00:13:55.842	0.59584	0.59691			6
2026.05.07	00:13:56.143	0.59580				2
2026.05.07	00:13:57.046	0.59584	0.59683			6
2026.05.07	00:13:57.346	0.59580	0.59690			6
2026.05.07	00:13:57.646	0.59584	0.59691			6
2026.05.07	00:13:57.949	0.59580				2
2026.05.07	00:13:58.250	0.59584				2
2026.05.07	00:13:58.551	0.59580	0.59690			6
2026.05.07	00:13:59.452		0.59680			4
2026.05.07	00:13:59.752		0.59690			4
2026.05.07	00:14:00.053	0.59580	0.59691			6
2026.05.07	00:14:00.353		0.59690			4
2026.05.07	00:14:00.654		0.59691			4
2026.05.07	00:14:01.254		0.59690			4
2026.05.07	00:14:01.857		0.59691			4
2026.05.07	00:14:02.762	0.59584				2
2026.05.07	00:14:03.363	0.59580	0.59683			6
2026.05.07	00:14:03.664		0.59690			4
2026.05.07	00:14:03.967	0.59584	0.59691			6
2026.05.07	00:14:04.267	0.59580	0.59689			6
2026.05.07	00:14:04.867		0.59688			4
2026.05.07	00:14:05.469	0.59569	0.59600			6
2026.05.07	00:14:05.772	0.59555				2
2026.05.07	00:14:06.072		0.59612			4
2026.05.07	00:14:06.372	0.59563	0.59648			6
2026.05.07	00:14:06.673	0.59568	0.59639			6
2026.05.07	00:14:07.273		0.59641			4
2026.05.07	00:14:07.873		0.59639			4
2026.05.07	00:14:09.079	0.59569	0.59641			6
2026.05.07	00:14:11.181		0.59636			4
2026.05.07	00:14:12.381		0.59641			4
2026.05.07	00:14:12.982		0.59635			4
2026.05.07	00:14:13.583		0.59641			4
2026.05.07	00:14:13.884		0.59644			4
2026.05.07	00:14:14.485		0.59641			4
2026.05.07	00:14:15.386		0.59628			4
2026.05.07	00:14:16.286		0.59627			4
2026.05.07	00:14:21.401	0.59555	0.59584			6
2026.05.07	00:14:29.236	0.59569	0.59641			6
2026.05.07	00:14:29.536		0.59644			4
2026.05.07	00:14:31.041		0.59633			4
2026.05.07	00:14:43.670	0.59559				2
2026.05.07	00:14:47.275	0.59569				2
2026.05.07	00:14:48.477	0.59559				2
2026.05.07	00:14:52.383	0.59569				2
2026.05.07	00:14:53.591	0.59559				2
2026.05.07	00:14:57.196	0.59569				2
2026.05.07	00:15:00.200	0.59569				2
2026.05.07	00:15:23.664	0.59554	0.59625			6
2026.05.07	00:15:23.965		0.59635			4
2026.05.07	00:15:24.267		0.59637			4
2026.05.07	00:15:24.567		0.59633			4
2026.05.07	00:15:24.868		0.59635			4
2026.05.07	00:15:25.469		0.59631			4
2026.05.07	00:15:25.769		0.59633			4
2026.05.07	00:15:26.072		0.59635			4
2026.05.07	00:15:26.373		0.59637			4
2026.05.07	00:15:26.673		0.59633			4
2026.05.07	00:15:27.272		0.59635			4
2026.05.07	00:15:27.574		0.59637			4
2026.05.07	00:15:27.874		0.59631			4
2026.05.07	00:15:28.174		0.59633			4
2026.05.07	00:15:28.476		0.59635			4
2026.05.07	00:15:28.776		0.59637			4
2026.05.07	00:15:29.076		0.59631			4
2026.05.07	00:15:29.376		0.59633			4
2026.05.07	00:15:29.676		0.59635			4
2026.05.07	00:15:31.483		0.59625			4
2026.05.07	00:15:32.384		0.59624			4
2026.05.07	00:16:00.097	0.59554				2
2026.05.07	00:16:32.298	0.59550				2
2026.05.07	00:16:32.600		0.59624			4
2026.05.07	00:17:00.007	0.59550				2
2026.05.07	00:17:32.817		0.59624			4
2026.05.07	00:17:42.442		0.59608			4
2026.05.07	00:17:51.171	0.59548	0.59575			6
2026.05.07	00:18:00.198	0.59548				2
2026.05.07	00:18:51.378		0.59575			4
2026.05.07	00:19:00.108	0.59548				2
2026.05.07	00:19:33.527	0.59537	0.59568			6
2026.05.07	00:19:36.533	0.59492				2
2026.05.07	00:19:36.833		0.59567			4
2026.05.07	00:19:37.134	0.59500				2
2026.05.07	00:19:38.334	0.59511	0.59566			6
2026.05.07	00:19:56.689	0.59544	0.59571			6
2026.05.07	00:20:00.295	0.59544				2
2026.05.07	00:20:51.797	0.59529	0.59586			6
2026.05.07	00:20:56.622		0.59587			4
2026.05.07	00:21:00.234	0.59529				2
2026.05.07	00:21:03.242		0.59586			4
2026.05.07	00:21:15.291		0.59587			4
2026.05.07	00:21:37.259		0.59586			4
2026.05.07	00:21:52.603		0.59587			4
2026.05.07	00:21:56.518		0.59586			4
2026.05.07	00:22:00.129	0.59529				2
2026.05.07	00:22:00.430		0.59587			4
2026.05.07	00:23:00.012	0.59529				2
2026.05.07	00:23:00.612		0.59587			4
2026.05.07	00:23:19.266		0.59584			4
2026.05.07	00:23:22.576		0.59587			4
2026.05.07	00:24:00.189	0.59529				2
2026.05.07	00:24:13.725	0.59534				2
2026.05.07	00:24:14.026	0.59533				2
2026.05.07	00:24:17.637	0.59534				2
2026.05.07	00:24:19.743	0.59533				2
2026.05.07	00:24:21.545	0.59534				2
2026.05.07	00:24:22.745		0.59587			4
2026.05.07	00:24:43.819	0.59533				2
2026.05.07	00:24:58.872	0.59534				2
2026.05.07	00:25:00.074	0.59534				2
2026.05.07	00:25:02.181	0.59533				2
2026.05.07	00:25:08.798	0.59534				2
2026.05.07	00:25:13.625	0.59533				2
2026.05.07	00:25:13.926	0.59534				2
2026.05.07	00:25:22.950		0.59587			4
2026.05.07	00:25:32.885	0.59535				2
2026.05.07	00:25:34.393	0.59534				2
2026.05.07	00:25:38.917	0.59533				2
2026.05.07	00:25:40.724	0.59529				2
2026.05.07	00:25:55.152	0.59530				2
2026.05.07	00:25:56.666	0.59529				2
2026.05.07	00:26:00.277	0.59529				2
2026.05.07	00:26:23.144		0.59587			4
2026.05.07	00:26:30.669		0.59586			4
2026.05.07	00:26:33.082	0.59487	0.59575			6
2026.05.07	00:26:34.286	0.59494	0.59584			6
2026.05.07	00:26:34.892	0.59496				2
2026.05.07	00:26:35.193	0.59497				2
2026.05.07	00:26:36.394	0.59494				2
2026.05.07	00:26:39.700	0.59498				2
2026.05.07	00:26:42.114	0.59500	0.59562			6
2026.05.07	00:26:42.418		0.59558			4
2026.05.07	00:27:00.095	0.59500				2
2026.05.07	00:27:00.396	0.59475	0.59549			6
2026.05.07	00:27:00.696		0.59548			4
2026.05.07	00:27:00.997		0.59549			4
2026.05.07	00:27:01.297		0.59550			4
2026.05.07	00:27:02.220	0.59482				2
2026.05.07	00:27:02.522	0.59475				2
2026.05.07	00:27:02.824		0.59551			4
2026.05.07	00:27:03.125		0.59548			4
2026.05.07	00:27:03.425		0.59567			4
2026.05.07	00:27:03.725		0.59550			4
2026.05.07	00:27:04.026		0.59549			4
2026.05.07	00:27:04.327		0.59551			4
2026.05.07	00:27:04.931		0.59550			4
2026.05.07	00:27:05.833		0.59549			4
2026.05.07	00:27:06.134		0.59566			4
2026.05.07	00:27:06.436		0.59564			4
2026.05.07	00:27:06.736		0.59555			4
2026.05.07	00:27:07.441	0.59499	0.59560			6
2026.05.07	00:27:08.478	0.59503				2
2026.05.07	00:28:00.282	0.59503				2
2026.05.07	00:28:07.500		0.59560			4
2026.05.07	00:28:08.404	0.59504				2
2026.05.07	00:28:16.541	0.59461	0.59561			6
2026.05.07	00:28:16.843		0.59564			4
2026.05.07	00:28:17.142		0.59551			4
2026.05.07	00:28:17.442		0.59563			4
2026.05.07	00:28:18.043		0.59564			4
2026.05.07	00:28:18.344		0.59558			4
2026.05.07	00:28:18.646		0.59563			4
2026.05.07	00:28:18.946		0.59566			4
2026.05.07	00:28:19.550		0.59564			4
2026.05.07	00:28:19.850		0.59566			4
2026.05.07	00:28:20.153		0.59564			4
2026.05.07	00:28:20.453		0.59568			4
2026.05.07	00:28:20.757		0.59566			4
2026.05.07	00:28:21.058		0.59568			4
2026.05.07	00:28:21.360		0.59566			4
2026.05.07	00:28:21.964		0.59564			4
2026.05.07	00:28:24.369	0.59479	0.59560			6
2026.05.07	00:28:25.385	0.59490				2
2026.05.07	00:28:25.687	0.59491				2
2026.05.07	00:28:26.592	0.59494				2
2026.05.07	00:28:38.029		0.59559			4
2026.05.07	00:28:38.329		0.59554			4
2026.05.07	00:28:38.931		0.59560			4
2026.05.07	00:28:40.133		0.59555			4
2026.05.07	00:28:43.441		0.59558			4
2026.05.07	00:28:45.851	0.59487	0.59559			6
2026.05.07	00:29:00.002	0.59487				2
2026.05.07	00:29:09.334		0.59557			4
2026.05.07	00:29:16.247		0.59558			4
2026.05.07	00:29:20.164		0.59559			4
2026.05.07	00:29:22.572		0.59553			4
2026.05.07	00:29:25.279		0.59552			4
2026.05.07	00:29:31.913	0.59503				2
2026.05.07	00:29:32.211	0.59487	0.59559			6
2026.05.07	00:29:32.512	0.59503				2
2026.05.07	00:29:32.812	0.59487				2
2026.05.07	00:29:33.113	0.59503				2
2026.05.07	00:29:33.413	0.59487				2
2026.05.07	00:29:33.713	0.59503				2
2026.05.07	00:29:34.014	0.59487				2
2026.05.07	00:29:34.619	0.59503				2
2026.05.07	00:29:34.920	0.59487				2
2026.05.07	00:29:35.223	0.59503				2
2026.05.07	00:29:35.524	0.59487				2
2026.05.07	00:29:36.425		0.59560			4
2026.05.07	00:29:36.725		0.59559			4
2026.05.07	00:29:40.942		0.59556			4
2026.05.07	00:29:44.851		0.59558			4
2026.05.07	00:30:00.223	0.59487				2
2026.05.07	00:30:02.625		0.59563			4
2026.05.07	00:30:02.924		0.59560			4
2026.05.07	00:30:12.873		0.59556			4
2026.05.07	00:30:15.279		0.59550			4
2026.05.07	00:30:17.992		0.59556			4
2026.05.07	00:30:21.608		0.59553			4
2026.05.07	00:30:22.813		0.59560			4
2026.05.07	00:30:29.428		0.59557			4
2026.05.07	00:30:39.653		0.59560			4
2026.05.07	00:30:44.472		0.59556			4
2026.05.07	00:30:54.696		0.59560			4
2026.05.07	00:30:57.713		0.59562			4
2026.05.07	00:30:59.524		0.59556			4
2026.05.07	00:31:00.124	0.59487				2
2026.05.07	00:31:09.747		0.59560			4
2026.05.07	00:31:11.252		0.59535			4
2026.05.07	00:31:11.552	0.59466				2
2026.05.07	00:31:12.456	0.59477				2
2026.05.07	00:31:13.362	0.59484				2
2026.05.07	00:31:15.495	0.59486				2
2026.05.07	00:31:16.096	0.59484	0.59533			6
2026.05.07	00:31:16.396	0.59471	0.59532			6
2026.05.07	00:31:16.697	0.59473	0.59530			6
2026.05.07	00:31:16.997	0.59477				2
2026.05.07	00:31:19.751	0.59478				2
2026.05.07	00:31:20.052	0.59474	0.59533			6
2026.05.07	00:31:30.193	0.59466	0.59535			6
2026.05.07	00:31:34.998	0.59470	0.59532			6
2026.05.07	00:31:42.228	0.59483	0.59534			6
2026.05.07	00:31:42.831	0.59491	0.59528			6
2026.05.07	00:31:43.608	0.59490	0.59530			6
2026.05.07	00:31:43.912	0.59484	0.59535			6
2026.05.07	00:31:50.536	0.59480				2
2026.05.07	00:31:52.644	0.59479				2
2026.05.07	00:31:54.152	0.59474				2
2026.05.07	00:31:59.569	0.59484				2
2026.05.07	00:32:00.340	0.59484				2
2026.05.07	00:32:08.747	0.59485				2
2026.05.07	00:32:09.789	0.59466				2
2026.05.07	00:32:14.597	0.59485				2
2026.05.07	00:32:23.643	0.59482				2
2026.05.07	00:32:24.846	0.59466				2
2026.05.07	00:32:29.354	0.59484	0.59534			6
2026.05.07	00:32:29.656	0.59482	0.59532			6
2026.05.07	00:32:30.559	0.59488	0.59529			6
2026.05.07	00:32:31.433	0.59482	0.59531			6
2026.05.07	00:32:31.735	0.59491				2
2026.05.07	00:32:32.889	0.59492	0.59530			6
2026.05.07	00:32:39.791	0.59493	0.59528			6
2026.05.07	00:32:47.651		0.59527			4
2026.05.07	00:32:49.002		0.59526			4
2026.05.07	00:32:49.304	0.59494	0.59525			6
2026.05.07	00:32:52.755	0.59484	0.59533			6
2026.05.07	00:32:58.176	0.59480	0.59534			6
2026.05.07	00:32:59.377	0.59478	0.59529			6
2026.05.07	00:33:00.277	0.59478				2
2026.05.07	00:33:01.479	0.59466	0.59530			6
2026.05.07	00:33:04.785		0.59529			4
2026.05.07	00:33:05.686	0.59479	0.59530			6
2026.05.07	00:33:05.986	0.59482				2
2026.05.07	00:33:06.287	0.59484	0.59532			6
2026.05.07	00:33:06.893	0.59482	0.59533			6
2026.05.07	00:33:10.800	0.59485				2
2026.05.07	00:33:27.373	0.59482				2
2026.05.07	00:33:37.312	0.59481	0.59532			6
2026.05.07	00:33:40.625		0.59533			4
2026.05.07	00:33:47.536	0.59482				2
2026.05.07	00:33:48.740		0.59530			4
2026.05.07	00:33:49.040		0.59531			4
2026.05.07	00:33:49.342	0.59479				2
2026.05.07	00:33:52.653	0.59485				2
2026.05.07	00:33:54.493	0.59487	0.59532			6
2026.05.07	00:33:54.793	0.59488	0.59527			6
2026.05.07	00:33:55.396		0.59528			4
2026.05.07	00:33:56.116		0.59529			4
2026.05.07	00:34:00.177	0.59488				2
2026.05.07	00:34:02.890	0.59482				2
2026.05.07	00:34:03.191	0.59483	0.59530			6
2026.05.07	00:34:03.490	0.59485	0.59532			6
2026.05.07	00:34:12.524	0.59481	0.59528			6
2026.05.07	00:34:12.823	0.59476	0.59525			6
2026.05.07	00:34:13.123	0.59474	0.59522			6
2026.05.07	00:34:13.724	0.59465	0.59532			6
2026.05.07	00:34:14.924	0.59469	0.59517			6
2026.05.07	00:34:15.225	0.59476	0.59525			6
2026.05.07	00:34:15.525	0.59465	0.59529			6
2026.05.07	00:34:16.132		0.59526			4
2026.05.07	00:34:16.431		0.59525			4
2026.05.07	00:34:26.659		0.59524			4
2026.05.07	00:34:34.479		0.59525			4
2026.05.07	00:34:34.779		0.59524			4
2026.05.07	00:34:35.084		0.59525			4
2026.05.07	00:34:45.024		0.59528			4
2026.05.07	00:34:45.631		0.59532			4
2026.05.07	00:34:45.932		0.59533			4
2026.05.07	00:34:46.232		0.59527			4
2026.05.07	00:34:56.768		0.59532			4
2026.05.07	00:34:57.973		0.59531			4
2026.05.07	00:34:58.272		0.59527			4
2026.05.07	00:35:00.082	0.59465				2
2026.05.07	00:35:08.213		0.59533			4
2026.05.07	00:35:08.512		0.59527			4
2026.05.07	00:35:11.531		0.59524			4
2026.05.07	00:35:13.032		0.59533			4
2026.05.07	00:35:22.656		0.59532			4
2026.05.07	00:35:32.892		0.59531			4
2026.05.07	00:35:33.194		0.59535			4
2026.05.07	00:35:35.898		0.59530			4
2026.05.07	00:35:36.198		0.59528			4
2026.05.07	00:35:38.009		0.59529			4
2026.05.07	00:35:41.923		0.59532			4
2026.05.07	00:35:44.929		0.59533			4
2026.05.07	00:35:50.338		0.59534			4
2026.05.07	00:35:53.643		0.59530			4
2026.05.07	00:35:54.545		0.59531			4
2026.05.07	00:35:54.846		0.59532			4
2026.05.07	00:35:55.446		0.59533			4
2026.05.07	00:35:56.651		0.59535			4
2026.05.07	00:36:00.262	0.59465				2
2026.05.07	00:36:01.469		0.59531			4
2026.05.07	00:36:02.371		0.59532			4
2026.05.07	00:36:05.986	0.59468	0.59534			6
2026.05.07	00:36:06.285	0.59465				2
2026.05.07	00:36:06.588		0.59535			4
2026.05.07	00:36:07.192	0.59472				2
2026.05.07	00:36:10.194	0.59465				2
2026.05.07	00:36:11.095	0.59472	0.59534			6
2026.05.07	00:36:11.395	0.59465	0.59535			6
2026.05.07	00:36:16.504		0.59534			4
2026.05.07	00:36:18.309		0.59535			4
2026.05.07	00:36:22.825		0.59531			4
2026.05.07	00:36:27.341		0.59534			4
2026.05.07	00:36:28.842		0.59535			4
2026.05.07	00:36:30.646	0.59473				2
2026.05.07	00:36:30.947	0.59466				2
2026.05.07	00:36:31.247	0.59465				2
2026.05.07	00:36:32.752		0.59534			4
2026.05.07	00:36:33.351	0.59472	0.59533			6
2026.05.07	00:36:34.854	0.59470	0.59531			6
2026.05.07	00:36:35.154		0.59530			4
2026.05.07	00:36:35.453	0.59472	0.59529			6
2026.05.07	00:36:37.260	0.59470	0.59530			6
2026.05.07	00:36:38.324	0.59472				2
2026.05.07	00:36:40.731		0.59531			4
2026.05.07	00:36:41.332	0.59467	0.59530			6
2026.05.07	00:36:41.632	0.59465				2
2026.05.07	00:36:42.233		0.59529			4
2026.05.07	00:36:42.532	0.59466				2
2026.05.07	00:36:42.833	0.59470	0.59530			6
2026.05.07	00:36:43.133		0.59531			4
2026.05.07	00:36:43.433	0.59471	0.59530			6
2026.05.07	00:36:43.733	0.59472				2
2026.05.07	00:36:45.294	0.59470				2
2026.05.07	00:36:45.594	0.59473	0.59531			6
2026.05.07	00:36:46.196	0.59472	0.59532			6
2026.05.07	00:36:46.497	0.59466				2
2026.05.07	00:36:46.797	0.59471				2
2026.05.07	00:36:47.397	0.59465	0.59530			6
2026.05.07	00:36:47.697	0.59471	0.59531			6
2026.05.07	00:36:47.997	0.59465				2
2026.05.07	00:36:50.111	0.59469	0.59532			6
2026.05.07	00:36:50.411	0.59466	0.59534			6
2026.05.07	00:36:51.013	0.59465	0.59532			6
2026.05.07	00:36:51.313	0.59469	0.59531			6
2026.05.07	00:36:51.613	0.59470				2
2026.05.07	00:36:52.816	0.59472				2
2026.05.07	00:36:53.116	0.59471				2
2026.05.07	00:36:53.416	0.59465				2
2026.05.07	00:36:53.715		0.59532			4
2026.05.07	00:36:54.625	0.59470				2
2026.05.07	00:36:54.925	0.59471				2
2026.05.07	00:36:57.034	0.59465				2
2026.05.07	00:36:57.937	0.59470	0.59533			6
2026.05.07	00:36:59.118	0.59471	0.59534			6
2026.05.07	00:37:00.261	0.59475	0.59531			6
2026.05.07	00:37:00.561	0.59473				2
2026.05.07	00:37:01.512	0.59472	0.59533			6
2026.05.07	00:37:03.314		0.59535			4
2026.05.07	00:37:03.613	0.59471				2
2026.05.07	00:37:03.914	0.59465				2
2026.05.07	00:37:06.325		0.59533			4
2026.05.07	00:37:06.627	0.59470				2
2026.05.07	00:37:06.928	0.59471	0.59534			6
2026.05.07	00:37:07.229	0.59467				2
2026.05.07	00:37:07.528	0.59470	0.59532			6
2026.05.07	00:37:07.828		0.59534			4
2026.05.07	00:37:08.129	0.59465	0.59533			6
2026.05.07	00:37:08.430	0.59471				2
2026.05.07	00:37:08.733	0.59470				2
2026.05.07	00:37:09.807	0.59471				2
2026.05.07	00:37:10.641	0.59465				2
2026.05.07	00:37:11.543	0.59471	0.59532			6
2026.05.07	00:37:11.842	0.59465	0.59533			6
2026.05.07	00:37:12.445	0.59473				2
2026.05.07	00:37:12.745	0.59471	0.59535			6
2026.05.07	00:37:13.688	0.59472				2
2026.05.07	00:37:13.989		0.59534			4
2026.05.07	00:37:14.807	0.59465				2
2026.05.07	00:37:15.107	0.59472				2
2026.05.07	00:37:15.807	0.59465				2
2026.05.07	00:37:16.107		0.59535			4
2026.05.07	00:37:16.407	0.59471				2
2026.05.07	00:37:20.440	0.59473	0.59534			6
2026.05.07	00:37:20.742	0.59465				2
2026.05.07	00:37:21.042	0.59474				2
2026.05.07	00:37:21.342	0.59472				2
2026.05.07	00:37:21.642		0.59535			4
2026.05.07	00:37:21.942	0.59475	0.59534			6
2026.05.07	00:37:22.242	0.59469	0.59535			6
2026.05.07	00:37:23.143		0.59534			4
2026.05.07	00:37:24.946		0.59535			4
2026.05.07	00:37:25.546		0.59534			4
2026.05.07	00:37:26.746	0.59470	0.59535			6
2026.05.07	00:37:27.047	0.59469				2
2026.05.07	00:37:27.347	0.59470	0.59534			6
2026.05.07	00:37:27.649	0.59469				2
2026.05.07	00:37:29.151		0.59535			4
2026.05.07	00:37:29.752		0.59534			4
2026.05.07	00:37:32.165	0.59473				2
2026.05.07	00:37:32.991	0.59474				2
2026.05.07	00:37:33.292	0.59469	0.59535			6
2026.05.07	00:37:34.194	0.59473				2
2026.05.07	00:37:34.494	0.59469				2
2026.05.07	00:37:34.794		0.59534			4
2026.05.07	00:37:35.696	0.59473				2
2026.05.07	00:37:36.792	0.59471				2
2026.05.07	00:37:37.093	0.59469				2
2026.05.07	00:37:37.395	0.59473	0.59535			6
2026.05.07	00:37:37.695	0.59474	0.59534			6
2026.05.07	00:37:37.997	0.59469				2
2026.05.07	00:37:38.597		0.59535			4
2026.05.07	00:37:38.896		0.59534			4
2026.05.07	00:37:40.099		0.59535			4
2026.05.07	00:37:41.607		0.59534			4
2026.05.07	00:37:44.319		0.59535			4
2026.05.07	00:37:44.920		0.59534			4
2026.05.07	00:37:45.223	0.59471				2
2026.05.07	00:37:45.522	0.59469	0.59535			6
2026.05.07	00:37:47.024		0.59534			4
2026.05.07	00:37:48.228		0.59535			4
2026.05.07	00:37:48.528		0.59534			4
2026.05.07	00:37:49.432		0.59535			4
2026.05.07	00:37:49.733		0.59534			4
2026.05.07	00:37:50.333		0.59535			4
2026.05.07	00:37:50.633		0.59534			4
2026.05.07	00:37:50.933		0.59535			4
2026.05.07	00:37:51.835		0.59534			4
2026.05.07	00:37:52.134	0.59474				2
2026.05.07	00:37:52.436	0.59469	0.59535			6
2026.05.07	00:37:52.737	0.59470				2
2026.05.07	00:37:53.042	0.59469				2
2026.05.07	00:37:53.942		0.59534			4
2026.05.07	00:37:58.463	0.59474				2
2026.05.07	00:37:58.763	0.59469	0.59535			6
2026.05.07	00:37:59.369		0.59534			4
2026.05.07	00:37:59.969		0.59533			4
2026.05.07	00:38:00.269	0.59469				2
2026.05.07	00:38:01.173		0.59534			4
2026.05.07	00:38:01.473	0.59476				2
2026.05.07	00:38:02.421	0.59472				2
2026.05.07	00:38:03.626	0.59469	0.59535			6
2026.05.07	00:38:03.926	0.59470	0.59534			6
2026.05.07	00:38:04.529	0.59476				2
2026.05.07	00:38:04.830	0.59470				2
2026.05.07	00:38:05.735	0.59469				2
2026.05.07	00:38:06.337	0.59476				2
2026.05.07	00:38:06.639	0.59469				2
2026.05.07	00:38:06.939	0.59476				2
2026.05.07	00:38:07.240	0.59469	0.59535			6
2026.05.07	00:38:07.542	0.59474	0.59534			6
2026.05.07	00:38:07.843	0.59469				2
2026.05.07	00:38:08.143	0.59472				2
2026.05.07	00:38:08.444	0.59469	0.59535			6
2026.05.07	00:38:09.045	0.59478				2
2026.05.07	00:38:09.646	0.59479	0.59534			6
2026.05.07	00:38:09.946	0.59471				2
2026.05.07	00:38:10.546	0.59472				2
2026.05.07	00:38:12.653	0.59469	0.59533			6
2026.05.07	00:38:12.954	0.59475				2
2026.05.07	00:38:13.865	0.59469				2
2026.05.07	00:38:15.370	0.59472				2
2026.05.07	00:38:16.572	0.59468	0.59534			6
2026.05.07	00:38:16.873		0.59535			4
2026.05.07	00:38:24.996	0.59470				2
2026.05.07	00:38:25.297	0.59468				2
2026.05.07	00:38:26.197	0.59475				2
2026.05.07	00:38:26.823	0.59473				2
2026.05.07	00:38:27.124	0.59468				2
2026.05.07	00:38:30.733	0.59472				2
2026.05.07	00:38:31.034	0.59468				2
2026.05.07	00:38:31.334	0.59473				2
2026.05.07	00:38:31.635	0.59474				2
2026.05.07	00:38:32.631	0.59471				2
2026.05.07	00:38:32.932	0.59472				2
2026.05.07	00:38:33.232	0.59475				2
2026.05.07	00:38:43.260	0.59468				2
2026.05.07	00:38:43.561	0.59474				2
2026.05.07	00:38:43.860	0.59477				2
2026.05.07	00:38:46.042	0.59478				2
2026.05.07	00:38:47.369	0.59477				2
2026.05.07	00:38:48.643	0.59468				2
2026.05.07	00:38:49.244	0.59481				2
2026.05.07	00:38:53.415	0.59473	0.59549			6
2026.05.07	00:38:53.714	0.59492	0.59550			6
2026.05.07	00:38:54.015	0.59469	0.59553			6
2026.05.07	00:38:54.316	0.59479	0.59556			6
2026.05.07	00:38:54.617	0.59485				2
2026.05.07	00:38:54.920	0.59479				2
2026.05.07	00:38:55.220	0.59485				2
2026.05.07	00:38:55.520	0.59506	0.59554			6
2026.05.07	00:38:55.820	0.59485	0.59557			6
2026.05.07	00:38:56.122	0.59487	0.59555			6
2026.05.07	00:38:56.423	0.59486	0.59557			6
2026.05.07	00:38:56.723	0.59485	0.59556			6
2026.05.07	00:38:57.024	0.59483	0.59557			6
2026.05.07	00:38:57.723	0.59484				2
2026.05.07	00:38:58.022	0.59516	0.59558			6
2026.05.07	00:38:58.625	0.59514	0.59560			6
2026.05.07	00:39:00.108	0.59514				2
2026.05.07	00:39:04.075	0.59515	0.59559			6
2026.05.07	00:39:05.079	0.59514	0.59560			6
2026.05.07	00:39:09.711	0.59519	0.59556			6
2026.05.07	00:39:11.888	0.59520				2
2026.05.07	00:39:12.225		0.59558			4
2026.05.07	00:39:12.526	0.59513				2
2026.05.07	00:39:12.829		0.59556			4
2026.05.07	00:39:13.501	0.59522	0.59581			6
2026.05.07	00:39:13.801	0.59526				2
2026.05.07	00:39:14.703	0.59527				2
2026.05.07	00:39:15.005	0.59529				2
2026.05.07	00:39:15.308	0.59533				2
2026.05.07	00:39:16.812	0.59530				2
2026.05.07	00:39:23.135	0.59531				2
2026.05.07	00:39:23.435	0.59535				2
2026.05.07	00:39:27.647	0.59534				2
2026.05.07	00:39:27.947	0.59535				2
2026.05.07	00:39:28.250	0.59538				2
2026.05.07	00:39:28.551	0.59535				2
2026.05.07	00:39:28.851	0.59540				2
2026.05.07	00:39:29.452	0.59538				2
2026.05.07	00:39:29.751	0.59536				2
2026.05.07	00:39:30.052	0.59539				2
2026.05.07	00:39:30.653	0.59535				2
2026.05.07	00:39:30.953	0.59537				2
2026.05.07	00:39:31.252	0.59535				2
2026.05.07	00:39:39.073	0.59534				2
2026.05.07	00:39:39.977	0.59537				2
2026.05.07	00:39:40.278	0.59538				2
2026.05.07	00:39:40.579	0.59535				2
2026.05.07	00:39:40.880	0.59536				2
2026.05.07	00:39:43.891	0.59537				2
2026.05.07	00:39:45.997	0.59536				2
2026.05.07	00:39:50.518	0.59538				2
2026.05.07	00:39:50.820	0.59535				2
2026.05.07	00:39:51.123	0.59538				2
2026.05.07	00:39:52.324	0.59537				2
2026.05.07	00:39:54.729	0.59538				2
2026.05.07	00:39:56.834	0.59539				2
2026.05.07	00:39:58.336	0.59538				2
2026.05.07	00:40:00.137	0.59538				2
2026.05.07	00:40:01.037	0.59536				2
2026.05.07	00:40:01.641	0.59535				2
2026.05.07	00:40:01.942	0.59534				2
2026.05.07	00:40:02.242	0.59530				2
2026.05.07	00:40:02.542	0.59533				2
2026.05.07	00:40:02.842	0.59534				2
2026.05.07	00:40:03.142	0.59529				2
2026.05.07	00:40:03.443	0.59533				2
2026.05.07	00:40:03.743	0.59532	0.59580			6
2026.05.07	00:40:04.044	0.59531				2
2026.05.07	00:40:04.344	0.59533				2
2026.05.07	00:40:04.946	0.59532				2
2026.05.07	00:40:05.246		0.59581			4
2026.05.07	00:40:05.546	0.59533				2
2026.05.07	00:40:06.447	0.59532				2
2026.05.07	00:40:07.220		0.59578			4
2026.05.07	00:40:07.520	0.59531	0.59580			6
2026.05.07	00:40:07.820	0.59533				2
2026.05.07	00:40:10.082	0.59534	0.59581			6
2026.05.07	00:40:10.383	0.59536				2
2026.05.07	00:40:10.983	0.59534	0.59579			6
2026.05.07	00:40:11.284	0.59533	0.59578			6
2026.05.07	00:40:11.583	0.59532				2
2026.05.07	00:40:12.377	0.59533				2
2026.05.07	00:40:12.677	0.59535				2
2026.05.07	00:40:14.749		0.59579			4
2026.05.07	00:40:18.108		0.59577			4
2026.05.07	00:40:20.891	0.59537	0.59581			6
2026.05.07	00:40:21.191	0.59535	0.59580			6
2026.05.07	00:40:21.494	0.59537				2
2026.05.07	00:40:22.096	0.59538				2
2026.05.07	00:40:22.395	0.59537				2
2026.05.07	00:40:26.201	0.59536				2
2026.05.07	00:40:26.502		0.59576			4
2026.05.07	00:40:26.804	0.59533	0.59581			6
2026.05.07	00:40:27.108	0.59535				2
2026.05.07	00:40:27.408	0.59538	0.59580			6
2026.05.07	00:40:27.711	0.59537				2
2026.05.07	00:40:28.013		0.59581			4
2026.05.07	00:40:30.913		0.59580			4
2026.05.07	00:40:31.213	0.59536				2
2026.05.07	00:40:31.514	0.59531				2
2026.05.07	00:40:32.029		0.59579			4
2026.05.07	00:40:32.329	0.59533	0.59577			6
2026.05.07	00:40:32.629	0.59531				2
2026.05.07	00:40:32.929	0.59530	0.59579			6
2026.05.07	00:40:33.231	0.59529				2
2026.05.07	00:40:33.531	0.59540	0.59581			6
2026.05.07	00:40:33.832	0.59542				2
2026.05.07	00:40:34.433	0.59540				2
2026.05.07	00:40:34.735	0.59542				2
2026.05.07	00:40:36.236	0.59543				2
2026.05.07	00:40:36.539	0.59542				2
2026.05.07	00:40:40.150	0.59541				2
2026.05.07	00:40:40.452	0.59543				2
2026.05.07	00:40:41.052	0.59542				2
2026.05.07	00:40:41.353	0.59543				2
2026.05.07	00:40:45.569	0.59544				2
2026.05.07	00:40:45.869	0.59545				2
2026.05.07	00:40:46.170	0.59543				2
2026.05.07	00:40:46.470	0.59545				2
2026.05.07	00:40:46.771	0.59543				2
2026.05.07	00:40:47.373	0.59545				2
2026.05.07	00:40:48.575	0.59538	0.59580			6
2026.05.07	00:40:48.877	0.59533	0.59578			6
2026.05.07	00:40:49.176	0.59531	0.59577			6
2026.05.07	00:40:49.480	0.59528	0.59580			6
2026.05.07	00:40:50.186	0.59530				2
2026.05.07	00:40:50.486	0.59529				2
2026.05.07	00:40:50.787	0.59530				2
2026.05.07	00:40:52.381	0.59529				2
2026.05.07	00:40:52.982	0.59528				2
2026.05.07	00:40:53.756	0.59529				2
2026.05.07	00:40:54.056	0.59528				2
2026.05.07	00:40:54.358	0.59529				2
2026.05.07	00:40:54.756	0.59530				2
2026.05.07	00:40:55.056	0.59528				2
2026.05.07	00:40:56.052	0.59530				2
2026.05.07	00:40:56.412	0.59531				2
2026.05.07	00:40:56.712	0.59530				2
2026.05.07	00:40:57.012	0.59528				2
2026.05.07	00:40:57.313	0.59531				2
2026.05.07	00:40:57.613	0.59536	0.59578			6
2026.05.07	00:40:57.915	0.59537	0.59579			6
2026.05.07	00:40:58.214	0.59538	0.59580			6
2026.05.07	00:40:58.515	0.59536	0.59577			6
2026.05.07	00:40:58.815		0.59573			4
2026.05.07	00:40:59.115	0.59537				2
2026.05.07	00:41:00.018	0.59537				2
2026.05.07	00:41:00.318	0.59539				2
2026.05.07	00:41:00.920	0.59541				2
2026.05.07	00:41:01.523	0.59539				2
2026.05.07	00:41:01.823	0.59540				2
2026.05.07	00:41:02.123	0.59539				2
2026.05.07	00:41:03.325		0.59577			4
2026.05.07	00:41:03.625	0.59542	0.59580			6
2026.05.07	00:41:03.925	0.59541				2
2026.05.07	00:41:04.225	0.59542	0.59575			6
2026.05.07	00:41:04.527	0.59544	0.59579			6
2026.05.07	00:41:04.827	0.59540				2
2026.05.07	00:41:05.128	0.59542	0.59573			6
2026.05.07	00:41:05.428	0.59543				2
2026.05.07	00:41:05.729	0.59544				2
2026.05.07	00:41:06.330	0.59542	0.59578			6
2026.05.07	00:41:06.632	0.59543				2
2026.05.07	00:41:06.932		0.59572			4
2026.05.07	00:41:07.832	0.59541				2
2026.05.07	00:41:09.936	0.59543	0.59575			6
2026.05.07	00:41:10.536	0.59544	0.59577			6
2026.05.07	00:41:10.836		0.59575			4
2026.05.07	00:41:11.137	0.59543	0.59576			6
2026.05.07	00:41:11.737	0.59544				2
2026.05.07	00:41:12.039		0.59573			4
2026.05.07	00:41:16.251		0.59574			4
2026.05.07	00:41:16.551	0.59542	0.59577			6
2026.05.07	00:41:16.852	0.59545				2
2026.05.07	00:41:17.752	0.59544	0.59571			6
2026.05.07	00:41:18.053	0.59545				2
2026.05.07	00:41:18.653	0.59543	0.59572			6
2026.05.07	00:41:18.953	0.59541	0.59573			6
2026.05.07	00:41:19.256	0.59544	0.59574			6
2026.05.07	00:41:19.556	0.59548	0.59576			6
2026.05.07	00:41:19.856	0.59544				2
2026.05.07	00:41:20.158	0.59552	0.59579			6
2026.05.07	00:41:20.460	0.59543	0.59581			6
2026.05.07	00:41:20.759	0.59542				2
2026.05.07	00:41:21.065	0.59543				2
2026.05.07	00:41:24.376	0.59544				2
2026.05.07	00:41:25.278	0.59545				2
2026.05.07	00:41:28.590	0.59544				2
2026.05.07	00:41:29.193	0.59545				2
2026.05.07	00:41:29.492	0.59544	0.59578			6
2026.05.07	00:41:29.793	0.59545				2
2026.05.07	00:41:35.504	0.59539	0.59581			6
2026.05.07	00:41:35.804	0.59546				2
2026.05.07	00:41:36.106	0.59545				2
2026.05.07	00:41:36.408		0.59579			4
2026.05.07	00:41:39.114		0.59580			4
2026.05.07	00:41:39.414	0.59544				2
2026.05.07	00:41:39.715	0.59543	0.59581			6
2026.05.07	00:41:42.423	0.59542				2
2026.05.07	00:41:48.137	0.59541				2
2026.05.07	00:41:49.943	0.59542				2
2026.05.07	00:41:50.242	0.59540	0.59575			6
2026.05.07	00:41:50.542		0.59579			4
2026.05.07	00:41:50.842	0.59539				2
2026.05.07	00:41:51.143	0.59543	0.59581			6
2026.05.07	00:41:51.442	0.59541				2
2026.05.07	00:41:52.347		0.59576			4
2026.05.07	00:41:57.157	0.59544	0.59581			6
2026.05.07	00:41:57.763	0.59543				2
2026.05.07	00:41:58.064	0.59544				2
2026.05.07	00:41:58.366	0.59542				2
2026.05.07	00:42:00.172	0.59542				2
2026.05.07	00:42:02.276	0.59540				2
2026.05.07	00:42:02.576	0.59541				2
2026.05.07	00:42:07.396	0.59543				2
2026.05.07	00:42:07.697	0.59542	0.59577			6
2026.05.07	00:42:07.997	0.59536	0.59581			6
2026.05.07	00:42:08.297	0.59534				2
2026.05.07	00:42:08.899	0.59532				2
2026.05.07	00:42:10.712	0.59527	0.59575			6
2026.05.07	00:42:12.217	0.59531	0.59579			6
2026.05.07	00:42:19.128	0.59534	0.59581			6
2026.05.07	00:42:19.432	0.59532				2
2026.05.07	00:42:19.732		0.59575			4
2026.05.07	00:42:20.934	0.59534				2
2026.05.07	00:42:21.235	0.59535				2
2026.05.07	00:42:21.536	0.59534				2
2026.05.07	00:42:22.437	0.59533				2
2026.05.07	00:42:25.146	0.59536	0.59581			6
2026.05.07	00:42:26.948	0.59539	0.59578			6
2026.05.07	00:42:27.850	0.59545	0.59604			6
2026.05.07	00:42:28.152	0.59547				2
2026.05.07	00:42:28.452	0.59551				2
2026.05.07	00:42:28.753	0.59553				2
2026.05.07	00:42:29.354	0.59555				2
2026.05.07	00:42:30.255	0.59553				2
2026.05.07	00:42:30.555	0.59555				2
2026.05.07	00:42:30.858	0.59556				2
2026.05.07	00:42:31.767		0.59602			4
2026.05.07	00:42:32.067	0.59555				2
2026.05.07	00:42:33.570	0.59556				2
2026.05.07	00:42:34.173	0.59557				2
2026.05.07	00:42:37.178	0.59556				2
2026.05.07	00:42:38.684	0.59554				2
2026.05.07	00:42:41.392	0.59555				2
2026.05.07	00:42:41.693	0.59554				2
2026.05.07	00:42:44.397	0.59553				2
2026.05.07	00:42:49.520	0.59554				2
2026.05.07	00:42:54.331	0.59553				2
2026.05.07	00:42:57.941	0.59554				2
2026.05.07	00:42:58.242	0.59553				2
2026.05.07	00:42:58.842	0.59554				2
2026.05.07	00:43:00.043	0.59554				2
2026.05.07	00:43:00.946	0.59556				2
2026.05.07	00:43:02.447	0.59557				2
2026.05.07	00:43:03.051	0.59558				2
2026.05.07	00:43:04.252	0.59557				2
2026.05.07	00:43:05.453	0.59558				2
2026.05.07	00:43:06.365	0.59559				2
2026.05.07	00:43:06.966	0.59555				2
2026.05.07	00:43:07.266	0.59557	0.59601			6
2026.05.07	00:43:07.568	0.59558				2
2026.05.07	00:43:07.869	0.59557				2
2026.05.07	00:43:08.169	0.59558	0.59609			6
2026.05.07	00:43:09.072	0.59559				2
2026.05.07	00:43:09.373		0.59602			4
2026.05.07	00:43:12.684	0.59558				2
2026.05.07	00:43:12.984	0.59559				2
2026.05.07	00:43:15.396	0.59560	0.59609			6
2026.05.07	00:43:17.198	0.59559				2
2026.05.07	00:43:18.700	0.59560				2
2026.05.07	00:43:21.415	0.59561				2
2026.05.07	00:43:22.616	0.59560				2
2026.05.07	00:43:25.323	0.59566	0.59612			6
2026.05.07	00:43:25.623		0.59611			4
2026.05.07	00:43:26.224		0.59606			4
2026.05.07	00:43:26.524	0.59568	0.59615			6
2026.05.07	00:43:26.824		0.59611			4
2026.05.07	00:43:27.425	0.59567				2
2026.05.07	00:43:27.727		0.59612			4
2026.05.07	00:43:28.028	0.59568				2
2026.05.07	00:43:29.535	0.59567	0.59607			6
2026.05.07	00:43:29.835	0.59568	0.59612			6
2026.05.07	00:43:31.339	0.59564	0.59606			6
2026.05.07	00:43:33.445	0.59567	0.59612			6
2026.05.07	00:43:33.746	0.59568				2
2026.05.07	00:43:34.346	0.59567				2
2026.05.07	00:43:34.646	0.59568				2
2026.05.07	00:43:34.946	0.59566	0.59614			6
2026.05.07	00:43:35.247		0.59612			4
2026.05.07	00:43:35.547	0.59567	0.59614			6
2026.05.07	00:43:35.848	0.59568	0.59610			6
2026.05.07	00:43:36.750	0.59566	0.59612			6
2026.05.07	00:43:37.052	0.59567				2
2026.05.07	00:43:37.351	0.59566				2
2026.05.07	00:43:38.556	0.59567				2
2026.05.07	00:43:39.156	0.59566				2
2026.05.07	00:43:39.457	0.59568				2
2026.05.07	00:43:39.757	0.59562				2
2026.05.07	00:43:40.359	0.59564				2
2026.05.07	00:43:40.966	0.59562				2
2026.05.07	00:43:42.167	0.59561				2
2026.05.07	00:43:44.873	0.59562				2
2026.05.07	00:43:45.175	0.59563				2
2026.05.07	00:43:45.476	0.59571	0.59660			6
2026.05.07	00:43:45.777	0.59567	0.59670			6
2026.05.07	00:43:46.077		0.59704			4
2026.05.07	00:43:46.377		0.59707			4
2026.05.07	00:43:46.678	0.59560	0.59670			6
2026.05.07	00:43:46.978		0.59662			4
2026.05.07	00:43:47.278	0.59558	0.59697			6
2026.05.07	00:43:47.580	0.59554	0.59663			6
2026.05.07	00:43:47.880	0.59556	0.59704			6
2026.05.07	00:43:48.180	0.59562	0.59663			6
2026.05.07	00:43:48.481	0.59560				2
2026.05.07	00:43:48.780	0.59563	0.59700			6
2026.05.07	00:43:49.080	0.59556	0.59664			6
2026.05.07	00:43:49.381	0.59569	0.59670			6
2026.05.07	00:43:49.682	0.59568	0.59669			6
2026.05.07	00:43:50.283	0.59556	0.59664			6
2026.05.07	00:43:50.583	0.59561	0.59702			6
2026.05.07	00:43:50.883	0.59558	0.59670			6
2026.05.07	00:43:51.183	0.59559	0.59702			6
2026.05.07	00:43:51.484	0.59557	0.59667			6
2026.05.07	00:43:51.784	0.59554	0.59666			6
2026.05.07	00:43:52.085	0.59558	0.59671			6
2026.05.07	00:43:52.385		0.59694			4
2026.05.07	00:43:52.686	0.59556	0.59661			6
2026.05.07	00:43:52.987	0.59558	0.59694			6
2026.05.07	00:43:53.286	0.59556	0.59663			6
2026.05.07	00:43:53.587	0.59554	0.59664			6
2026.05.07	00:43:53.886	0.59556	0.59694			6
2026.05.07	00:43:54.186	0.59553	0.59661			6
2026.05.07	00:43:54.486	0.59549	0.59705			6
2026.05.07	00:43:54.787	0.59558	0.59710			6
2026.05.07	00:43:55.087	0.59552	0.59663			6
2026.05.07	00:43:55.386	0.59555				2
2026.05.07	00:43:55.687	0.59557	0.59662			6
2026.05.07	00:43:55.988	0.59556	0.59667			6
2026.05.07	00:43:56.289	0.59552	0.59690			6
2026.05.07	00:43:56.589	0.59553	0.59662			6
2026.05.07	00:43:56.889	0.59551	0.59666			6
2026.05.07	00:43:57.189	0.59553	0.59709			6
2026.05.07	00:43:57.490	0.59557	0.59663			6
2026.05.07	00:43:57.790	0.59559	0.59669			6
2026.05.07	00:43:58.092	0.59554	0.59713			6
2026.05.07	00:43:58.392	0.59557	0.59697			6
2026.05.07	00:43:58.693	0.59554	0.59666			6
2026.05.07	00:43:58.993	0.59553	0.59695			6
2026.05.07	00:43:59.293	0.59555	0.59668			6
2026.05.07	00:43:59.594	0.59560	0.59665			6
2026.05.07	00:43:59.894	0.59555	0.59713			6
2026.05.07	00:44:00.195	0.59559	0.59663			6
2026.05.07	00:44:00.494	0.59556	0.59699			6
2026.05.07	00:44:00.793	0.59559	0.59666			6
2026.05.07	00:44:01.094	0.59561				2
2026.05.07	00:44:01.995	0.59552	0.59631			6
2026.05.07	00:44:02.295	0.59561	0.59673			6
2026.05.07	00:44:02.594		0.59695			4
2026.05.07	00:44:02.895	0.59555	0.59675			6
2026.05.07	00:44:03.196		0.59709			4
2026.05.07	00:44:03.496	0.59558	0.59673			6
2026.05.07	00:44:03.796	0.59557	0.59668			6
2026.05.07	00:44:04.097	0.59564	0.59648			6
2026.05.07	00:44:04.397	0.59562	0.59707			6
2026.05.07	00:44:04.697		0.59666			4
2026.05.07	00:44:04.997	0.59564	0.59703			6
2026.05.07	00:44:05.297	0.59571	0.59670			6
2026.05.07	00:44:05.599	0.59567				2
2026.05.07	00:44:05.899	0.59565	0.59706			6
2026.05.07	00:44:06.199		0.59712			4
2026.05.07	00:44:06.501	0.59560	0.59674			6
2026.05.07	00:44:06.802	0.59562	0.59670			6
2026.05.07	00:44:07.103	0.59565	0.59671			6
2026.05.07	00:44:07.403	0.59567	0.59650			6
2026.05.07	00:44:07.706		0.59663			4
2026.05.07	00:44:08.007	0.59555	0.59653			6
2026.05.07	00:44:08.306	0.59552	0.59642			6
2026.05.07	00:44:08.607	0.59563	0.59666			6
2026.05.07	00:44:08.907	0.59561	0.59643			6
2026.05.07	00:44:09.207	0.59568	0.59658			6
2026.05.07	00:44:09.508	0.59563	0.59649			6
2026.05.07	00:44:09.810		0.59655			4
2026.05.07	00:44:10.110	0.59565	0.59664			6
2026.05.07	00:44:10.411		0.59666			4
2026.05.07	00:44:10.712	0.59567	0.59672			6
2026.05.07	00:44:11.012	0.59561	0.59708			6
2026.05.07	00:44:11.313	0.59564	0.59666			6
2026.05.07	00:44:11.612	0.59559	0.59667			6
2026.05.07	00:44:11.913	0.59563				2
2026.05.07	00:44:12.214	0.59562	0.59665			6
2026.05.07	00:44:12.516	0.59568	0.59667			6
2026.05.07	00:44:12.817	0.59565	0.59706			6
2026.05.07	00:44:13.117	0.59561	0.59667			6
2026.05.07	00:44:13.417	0.59566	0.59666			6
2026.05.07	00:44:13.717	0.59567	0.59665			6
2026.05.07	00:44:14.317	0.59561	0.59668			6
2026.05.07	00:44:14.616	0.59560	0.59708			6
2026.05.07	00:44:14.920	0.59565	0.59669			6
2026.05.07	00:44:15.220	0.59562	0.59666			6
2026.05.07	00:44:15.521	0.59568				2
2026.05.07	00:44:15.823		0.59654			4
2026.05.07	00:44:16.122	0.59558	0.59671			6
2026.05.07	00:44:16.424	0.59567	0.59669			6
2026.05.07	00:44:16.724	0.59574	0.59660			6
2026.05.07	00:44:17.325	0.59557	0.59653			6
2026.05.07	00:44:17.628	0.59556	0.59634			6
2026.05.07	00:44:17.932	0.59566	0.59662			6
2026.05.07	00:44:18.232	0.59564				2
2026.05.07	00:44:18.532	0.59560	0.59704			6
2026.05.07	00:44:18.832	0.59562	0.59669			6
2026.05.07	00:44:19.133	0.59561	0.59670			6
2026.05.07	00:44:19.435	0.59567	0.59667			6
2026.05.07	00:44:19.736	0.59568	0.59653			6
2026.05.07	00:44:20.036	0.59557	0.59702			6
2026.05.07	00:44:20.337	0.59563	0.59709			6
2026.05.07	00:44:20.637	0.59561	0.59666			6
2026.05.07	00:44:20.937	0.59562	0.59673			6
2026.05.07	00:44:21.237	0.59561	0.59669			6
2026.05.07	00:44:21.538	0.59567	0.59667			6
2026.05.07	00:44:21.838	0.59558	0.59698			6
2026.05.07	00:44:22.138	0.59561	0.59667			6
2026.05.07	00:44:22.439	0.59565	0.59672			6
2026.05.07	00:44:22.740	0.59560	0.59671			6
2026.05.07	00:44:23.042	0.59565	0.59670			6
2026.05.07	00:44:23.342	0.59559	0.59658			6
2026.05.07	00:44:23.944	0.59567	0.59649			6
2026.05.07	00:44:24.244	0.59556	0.59638			6
2026.05.07	00:44:24.545	0.59550	0.59624			6
2026.05.07	00:44:24.847	0.59563	0.59663			6
2026.05.07	00:44:25.148		0.59653			4
2026.05.07	00:44:25.450	0.59562				2
2026.05.07	00:44:25.751	0.59563	0.59649			6
2026.05.07	00:44:26.051	0.59552	0.59635			6
2026.05.07	00:44:26.352	0.59557	0.59626			6
2026.05.07	00:44:26.652	0.59561	0.59697			6
2026.05.07	00:44:26.952	0.59569	0.59713			6
2026.05.07	00:44:27.252	0.59561				2
2026.05.07	00:44:27.553		0.59668			4
2026.05.07	00:44:27.852	0.59562	0.59713			6
2026.05.07	00:44:28.153		0.59667			4
2026.05.07	00:44:28.453	0.59563				2
2026.05.07	00:44:28.754	0.59561	0.59665			6
2026.05.07	00:44:29.053	0.59562	0.59695			6
2026.05.07	00:44:29.353	0.59561	0.59661			6
2026.05.07	00:44:29.654	0.59558	0.59707			6
2026.05.07	00:44:29.955	0.59560	0.59665			6
2026.05.07	00:44:30.256	0.59561	0.59668			6
2026.05.07	00:44:30.558	0.59563	0.59669			6
2026.05.07	00:44:30.862	0.59562				2
2026.05.07	00:44:31.164		0.59648			4
2026.05.07	00:44:31.464	0.59559	0.59647			6
2026.05.07	00:44:31.765	0.59558	0.59637			6
2026.05.07	00:44:32.065		0.59623			4
2026.05.07	00:44:32.365	0.59557	0.59664			6
2026.05.07	00:44:32.666		0.59665			4
2026.05.07	00:44:32.966		0.59649			4
2026.05.07	00:44:33.266		0.59650			4
2026.05.07	00:44:33.568		0.59633			4
2026.05.07	00:44:33.868	0.59560	0.59625			6
2026.05.07	00:44:34.168	0.59559	0.59627			6
2026.05.07	00:44:34.468	0.59558				2
2026.05.07	00:44:35.069	0.59550	0.59613			6
2026.05.07	00:44:35.369	0.59555	0.59626			6
2026.05.07	00:44:35.971	0.59559				2
2026.05.07	00:44:36.271	0.59553	0.59615			6
2026.05.07	00:44:37.172	0.59552				2
2026.05.07	00:44:37.473	0.59558	0.59626			6
2026.05.07	00:44:37.774	0.59557				2
2026.05.07	00:44:38.374	0.59551	0.59610			6
2026.05.07	00:44:38.675	0.59561	0.59626			6
2026.05.07	00:44:39.578	0.59551	0.59607			6
2026.05.07	00:44:39.878	0.59557	0.59626			6
2026.05.07	00:44:40.782	0.59556				2
2026.05.07	00:44:41.983	0.59549	0.59608			6
2026.05.07	00:44:42.283	0.59558	0.59626			6
2026.05.07	00:44:43.184	0.59560				2
2026.05.07	00:44:43.485	0.59559				2
2026.05.07	00:44:43.785	0.59560				2
2026.05.07	00:44:44.390	0.59554	0.59610			6
2026.05.07	00:44:44.690	0.59552	0.59626			6
2026.05.07	00:44:47.996	0.59554	0.59604			6
2026.05.07	00:44:48.296	0.59547	0.59603			6
2026.05.07	00:44:51.013	0.59557	0.59626			6
2026.05.07	00:44:51.974		0.59624			4
2026.05.07	00:44:52.275		0.59608			4
2026.05.07	00:44:52.576	0.59555	0.59607			6
2026.05.07	00:44:52.875	0.59556	0.59624			6
2026.05.07	00:44:53.176	0.59558				2
2026.05.07	00:44:54.078	0.59556				2
2026.05.07	00:44:54.377	0.59560				2
2026.05.07	00:44:55.279	0.59559				2
2026.05.07	00:44:55.579	0.59562	0.59623			6
2026.05.07	00:44:55.883	0.59561				2
2026.05.07	00:44:57.089	0.59553	0.59607			6
2026.05.07	00:44:57.389	0.59552				2
2026.05.07	00:44:57.689	0.59553				2
2026.05.07	00:45:00.095	0.59553				2
2026.05.07	00:45:02.798	0.59547	0.59623			6
2026.05.07	00:45:03.097		0.59625			4
2026.05.07	00:45:03.400	0.59548	0.59621			6
2026.05.07	00:45:04.305	0.59542				2
2026.05.07	00:45:04.605	0.59541	0.59609			6
2026.05.07	00:45:05.814	0.59553	0.59606			6
2026.05.07	00:45:07.208	0.59551	0.59618			6
2026.05.07	00:45:07.507	0.59552	0.59624			6
2026.05.07	00:45:07.812	0.59553	0.59618			6
2026.05.07	00:45:08.113	0.59551				2
2026.05.07	00:45:08.413	0.59554	0.59617			6
2026.05.07	00:45:08.714	0.59553	0.59609			6
2026.05.07	00:45:10.001		0.59624			4
2026.05.07	00:45:10.304	0.59552				2
2026.05.07	00:45:10.606	0.59549				2
2026.05.07	00:45:10.906	0.59552	0.59616			6
2026.05.07	00:45:11.207	0.59550	0.59624			6
2026.05.07	00:45:11.510	0.59551				2
2026.05.07	00:45:12.110		0.59608			4
2026.05.07	00:45:12.411	0.59552	0.59624			6
2026.05.07	00:45:12.712	0.59556	0.59617			6
2026.05.07	00:45:13.013	0.59557				2
2026.05.07	00:45:13.312	0.59555	0.59624			6
2026.05.07	00:45:13.618	0.59556	0.59617			6
2026.05.07	00:45:14.519	0.59553	0.59606			6
2026.05.07	00:45:16.443		0.59622			4
2026.05.07	00:45:16.745		0.59617			4
2026.05.07	00:45:17.647	0.59551	0.59608			6
2026.05.07	00:45:17.947	0.59552	0.59624			6
2026.05.07	00:45:18.849	0.59550	0.59617			6
2026.05.07	00:45:19.149		0.59624			4
2026.05.07	00:45:19.451	0.59549				2
2026.05.07	00:45:19.751	0.59554	0.59621			6
2026.05.07	00:45:20.052	0.59556	0.59624			6
2026.05.07	00:45:20.352	0.59554	0.59617			6
2026.05.07	00:45:21.553	0.59548	0.59624			6
2026.05.07	00:45:21.852	0.59544				2
2026.05.07	00:45:22.455	0.59548	0.59604			6
2026.05.07	00:45:27.132		0.59579			4
2026.05.07	00:45:27.733		0.59604			4
2026.05.07	00:45:28.033		0.59579			4
2026.05.07	00:45:28.333		0.59604			4
2026.05.07	00:45:28.634		0.59579			4
2026.05.07	00:45:28.934		0.59604			4
2026.05.07	00:45:29.234		0.59579			4
2026.05.07	00:45:29.536		0.59604			4
2026.05.07	00:45:29.836		0.59579			4
2026.05.07	00:45:30.136		0.59604			4
2026.05.07	00:45:30.437		0.59579			4
2026.05.07	00:45:30.738		0.59604			4
2026.05.07	00:45:39.306	0.59545	0.59624			6
2026.05.07	00:45:39.607	0.59546				2
2026.05.07	00:45:40.494	0.59551	0.59604			6
2026.05.07	00:45:51.942	0.59552	0.59623			6
2026.05.07	00:45:52.242		0.59616			4
2026.05.07	00:45:53.145	0.59539	0.59624			6
2026.05.07	00:45:54.047	0.59552	0.59606			6
2026.05.07	00:45:54.351	0.59539	0.59624			6
2026.05.07	00:45:55.435	0.59538				2
2026.05.07	00:45:56.337	0.59551	0.59606			6
2026.05.07	00:45:56.638	0.59538	0.59624			6
2026.05.07	00:45:57.729	0.59551	0.59607			6
2026.05.07	00:46:00.646	0.59551				2
2026.05.07	00:46:01.246	0.59538	0.59624			6
2026.05.07	00:46:01.548	0.59552	0.59613			6
2026.05.07	00:46:02.450		0.59623			4
2026.05.07	00:46:02.751	0.59553	0.59613			6
2026.05.07	00:46:03.351	0.59538	0.59624			6
2026.05.07	00:46:04.835	0.59539				2
2026.05.07	00:46:05.685	0.59554	0.59623			6
2026.05.07	00:46:05.985	0.59552	0.59610			6
2026.05.07	00:46:06.886		0.59606			4
2026.05.07	00:46:07.186	0.59553	0.59624			6
2026.05.07	00:46:07.487		0.59609			4
2026.05.07	00:46:08.088		0.59612			4
2026.05.07	00:46:08.389	0.59540	0.59613			6
2026.05.07	00:46:08.688		0.59624			4
2026.05.07	00:46:08.990	0.59541				2
2026.05.07	00:46:09.592	0.59552	0.59623			6
2026.05.07	00:46:09.894	0.59554	0.59609			6
2026.05.07	00:46:10.194	0.59540	0.59624			6
2026.05.07	00:46:11.185	0.59539				2
2026.05.07	00:46:12.335	0.59552	0.59623			6
2026.05.07	00:46:12.635		0.59612			4
2026.05.07	00:46:13.537		0.59605			4
2026.05.07	00:46:13.838	0.59539	0.59624			6
2026.05.07	00:46:14.739	0.59551	0.59609			6
2026.05.07	00:46:15.042	0.59538	0.59624			6
2026.05.07	00:46:16.996	0.59552	0.59604			6
2026.05.07	00:46:20.952	0.59538	0.59624			6
2026.05.07	00:46:21.985	0.59553	0.59604			6
2026.05.07	00:46:36.456	0.59554	0.59623			6
2026.05.07	00:46:36.756	0.59552	0.59616			6
2026.05.07	00:46:37.055		0.59607			4
2026.05.07	00:46:37.656	0.59541	0.59608			6
2026.05.07	00:46:37.958	0.59553	0.59611			6
2026.05.07	00:46:38.862		0.59606			4
2026.05.07	00:46:39.464	0.59541	0.59611			6
2026.05.07	00:46:39.765	0.59552	0.59614			6
2026.05.07	00:46:40.366	0.59553	0.59615			6
2026.05.07	00:46:41.269		0.59606			4
2026.05.07	00:46:41.569	0.59540	0.59624			6
2026.05.07	00:46:42.473	0.59552	0.59606			6
2026.05.07	00:46:42.773	0.59540	0.59609			6
2026.05.07	00:46:43.073		0.59624			4
2026.05.07	00:46:43.976		0.59612			4
2026.05.07	00:46:44.277		0.59624			4
2026.05.07	00:46:45.234		0.59614			4
2026.05.07	00:46:45.536		0.59624			4
2026.05.07	00:46:46.437	0.59554	0.59623			6
2026.05.07	00:46:46.737	0.59540	0.59615			6
2026.05.07	00:46:47.040	0.59541	0.59617			6
2026.05.07	00:46:47.339	0.59554	0.59622			6
2026.05.07	00:46:47.640		0.59616			4
2026.05.07	00:46:47.941	0.59552	0.59615			6
2026.05.07	00:46:48.842		0.59606			4
2026.05.07	00:46:54.270	0.59544	0.59632			6
2026.05.07	00:46:54.571		0.59658			4
2026.05.07	00:46:54.873	0.59549	0.59645			6
2026.05.07	00:46:55.172	0.59537	0.59672			6
2026.05.07	00:46:55.472	0.59539	0.59645			6
2026.05.07	00:46:55.772		0.59658			4
2026.05.07	00:46:56.073	0.59542	0.59645			6
2026.05.07	00:46:56.374	0.59537	0.59652			6
2026.05.07	00:46:56.676		0.59633			4
2026.05.07	00:46:56.976		0.59620			4
2026.05.07	00:46:57.277	0.59539	0.59653			6
2026.05.07	00:46:57.576	0.59542	0.59641			6
2026.05.07	00:46:57.878	0.59537				2
2026.05.07	00:46:58.178	0.59539	0.59660			6
2026.05.07	00:46:58.479		0.59700			4
2026.05.07	00:46:58.780		0.59665			4
2026.05.07	00:46:59.080	0.59543	0.59656			6
2026.05.07	00:46:59.381	0.59537				2
2026.05.07	00:46:59.681		0.59645			4
2026.05.07	00:46:59.981	0.59539	0.59685			6
2026.05.07	00:47:00.283	0.59539	0.59651			6
2026.05.07	00:47:00.583		0.59699			4
2026.05.07	00:47:00.884		0.59665			4
2026.05.07	00:47:01.183	0.59544	0.59659			6
2026.05.07	00:47:01.484		0.59661			4
2026.05.07	00:47:01.785	0.59537	0.59645			6
2026.05.07	00:47:02.085	0.59541	0.59633			6
2026.05.07	00:47:02.386	0.59539	0.59655			6
2026.05.07	00:47:02.686	0.59529	0.59713			6
2026.05.07	00:47:02.987	0.59530	0.59655			6
2026.05.07	00:47:03.592	0.59514	0.59705			6
2026.05.07	00:47:03.892	0.59505	0.59665			6
2026.05.07	00:47:04.193	0.59512	0.59703			6
2026.05.07	00:47:04.493	0.59529	0.59661			6
2026.05.07	00:47:04.795	0.59528	0.59711			6
2026.05.07	00:47:05.095		0.59665			4
2026.05.07	00:47:05.395	0.59529	0.59656			6
2026.05.07	00:47:05.695	0.59539	0.59659			6
2026.05.07	00:47:05.996		0.59687			4
2026.05.07	00:47:06.296	0.59553	0.59650			6
2026.05.07	00:47:06.595	0.59548				2
2026.05.07	00:47:06.897	0.59551	0.59664			6
2026.05.07	00:47:07.196	0.59539	0.59658			6
2026.05.07	00:47:07.497	0.59536	0.59657			6
2026.05.07	00:47:07.797	0.59543	0.59660			6
2026.05.07	00:47:08.097	0.59539	0.59689			6
2026.05.07	00:47:08.397	0.59544	0.59660			6
2026.05.07	00:47:08.697	0.59541	0.59659			6
2026.05.07	00:47:08.998		0.59671			4
2026.05.07	00:47:09.297	0.59539	0.59651			6
2026.05.07	00:47:09.597		0.59664			4
2026.05.07	00:47:09.898	0.59545				2
2026.05.07	00:47:11.100		0.59626			4
2026.05.07	00:47:11.401		0.59625			4
2026.05.07	00:47:11.702	0.59544				2
2026.05.07	00:47:12.002		0.59623			4
2026.05.07	00:47:12.604	0.59545	0.59622			6
2026.05.07	00:47:13.215		0.59617			4
2026.05.07	00:47:13.818	0.59532	0.59623			6
2026.05.07	00:47:15.025	0.59545	0.59604			6
2026.05.07	00:47:29.770	0.59533	0.59622			6
2026.05.07	00:47:30.072	0.59546	0.59623			6
2026.05.07	00:47:30.372	0.59533				2
2026.05.07	00:47:31.273	0.59534	0.59605			6
2026.05.07	00:47:31.573		0.59614			4
2026.05.07	00:47:31.874	0.59543	0.59623			6
2026.05.07	00:47:32.177	0.59532				2
2026.05.07	00:47:33.077	0.59546	0.59605			6
2026.05.07	00:47:42.099	0.59533	0.59614			6
2026.05.07	00:47:42.400	0.59545	0.59615			6
2026.05.07	00:47:43.301		0.59607			4
2026.05.07	00:47:43.603	0.59532	0.59623			6
2026.05.07	00:47:44.506	0.59545	0.59606			6
2026.05.07	00:47:44.806	0.59531	0.59623			6
2026.05.07	00:47:45.711	0.59545	0.59609			6
2026.05.07	00:47:46.013		0.59607			4
2026.05.07	00:47:47.517	0.59533				2
2026.05.07	00:47:47.824	0.59545	0.59612			6
2026.05.07	00:47:48.724		0.59607			4
2026.05.07	00:47:49.024		0.59615			4
2026.05.07	00:47:49.325		0.59613			4
2026.05.07	00:47:49.925		0.59607			4
2026.05.07	00:47:50.830	0.59530	0.59614			6
2026.05.07	00:47:51.132		0.59623			4
2026.05.07	00:47:52.033	0.59544				2
2026.05.07	00:47:52.334	0.59546				2
2026.05.07	00:47:52.636		0.59611			4
2026.05.07	00:47:53.537	0.59545	0.59623			6
2026.05.07	00:47:53.837	0.59548	0.59612			6
2026.05.07	00:47:54.740		0.59605			4
2026.05.07	00:47:55.042		0.59604			4
2026.05.07	00:48:00.152	0.59548				2
2026.05.07	00:48:07.673	0.59545	0.59623			6
2026.05.07	00:48:07.973		0.59612			4
2026.05.07	00:48:08.878		0.59607			4
2026.05.07	00:48:12.797	0.59534	0.59622			6
2026.05.07	00:48:13.097	0.59533				2
2026.05.07	00:48:14.300		0.59614			4
2026.05.07	00:48:14.600	0.59545	0.59612			6
2026.05.07	00:48:14.900	0.59534				2
2026.05.07	00:48:15.201	0.59546	0.59622			6
2026.05.07	00:48:15.802	0.59533				2
2026.05.07	00:48:16.412		0.59626			4
2026.05.07	00:48:17.013		0.59625			4
2026.05.07	00:48:17.917	0.59545	0.59607			6
2026.05.07	00:48:18.818	0.59532				2
2026.05.07	00:48:19.118		0.59622			4
2026.05.07	00:48:20.020	0.59533	0.59614			6
2026.05.07	00:48:20.322		0.59622			4
2026.05.07	00:48:21.223	0.59546	0.59607			6
2026.05.07	00:48:21.524	0.59547	0.59612			6
2026.05.07	00:48:22.727	0.59532	0.59622			6
2026.05.07	00:48:23.631	0.59546	0.59606			6
2026.05.07	00:48:23.931	0.59545	0.59612			6
2026.05.07	00:48:24.832		0.59608			4
2026.05.07	00:48:25.132	0.59544	0.59622			6
2026.05.07	00:48:25.433	0.59534				2
2026.05.07	00:48:25.733	0.59533				2
2026.05.07	00:48:26.935	0.59546				2
2026.05.07	00:48:27.234	0.59534	0.59615			6
2026.05.07	00:48:27.534	0.59545	0.59616			6
2026.05.07	00:48:27.835		0.59622			4
2026.05.07	00:48:28.737	0.59543	0.59614			6
2026.05.07	00:48:29.037	0.59532	0.59622			6
2026.05.07	00:48:30.236	0.59544				2
2026.05.07	00:48:30.837	0.59534	0.59615			6
2026.05.07	00:48:31.137	0.59533	0.59616			6
2026.05.07	00:48:31.437	0.59544	0.59622			6
2026.05.07	00:48:31.740	0.59533				2
2026.05.07	00:48:32.644	0.59532	0.59607			6
2026.05.07	00:48:32.945		0.59622			4
2026.05.07	00:48:33.846	0.59545				2
2026.05.07	00:48:34.451		0.59614			4
2026.05.07	00:48:34.751		0.59613			4
2026.05.07	00:48:35.352		0.59607			4
2026.05.07	00:48:37.164	0.59531	0.59622			6
2026.05.07	00:48:38.066	0.59546				2
2026.05.07	00:48:38.366	0.59530				2
2026.05.07	00:48:39.269	0.59529	0.59604			6
2026.05.07	00:48:39.569		0.59622			4
2026.05.07	00:48:44.985	0.59531				2
2026.05.07	00:48:45.893	0.59545	0.59605			6
2026.05.07	00:48:48.899	0.59531	0.59622			6
2026.05.07	00:48:49.807	0.59545	0.59605			6
2026.05.07	00:49:00.032	0.59545				2
2026.05.07	00:49:04.239	0.59532	0.59622			6
2026.05.07	00:49:05.446	0.59546	0.59605			6
2026.05.07	00:49:17.480	0.59532				2
2026.05.07	00:49:17.780		0.59622			4
2026.05.07	00:49:18.984	0.59545	0.59608			6
2026.05.07	00:49:19.284		0.59607			4
2026.05.07	00:49:19.584		0.59608			4
2026.05.07	00:49:29.523	0.59535	0.59622			6
2026.05.07	00:49:30.424	0.59545	0.59605			6
2026.05.07	00:49:30.724	0.59535	0.59622			6
2026.05.07	00:49:31.630	0.59545	0.59605			6
2026.05.07	00:49:31.934	0.59535	0.59622			6
2026.05.07	00:49:32.836	0.59544	0.59611			6
2026.05.07	00:49:33.136	0.59536	0.59622			6
2026.05.07	00:49:34.036	0.59545				2
2026.05.07	00:49:34.637		0.59613			4
2026.05.07	00:49:35.542	0.59535	0.59622			6
2026.05.07	00:49:36.444	0.59544				2
2026.05.07	00:49:36.745		0.59607			4
2026.05.07	00:49:39.448	0.59536	0.59612			6
2026.05.07	00:49:39.752	0.59535	0.59617			6
2026.05.07	00:49:40.052	0.59536				2
2026.05.07	00:49:40.651	0.59545	0.59604			6
2026.05.07	00:49:40.952	0.59536	0.59617			6
2026.05.07	00:49:41.252	0.59537				2
2026.05.07	00:49:41.852	0.59545	0.59605			6
2026.05.07	00:49:42.152	0.59537	0.59617			6
2026.05.07	00:49:42.452	0.59544	0.59610			6
2026.05.07	00:49:42.759		0.59611			4
2026.05.07	00:49:43.360	0.59537	0.59617			6
2026.05.07	00:49:44.562	0.59545				2
2026.05.07	00:49:44.864	0.59537	0.59620			6
2026.05.07	00:49:45.164	0.59543	0.59614			6
2026.05.07	00:49:46.369	0.59545	0.59617			6
2026.05.07	00:49:46.672		0.59610			4
2026.05.07	00:49:47.574	0.59535	0.59617			6
2026.05.07	00:49:48.477		0.59605			4
2026.05.07	00:49:48.777		0.59617			4
2026.05.07	00:50:00.217	0.59535				2
2026.05.07	00:50:22.481		0.59615			4
2026.05.07	00:51:00.096	0.59535				2
2026.05.07	00:51:02.205	0.59536				2
2026.05.07	00:51:07.026	0.59544	0.59613			6
2026.05.07	00:51:07.326	0.59543	0.59618			6
2026.05.07	00:51:07.626	0.59534				2
2026.05.07	00:51:08.232		0.59619			4
2026.05.07	00:51:13.942		0.59617			4
2026.05.07	00:51:43.137		0.59602			4
2026.05.07	00:51:43.440		0.59617			4
2026.05.07	00:51:52.758		0.59614			4
2026.05.07	00:52:00.277	0.59534				2
2026.05.07	00:52:08.400	0.59536				2
2026.05.07	00:52:12.613	0.59534	0.59617			6
2026.05.07	00:52:32.768		0.59602			4
2026.05.07	00:52:33.069		0.59617			4
2026.05.07	00:52:34.573	0.59535				2
2026.05.07	00:52:34.873	0.59544	0.59605			6
2026.05.07	00:52:35.173	0.59535	0.59617			6
2026.05.07	00:52:36.076	0.59534	0.59613			6
2026.05.07	00:52:36.376	0.59535	0.59617			6
2026.05.07	00:52:37.585	0.59536				2
2026.05.07	00:52:38.191	0.59544	0.59608			6
2026.05.07	00:52:38.490		0.59606			4
2026.05.07	00:52:38.791	0.59534	0.59617			6
2026.05.07	00:52:39.695	0.59544	0.59604			6
2026.05.07	00:52:39.994	0.59534	0.59617			6
2026.05.07	00:52:40.895	0.59535				2
2026.05.07	00:52:42.098	0.59534				2
2026.05.07	00:52:43.000	0.59544	0.59604			6
2026.05.07	00:52:43.302	0.59534	0.59617			6
2026.05.07	00:52:46.619	0.59543	0.59620			6
2026.05.07	00:52:46.919	0.59535				2
2026.05.07	00:52:47.219	0.59543				2
2026.05.07	00:52:47.521		0.59614			4
2026.05.07	00:52:48.427	0.59535	0.59606			6
2026.05.07	00:52:48.727		0.59618			4
2026.05.07	00:52:49.631	0.59534	0.59604			6
2026.05.07	00:52:49.931		0.59617			4
2026.05.07	00:53:00.151	0.59534				2
2026.05.07	00:53:04.665	0.59545	0.59605			6
2026.05.07	00:53:04.966	0.59535	0.59617			6
2026.05.07	00:53:20.913		0.59614			4
2026.05.07	00:53:25.724	0.59544	0.59602			6
2026.05.07	00:54:00.042	0.59544				2
2026.05.07	00:54:20.520	0.59538				2
2026.05.07	00:54:25.939		0.59602			4
2026.05.07	00:54:27.141	0.59539				2
2026.05.07	00:54:27.442	0.59538				2
2026.05.07	00:54:52.425	0.59539				2
2026.05.07	00:54:55.135	0.59538				2
2026.05.07	00:55:00.252	0.59538				2
2026.05.07	00:55:08.982	0.59540				2
2026.05.07	00:55:09.584	0.59542				2
2026.05.07	00:55:13.080		0.59601			4
2026.05.07	00:55:14.660	0.59543				2
2026.05.07	00:55:19.153	0.59544				2
2026.05.07	00:55:19.453	0.59543				2
2026.05.07	00:55:22.772	0.59542				2
2026.05.07	00:55:24.876	0.59543				2
2026.05.07	00:55:25.780	0.59544				2
2026.05.07	00:55:26.078	0.59543				2
2026.05.07	00:55:40.201	0.59541				2
2026.05.07	00:55:46.821	0.59542				2
2026.05.07	00:55:47.122	0.59540				2
2026.05.07	00:55:48.024	0.59541				2
2026.05.07	00:55:49.227	0.59543				2
2026.05.07	00:55:49.526	0.59542				2
2026.05.07	00:55:51.634	0.59540				2
2026.05.07	00:55:51.936	0.59539				2
2026.05.07	00:55:52.537	0.59540				2
2026.05.07	00:55:52.838	0.59544				2
2026.05.07	00:55:53.138	0.59541				2
2026.05.07	00:55:53.437	0.59544				2
2026.05.07	00:55:53.740	0.59540				2
2026.05.07	00:55:54.341	0.59542				2
2026.05.07	00:55:56.444	0.59545				2
2026.05.07	00:55:56.743	0.59542				2
2026.05.07	00:55:57.045	0.59543				2
2026.05.07	00:55:57.344	0.59542				2
2026.05.07	00:56:00.053	0.59542				2
2026.05.07	00:56:00.356	0.59543				2
2026.05.07	00:56:00.658	0.59540				2
2026.05.07	00:56:08.785	0.59541				2
2026.05.07	00:56:13.296		0.59601			4
2026.05.07	00:56:19.623	0.59543				2
2026.05.07	00:56:19.924	0.59541				2
2026.05.07	00:56:23.536	0.59540				2
2026.05.07	00:56:37.384		0.59596			4
2026.05.07	00:56:42.212	0.59539				2
2026.05.07	00:56:44.013	0.59540				2
2026.05.07	00:56:44.313	0.59539				2
2026.05.07	00:56:47.625	0.59541				2
2026.05.07	00:56:48.525	0.59539				2
2026.05.07	00:56:49.128	0.59538				2
2026.05.07	00:56:49.428	0.59539				2
2026.05.07	00:56:50.329		0.59597			4
2026.05.07	00:56:50.628		0.59601			4
2026.05.07	00:56:50.930	0.59540				2
2026.05.07	00:56:51.232	0.59541				2
2026.05.07	00:56:51.530	0.59539	0.59597			6
2026.05.07	00:56:53.937	0.59540				2
2026.05.07	00:56:54.236	0.59538				2
2026.05.07	00:56:55.140	0.59539				2
2026.05.07	00:56:55.442	0.59541				2
2026.05.07	00:56:55.742	0.59538				2
2026.05.07	00:56:57.549	0.59540	0.59601			6
2026.05.07	00:56:57.850	0.59542				2
2026.05.07	00:56:58.150	0.59541	0.59596			6
2026.05.07	00:56:59.049	0.59539				2
2026.05.07	00:56:59.355	0.59542				2
2026.05.07	00:56:59.957	0.59541	0.59597			6
2026.05.07	00:57:00.256	0.59540				2
2026.05.07	00:57:00.556	0.59538				2
2026.05.07	00:57:00.858	0.59539	0.59596			6
2026.05.07	00:57:02.668	0.59540				2
2026.05.07	00:57:04.475	0.59539				2
2026.05.07	00:57:04.775	0.59542				2
2026.05.07	00:57:05.074	0.59539	0.59601			6
2026.05.07	00:57:05.376	0.59542	0.59597			6
2026.05.07	00:57:05.678	0.59539				2
2026.05.07	00:57:05.976		0.59596			4
2026.05.07	00:57:11.702	0.59537				2
2026.05.07	00:57:12.000	0.59538				2
2026.05.07	00:57:12.303	0.59541				2
2026.05.07	00:57:12.604	0.59538				2
2026.05.07	00:57:13.211	0.59541				2
2026.05.07	00:57:13.512	0.59539				2
2026.05.07	00:57:13.809	0.59538	0.59601			6
2026.05.07	00:57:14.416	0.59539	0.59596			6
2026.05.07	00:57:15.017	0.59538				2
2026.05.07	00:57:15.317	0.59537				2
2026.05.07	00:57:15.617	0.59541				2
2026.05.07	00:57:16.827	0.59537				2
2026.05.07	00:57:17.128	0.59541				2
2026.05.07	00:57:17.426	0.59539	0.59601			6
2026.05.07	00:57:19.839	0.59540				2
2026.05.07	00:57:20.137	0.59541	0.59596			6
2026.05.07	00:57:20.441	0.59538				2
2026.05.07	00:57:20.741	0.59540				2
2026.05.07	00:57:21.043	0.59541				2
2026.05.07	00:57:21.646	0.59538				2
2026.05.07	00:57:21.946	0.59539				2
2026.05.07	00:57:22.245	0.59541				2
2026.05.07	00:57:22.850	0.59538				2
2026.05.07	00:57:24.052		0.59601			4
2026.05.07	00:57:24.351	0.59539	0.59597			6
2026.05.07	00:57:24.654		0.59601			4
2026.05.07	00:57:24.957	0.59541	0.59597			6
2026.05.07	00:57:25.256	0.59538				2
2026.05.07	00:57:27.672	0.59539				2
2026.05.07	00:57:27.976	0.59537				2
2026.05.07	00:57:28.275	0.59538				2
2026.05.07	00:57:29.177	0.59540	0.59596			6
2026.05.07	00:57:29.477	0.59539				2
2026.05.07	00:57:29.777		0.59601			4
2026.05.07	00:57:30.382		0.59596			4
2026.05.07	00:57:30.678	0.59537				2
2026.05.07	00:57:36.401	0.59539	0.59602			6
2026.05.07	00:57:36.700	0.59541	0.59596			6
2026.05.07	00:57:37.002	0.59538	0.59601			6
2026.05.07	00:57:40.016		0.59597			4
2026.05.07	00:57:41.217	0.59539				2
2026.05.07	00:57:41.518	0.59538				2
2026.05.07	00:57:47.537		0.59596			4
2026.05.07	00:57:48.138	0.59537				2
2026.05.07	00:57:48.438	0.59538				2
2026.05.07	00:57:51.745		0.59601			4
2026.05.07	00:57:52.651	0.59537				2
2026.05.07	00:58:00.174	0.59537				2
2026.05.07	00:58:12.802		0.59596			4
2026.05.07	00:58:54.623	0.59538				2
2026.05.07	00:58:59.437	0.59537				2
2026.05.07	00:59:00.037	0.59537				2
2026.05.07	00:59:01.839	0.59539				2
2026.05.07	00:59:03.641	0.59537				2
2026.05.07	00:59:04.845	0.59536	0.59579			6
2026.05.07	00:59:11.153		0.59581			4
2026.05.07	00:59:11.456		0.59580			4
2026.05.07	00:59:11.754		0.59579			4
2026.05.07	00:59:15.068		0.59580			4
2026.05.07	00:59:15.668	0.59527				2
2026.05.07	00:59:15.968	0.59525				2
2026.05.07	00:59:16.271	0.59523	0.59582			6
2026.05.07	00:59:16.570		0.59580			4
2026.05.07	00:59:17.773		0.59581			4
2026.05.07	00:59:24.389		0.59582			4
2026.05.07	00:59:25.593	0.59524				2
2026.05.07	00:59:25.892		0.59580			4
2026.05.07	00:59:26.196		0.59579			4
2026.05.07	00:59:35.221	0.59525				2
2026.05.07	00:59:35.522	0.59523	0.59580			6
2026.05.07	00:59:35.822		0.59579			4
2026.05.07	00:59:36.125	0.59526				2
2026.05.07	00:59:37.628		0.59581			4
2026.05.07	00:59:37.925		0.59579			4
2026.05.07	00:59:38.226	0.59524				2
2026.05.07	00:59:38.831		0.59580			4
2026.05.07	00:59:40.935	0.59525				2
2026.05.07	00:59:47.546	0.59523	0.59581			6
2026.05.07	00:59:47.844		0.59580			4
2026.05.07	00:59:48.148		0.59579			4
2026.05.07	00:59:48.443		0.59581			4
2026.05.07	00:59:48.744		0.59580			4
2026.05.07	00:59:49.345		0.59579			4
2026.05.07	00:59:49.648	0.59524				2
2026.05.07	00:59:49.951	0.59523				2
2026.05.07	00:59:50.248		0.59580			4
2026.05.07	00:59:50.553	0.59524				2
2026.05.07	00:59:50.851		0.59579			4
2026.05.07	00:59:52.654		0.59591			4
2026.05.07	00:59:55.957	0.59529	0.59559			6
2026.05.07	00:59:58.672		0.59566			4
2026.05.07	01:00:00.179	0.59529	0.59564			6
2026.05.07	01:00:00.480		0.59559			4
2026.05.07	01:00:01.381	0.59530	0.59573			6
2026.05.07	01:00:02.283		0.59574			4
2026.05.07	01:00:02.584		0.59577			4
2026.05.07	01:00:02.878		0.59583			4
2026.05.07	01:00:05.886		0.59576			4
2026.05.07	01:00:06.484		0.59577			4
2026.05.07	01:00:07.082		0.59578			4
2026.05.07	01:00:07.985		0.59579			4
2026.05.07	01:00:08.885		0.59580			4
2026.05.07	01:00:09.485		0.59581			4
2026.05.07	01:00:10.688		0.59582			4
2026.05.07	01:00:11.287		0.59583			4
2026.05.07	01:00:29.302	0.59533	0.59564			6
2026.05.07	01:00:29.603		0.59565			4
2026.05.07	01:00:30.805	0.59534				2
2026.05.07	01:00:34.105	0.59532	0.59562			6
2026.05.07	01:00:35.307	0.59533				2
2026.05.07	01:00:41.918	0.59531				2
2026.05.07	01:00:42.519	0.59533				2
2026.05.07	01:00:46.128	0.59532				2
2026.05.07	01:00:47.628		0.59564			4
2026.05.07	01:00:47.929		0.59559			4
2026.05.07	01:00:49.127	0.59531	0.59562			6
2026.05.07	01:00:52.135		0.59561			4
2026.05.07	01:00:52.734		0.59559			4
2026.05.07	01:00:54.534		0.59558			4
2026.05.07	01:00:57.540		0.59554			4
2026.05.07	01:01:00.245	0.59530	0.59561			6
2026.05.07	01:01:05.048		0.59562			4
2026.05.07	01:01:06.549		0.59580			4
2026.05.07	01:01:14.357	0.59531	0.59576			6
2026.05.07	01:01:14.658	0.59530				2
2026.05.07	01:01:15.259	0.59529				2
2026.05.07	01:01:22.170	0.59530				2
2026.05.07	01:01:24.568		0.59560			4
2026.05.07	01:01:25.473	0.59529				2
2026.05.07	01:01:25.771	0.59530				2
2026.05.07	01:01:26.672	0.59529				2
2026.05.07	01:01:27.278	0.59533				2
2026.05.07	01:01:27.579	0.59532				2
2026.05.07	01:01:28.181	0.59534				2
2026.05.07	01:01:29.383	0.59529				2
2026.05.07	01:01:29.683	0.59530				2
2026.05.07	01:01:31.482	0.59533				2
2026.05.07	01:01:33.885		0.59559			4
2026.05.07	01:01:34.487	0.59534				2
2026.05.07	01:01:34.788	0.59531				2
2026.05.07	01:01:35.688	0.59536				2
2026.05.07	01:01:36.889	0.59535				2
2026.05.07	01:01:38.089	0.59536				2
2026.05.07	01:01:39.290	0.59535				2
2026.05.07	01:01:40.492	0.59530	0.59557			6
2026.05.07	01:01:40.792	0.59529				2
2026.05.07	01:01:42.592	0.59532	0.59560			6
2026.05.07	01:01:43.798	0.59533				2
2026.05.07	01:01:44.399	0.59536				2
2026.05.07	01:01:45.300	0.59537				2
2026.05.07	01:01:45.599	0.59538				2
2026.05.07	01:01:48.003	0.59546				2
2026.05.07	01:01:48.302	0.59538				2
2026.05.07	01:01:48.904	0.59546				2
2026.05.07	01:01:49.203	0.59538				2
2026.05.07	01:01:49.505	0.59546				2
2026.05.07	01:01:49.802	0.59538				2
2026.05.07	01:01:50.105	0.59546				2
2026.05.07	01:01:50.404	0.59538				2
2026.05.07	01:01:50.707	0.59546				2
2026.05.07	01:01:51.005	0.59538				2
2026.05.07	01:01:51.605	0.59546				2
2026.05.07	01:01:51.905	0.59538				2
2026.05.07	01:02:00.028	0.59538				2
2026.05.07	01:02:01.225	0.59539				2
2026.05.07	01:02:02.124	0.59540				2
2026.05.07	01:02:02.427	0.59539				2
2026.05.07	01:02:07.538	0.59538				2
2026.05.07	01:02:09.940	0.59537				2
2026.05.07	01:02:10.539	0.59539	0.59563			6
2026.05.07	01:02:12.639	0.59544	0.59561			6
2026.05.07	01:02:29.770	0.59548				2
2026.05.07	01:02:30.064		0.59564			4
2026.05.07	01:02:48.399	0.59552	0.59567			6
2026.05.07	01:02:55.005	0.59557	0.59572			6
2026.05.07	01:03:00.115	0.59557				2
2026.05.07	01:03:00.713	0.59558				2
2026.05.07	01:03:04.319	0.59557				2
2026.05.07	01:03:04.617	0.59555	0.59557			6
2026.05.07	01:03:05.822	0.59556	0.59558			6
2026.05.07	01:03:14.534	0.59555	0.59557			6
2026.05.07	01:03:30.155	0.59554	0.59556			6
2026.05.07	01:03:39.170	0.59555	0.59557			6
2026.05.07	01:03:45.475	0.59556				2
2026.05.07	01:03:49.984	0.59555	0.59556			6
2026.05.07	01:03:55.395	0.59554				2
2026.05.07	01:04:00.197	0.59554				2
2026.05.07	01:04:02.001	0.59553	0.59555			6
2026.05.07	01:04:46.188	0.59554				2
2026.05.07	01:04:58.213		0.59556			4
2026.05.07	01:05:00.014	0.59554				2
2026.05.07	01:05:08.126		0.59555			4
2026.05.07	01:05:08.429		0.59556			4
2026.05.07	01:05:08.728	0.59551	0.59552			6
2026.05.07	01:05:09.027	0.59550				2
2026.05.07	01:05:09.330	0.59548	0.59550			6
2026.05.07	01:05:09.629		0.59549			4
2026.05.07	01:05:11.137		0.59550			4
2026.05.07	01:05:12.340		0.59549			4
2026.05.07	01:05:14.146		0.59550			4
2026.05.07	01:05:32.180	0.59551	0.59552			6
2026.05.07	01:05:33.984	0.59548	0.59550			6
2026.05.07	01:05:34.891	0.59547	0.59549			6
2026.05.07	01:05:37.891	0.59546	0.59548			6
2026.05.07	01:05:38.191	0.59544	0.59545			6
2026.05.07	01:05:39.093	0.59545	0.59546			6
2026.05.07	01:05:39.392	0.59544				2
2026.05.07	01:05:40.294		0.59545			4
2026.05.07	01:05:44.200		0.59546			4
2026.05.07	01:05:45.401		0.59545			4
2026.05.07	01:05:45.704	0.59543	0.59544			6
2026.05.07	01:05:46.605		0.59545			4
2026.05.07	01:05:47.807		0.59544			4
2026.05.07	01:05:48.710		0.59545			4
2026.05.07	01:05:50.812		0.59544			4
2026.05.07	01:05:59.538	0.59542	0.59543			6
2026.05.07	01:06:00.140	0.59542				2
2026.05.07	01:06:00.734	0.59543	0.59544			6
2026.05.07	01:06:03.443	0.59542	0.59543			6
2026.05.07	01:06:16.364	0.59543	0.59544			6
2026.05.07	01:06:28.084	0.59542	0.59543			6
2026.05.07	01:06:31.688	0.59543	0.59544			6
2026.05.07	01:06:33.197	0.59542	0.59543			6
2026.05.07	01:06:35.301	0.59543	0.59544			6
2026.05.07	01:07:00.249	0.59543				2
2026.05.07	01:07:01.147	0.59542	0.59543			6
2026.05.07	01:07:05.954	0.59543	0.59544			6
2026.05.07	01:07:13.763	0.59544	0.59545			6
2026.05.07	01:07:15.566	0.59543	0.59544			6
2026.05.07	01:07:15.871	0.59542	0.59543			6
2026.05.07	01:07:28.492	0.59545	0.59546			6
2026.05.07	01:07:40.812	0.59544	0.59545			6
2026.05.07	01:07:42.315	0.59545	0.59546			6
2026.05.07	01:07:43.517	0.59544	0.59545			6
2026.05.07	01:08:00.059	0.59544				2
2026.05.07	01:08:06.373	0.59545	0.59546			6
2026.05.07	01:08:12.982		0.59547			4
2026.05.07	01:08:13.583	0.59546				2
2026.05.07	01:08:14.483	0.59545				2
2026.05.07	01:08:16.288	0.59546				2
2026.05.07	01:08:21.397		0.59548			4
2026.05.07	01:08:24.408		0.59547			4
2026.05.07	01:08:26.816		0.59548			4
2026.05.07	01:08:29.226		0.59547			4
2026.05.07	01:08:34.031		0.59548			4
2026.05.07	01:08:38.538		0.59547			4
2026.05.07	01:08:39.440	0.59545				2
2026.05.07	01:08:40.340		0.59546			4
2026.05.07	01:08:43.645		0.59547			4
2026.05.07	01:08:44.249	0.59546				2
2026.05.07	01:08:46.653	0.59545				2
2026.05.07	01:08:50.872	0.59546				2
2026.05.07	01:09:00.188	0.59546				2
2026.05.07	01:09:00.490		0.59548			4
2026.05.07	01:09:05.298		0.59547			4
2026.05.07	01:09:06.503		0.59548			4
2026.05.07	01:09:06.797	0.59547	0.59549			6
2026.05.07	01:09:07.698	0.59546	0.59548			6
2026.05.07	01:09:11.302	0.59547	0.59549			6
2026.05.07	01:09:11.903	0.59548				2
2026.05.07	01:09:50.673	0.59547				2
2026.05.07	01:09:52.776		0.59548			4
2026.05.07	01:09:55.783		0.59549			4
2026.05.07	01:09:57.884		0.59548			4
2026.05.07	01:10:00.290	0.59547				2
2026.05.07	01:10:00.587		0.59549			4
2026.05.07	01:10:02.996		0.59548			4
2026.05.07	01:10:04.497		0.59549			4
2026.05.07	01:10:05.699		0.59548			4
2026.05.07	01:10:20.432	0.59550	0.59551			6
2026.05.07	01:10:20.726	0.59551	0.59552			6
2026.05.07	01:10:25.237	0.59552	0.59553			6
2026.05.07	01:10:26.442	0.59551				2
2026.05.07	01:10:32.755		0.59552			4
2026.05.07	01:10:34.259	0.59552	0.59553			6
2026.05.07	01:10:36.969		0.59554			4
2026.05.07	01:10:38.171		0.59553			4
2026.05.07	01:10:41.179	0.59551	0.59552			6
2026.05.07	01:10:42.380	0.59552	0.59553			6
2026.05.07	01:10:42.680	0.59551				2
2026.05.07	01:10:43.586	0.59552				2
2026.05.07	01:10:46.589	0.59551				2
2026.05.07	01:10:55.005	0.59552				2
2026.05.07	01:10:55.605	0.59551	0.59552			6
2026.05.07	01:11:00.122	0.59551				2
2026.05.07	01:11:00.720		0.59553			4
2026.05.07	01:11:01.322	0.59552				2
2026.05.07	01:11:04.928		0.59554			4
2026.05.07	01:11:05.226		0.59553			4
2026.05.07	01:11:07.031	0.59551				2
2026.05.07	01:11:08.536	0.59552				2
2026.05.07	01:11:11.840		0.59554			4
2026.05.07	01:11:16.344	0.59555	0.59556			6
2026.05.07	01:11:17.246	0.59553	0.59554			6
2026.05.07	01:11:28.669	0.59552				2
2026.05.07	01:11:29.272		0.59553			4
2026.05.07	01:11:29.573		0.59554			4
2026.05.07	01:11:30.175	0.59553	0.59555			6
2026.05.07	01:11:30.474	0.59552	0.59554			6
2026.05.07	01:11:31.974		0.59553			4
2026.05.07	01:11:36.483		0.59554			4
2026.05.07	01:11:37.081	0.59553	0.59555			6
2026.05.07	01:11:37.384	0.59552	0.59553			6
2026.05.07	01:11:39.186		0.59554			4
2026.05.07	01:11:52.111	0.59553	0.59555			6
2026.05.07	01:11:52.413	0.59552	0.59553			6
2026.05.07	01:11:52.715	0.59553	0.59554			6
2026.05.07	01:11:53.913	0.59552				2
2026.05.07	01:11:55.415		0.59553			4
2026.05.07	01:11:56.617		0.59554			4
2026.05.07	01:12:00.229	0.59552				2
2026.05.07	01:12:02.629		0.59553			4
2026.05.07	01:12:04.433		0.59554			4
2026.05.07	01:12:04.737		0.59553			4
2026.05.07	01:12:19.155		0.59554			4
2026.05.07	01:12:20.961		0.59553			4
2026.05.07	01:12:28.776	0.59551				2
2026.05.07	01:12:29.678		0.59552			4
2026.05.07	01:12:36.589		0.59553			4
2026.05.07	01:12:40.502	0.59552				2
2026.05.07	01:12:51.036	0.59553	0.59555			6
2026.05.07	01:13:00.056	0.59553				2
2026.05.07	01:13:04.266		0.59554			4
2026.05.07	01:13:12.090		0.59555			4
2026.05.07	01:13:23.529	0.59552	0.59553			6
2026.05.07	01:13:24.728	0.59553	0.59555			6
2026.05.07	01:13:43.971		0.59554			4
2026.05.07	01:13:47.582		0.59555			4
2026.05.07	01:13:49.987	0.59552	0.59554			6
2026.05.07	01:13:50.290	0.59553				2
2026.05.07	01:13:54.486		0.59555			4
2026.05.07	01:13:57.200	0.59554	0.59556			6
2026.05.07	01:13:57.795	0.59555				2
2026.05.07	01:13:59.000	0.59553	0.59555			6
2026.05.07	01:14:00.204	0.59553				2
2026.05.07	01:14:00.500		0.59554			4
2026.05.07	01:14:07.718	0.59552				2
2026.05.07	01:14:08.021	0.59553	0.59555			6
2026.05.07	01:14:15.241	0.59551	0.59553			6
2026.05.07	01:14:17.047	0.59550	0.59552			6
2026.05.07	01:14:41.403	0.59553	0.59555			6
2026.05.07	01:14:41.703	0.59554				2
2026.05.07	01:14:42.003		0.59556			4
2026.05.07	01:14:55.256	0.59557	0.59558			6
2026.05.07	01:14:55.546	0.59559	0.59561			6
2026.05.07	01:14:55.845	0.59561	0.59563			6
2026.05.07	01:15:00.066	0.59561				2
2026.05.07	01:15:03.670	0.59562	0.59564			6
2026.05.07	01:15:03.965	0.59563	0.59565			6
2026.05.07	01:15:27.141		0.59564			4
2026.05.07	01:15:27.439	0.59561	0.59563			6
2026.05.07	01:15:27.741		0.59562			4
2026.05.07	01:15:28.044	0.59560				2
2026.05.07	01:15:35.253	0.59558	0.59560			6
2026.05.07	01:16:00.227	0.59558				2
2026.05.07	01:16:04.739		0.59559			4
2026.05.07	01:16:06.838	0.59560	0.59562			6
2026.05.07	01:16:14.956	0.59561	0.59563			6
2026.05.07	01:16:15.257	0.59562	0.59564			6
2026.05.07	01:16:16.158	0.59563	0.59565			6
2026.05.07	01:16:23.976		0.59564			4
2026.05.07	01:16:24.577	0.59562				2
2026.05.07	01:16:34.194	0.59563	0.59565			6
2026.05.07	01:16:34.492	0.59564	0.59566			6
2026.05.07	01:16:36.301	0.59563	0.59564			6
2026.05.07	01:16:41.103	0.59564	0.59566			6
2026.05.07	01:16:41.406	0.59562	0.59564			6
2026.05.07	01:16:43.211	0.59563				2
2026.05.07	01:16:43.512		0.59565			4
2026.05.07	01:16:44.417		0.59564			4
2026.05.07	01:16:44.717	0.59562	0.59563			6
2026.05.07	01:16:45.320		0.59564			4
2026.05.07	01:16:47.129	0.59563	0.59565			6
2026.05.07	01:17:00.062	0.59563				2
2026.05.07	01:17:26.814		0.59564			4
2026.05.07	01:17:27.414		0.59565			4
2026.05.07	01:17:28.926		0.59564			4
2026.05.07	01:17:29.822	0.59562				2
2026.05.07	01:17:30.724		0.59563			4
2026.05.07	01:17:34.929		0.59564			4
2026.05.07	01:18:00.189	0.59562				2
2026.05.07	01:18:00.489	0.59564	0.59565			6
2026.05.07	01:18:00.791	0.59562	0.59564			6
2026.05.07	01:18:01.093	0.59564	0.59565			6
2026.05.07	01:18:01.395	0.59562	0.59564			6
2026.05.07	01:18:01.692	0.59564	0.59565			6
2026.05.07	01:18:01.995	0.59562	0.59564			6
2026.05.07	01:18:02.295	0.59564	0.59565			6
2026.05.07	01:18:02.596	0.59562	0.59564			6
2026.05.07	01:18:02.895	0.59564	0.59565			6
2026.05.07	01:18:03.196	0.59562	0.59564			6
2026.05.07	01:18:03.497	0.59564	0.59565			6
2026.05.07	01:18:03.799	0.59562	0.59564			6
2026.05.07	01:18:39.270	0.59563	0.59565			6
2026.05.07	01:18:41.071		0.59564			4
2026.05.07	01:18:53.111		0.59565			4
2026.05.07	01:19:00.032	0.59563				2
2026.05.07	01:19:15.059		0.59564			4
2026.05.07	01:19:17.163		0.59565			4
2026.05.07	01:19:17.768		0.59564			4
2026.05.07	01:19:34.604		0.59565			4
2026.05.07	01:19:34.900	0.59564	0.59566			6
2026.05.07	01:19:35.200		0.59565			4
2026.05.07	01:19:35.805	0.59565	0.59567			6
2026.05.07	01:19:36.100		0.59566			4
2026.05.07	01:19:58.659	0.59563	0.59565			6
2026.05.07	01:20:00.161	0.59563				2
2026.05.07	01:20:07.980	0.59564	0.59566			6
2026.05.07	01:20:08.276	0.59563	0.59564			6
2026.05.07	01:20:08.878	0.59562	0.59563			6
2026.05.07	01:20:15.489	0.59563	0.59564			6
2026.05.07	01:20:15.790		0.59565			4
2026.05.07	01:20:24.505	0.59564	0.59566			6
2026.05.07	01:20:28.719	0.59565				2
2026.05.07	01:20:36.539		0.59567			4
2026.05.07	01:20:52.169	0.59564	0.59565			6
2026.05.07	01:20:54.572	0.59565	0.59566			6
2026.05.07	01:21:00.293	0.59565				2
2026.05.07	01:21:02.996		0.59567			4
2026.05.07	01:21:03.296	0.59563	0.59565			6
2026.05.07	01:21:05.703	0.59564	0.59566			6
2026.05.07	01:21:09.609	0.59563	0.59565			6
2026.05.07	01:21:12.012	0.59562	0.59563			6
2026.05.07	01:21:12.310	0.59563	0.59565			6
2026.05.07	01:21:15.625	0.59564	0.59566			6
2026.05.07	01:21:16.525	0.59565				2
2026.05.07	01:21:35.153	0.59564				2
2026.05.07	01:21:36.958	0.59565				2
2026.05.07	01:21:37.556		0.59567			4
2026.05.07	01:21:43.576		0.59566			4
2026.05.07	01:22:00.111	0.59565				2
2026.05.07	01:22:00.414	0.59563	0.59565			6
2026.05.07	01:22:11.841	0.59564				2
2026.05.07	01:22:12.139	0.59565	0.59567			6
2026.05.07	01:22:13.342	0.59564	0.59566			6
2026.05.07	01:22:13.644	0.59562	0.59564			6
2026.05.07	01:22:23.562		0.59563			4
2026.05.07	01:22:30.776	0.59563	0.59565			6
2026.05.07	01:22:31.679		0.59564			4
2026.05.07	01:22:31.977		0.59565			4
2026.05.07	01:22:45.495		0.59564			4
2026.05.07	01:22:46.393		0.59565			4
2026.05.07	01:22:49.701	0.59564	0.59566			6
2026.05.07	01:22:52.103	0.59563	0.59565			6
2026.05.07	01:23:00.232	0.59563				2
2026.05.07	01:23:00.531	0.59564	0.59566			6
2026.05.07	01:23:05.038	0.59565	0.59567			6
2026.05.07	01:23:28.184	0.59566	0.59568			6
2026.05.07	01:23:31.190	0.59565	0.59566			6
2026.05.07	01:23:31.491	0.59567	0.59569			6
2026.05.07	01:23:44.439	0.59568				2
2026.05.07	01:23:45.942	0.59567				2
2026.05.07	01:23:51.957	0.59568				2
2026.05.07	01:23:53.160		0.59570			4
2026.05.07	01:24:00.084	0.59568				2
2026.05.07	01:24:09.105	0.59569				2
2026.05.07	01:24:15.115	0.59568				2
2026.05.07	01:24:15.414	0.59567	0.59569			6
2026.05.07	01:24:16.015	0.59568				2
2026.05.07	01:24:16.316		0.59570			4
2026.05.07	01:24:19.928		0.59569			4
2026.05.07	01:24:27.140		0.59570			4
2026.05.07	01:24:29.241		0.59569			4
2026.05.07	01:24:43.067		0.59570			4
2026.05.07	01:24:59.597		0.59569			4
2026.05.07	01:25:00.199	0.59568				2
2026.05.07	01:25:08.612		0.59570			4
2026.05.07	01:25:09.213	0.59569	0.59571			6
2026.05.07	01:25:32.064	0.59568	0.59570			6
2026.05.07	01:25:35.975	0.59567	0.59568			6
2026.05.07	01:25:41.689		0.59569			4
2026.05.07	01:25:42.888	0.59568				2
2026.05.07	01:25:43.788		0.59570			4
2026.05.07	01:25:45.293		0.59569			4
2026.05.07	01:25:45.893	0.59569	0.59571			6
2026.05.07	01:25:47.093		0.59570			4
2026.05.07	01:25:49.500		0.59571			4
2026.05.07	01:25:53.404	0.59567	0.59569			6
2026.05.07	01:25:54.304	0.59568				2
2026.05.07	01:25:55.505		0.59570			4
2026.05.07	01:25:57.310		0.59569			4
2026.05.07	01:26:00.016	0.59567				2
2026.05.07	01:26:00.315	0.59568	0.59570			6
2026.05.07	01:26:00.915		0.59569			4
2026.05.07	01:26:02.419	0.59569	0.59570			6
2026.05.07	01:26:03.322	0.59568				2
2026.05.07	01:26:04.228		0.59569			4
2026.05.07	01:26:04.827	0.59567				2
2026.05.07	01:26:06.029	0.59568				2
2026.05.07	01:26:09.636	0.59567				2
2026.05.07	01:26:11.439	0.59568	0.59570			6
2026.05.07	01:26:12.041	0.59569				2
2026.05.07	01:26:13.239	0.59567	0.59569			6
2026.05.07	01:26:13.541	0.59568				2
2026.05.07	01:26:17.150		0.59570			4
2026.05.07	01:26:18.357		0.59569			4
2026.05.07	01:26:24.970	0.59566	0.59568			6
2026.05.07	01:26:25.273		0.59567			4
2026.05.07	01:26:41.515	0.59565	0.59566			6
2026.05.07	01:26:41.820	0.59564				2
2026.05.07	01:26:45.134		0.59565			4
2026.05.07	01:26:48.146		0.59566			4
2026.05.07	01:27:00.177	0.59566	0.59567			6
2026.05.07	01:27:00.473	0.59564	0.59566			6
2026.05.07	01:27:17.900	0.59565	0.59567			6
2026.05.07	01:28:00.290	0.59565				2
2026.05.07	01:28:18.034		0.59567			4
2026.05.07	01:28:31.863	0.59560	0.59562			6
2026.05.07	01:28:42.087	0.59558	0.59560			6
2026.05.07	01:28:42.390	0.59560	0.59562			6
2026.05.07	01:29:00.143	0.59560				2
2026.05.07	01:29:16.675	0.59559	0.59561			6
2026.05.07	01:29:35.920	0.59558	0.59560			6
2026.05.07	01:29:36.222	0.59557	0.59559			6
2026.05.07	01:29:36.821	0.59558	0.59560			6
2026.05.07	01:29:43.429	0.59557	0.59559			6
2026.05.07	01:29:44.335	0.59558	0.59560			6
2026.05.07	01:29:50.946	0.59557	0.59559			6
2026.05.07	01:29:51.846	0.59558	0.59560			6
2026.05.07	01:29:52.450	0.59557	0.59559			6
2026.05.07	01:29:53.046	0.59556	0.59558			6
2026.05.07	01:29:53.949	0.59557	0.59559			6
2026.05.07	01:29:54.245	0.59558	0.59560			6
2026.05.07	01:29:55.753	0.59559	0.59561			6
2026.05.07	01:29:57.257	0.59560	0.59562			6
2026.05.07	01:30:00.262	0.59560				2
2026.05.07	01:30:00.557	0.59559	0.59561			6
2026.05.07	01:30:01.158	0.59560	0.59562			6
2026.05.07	01:30:04.169	0.59559	0.59561			6
2026.05.07	01:30:07.778	0.59558	0.59560			6
2026.05.07	01:30:09.878	0.59559	0.59561			6
2026.05.07	01:30:13.184	0.59558	0.59560			6
2026.05.07	01:30:15.290	0.59557	0.59559			6
2026.05.07	01:30:15.591	0.59558	0.59560			6
2026.05.07	01:30:18.592	0.59559	0.59561			6
2026.05.07	01:30:29.414	0.59558	0.59560			6
2026.05.07	01:31:00.070	0.59558				2
2026.05.07	01:31:00.666	0.59557	0.59559			6
2026.05.07	01:31:01.570	0.59559	0.59561			6
2026.05.07	01:31:03.678	0.59558	0.59560			6
2026.05.07	01:31:17.513	0.59559	0.59561			6
2026.05.07	01:31:17.810	0.59558	0.59560			6
2026.05.07	01:31:21.420	0.59559	0.59561			6
2026.05.07	01:31:26.832	0.59558	0.59560			6
2026.05.07	01:31:27.427	0.59559	0.59561			6
2026.05.07	01:31:32.239	0.59558	0.59560			6
2026.05.07	01:31:45.778	0.59560	0.59562			6
2026.05.07	01:31:46.074	0.59561	0.59563			6
2026.05.07	01:31:54.794	0.59560	0.59562			6
2026.05.07	01:32:00.214	0.59561	0.59563			6
2026.05.07	01:32:01.420	0.59562	0.59564			6
2026.05.07	01:32:01.718	0.59561	0.59563			6
2026.05.07	01:32:13.736	0.59563	0.59565			6
2026.05.07	01:32:16.440	0.59564	0.59566			6
2026.05.07	01:32:28.759	0.59563	0.59565			6
2026.05.07	01:32:31.472	0.59564	0.59566			6
2026.05.07	01:32:34.475	0.59565	0.59567			6
2026.05.07	01:32:43.798	0.59564	0.59566			6
2026.05.07	01:32:45.600	0.59565	0.59567			6
2026.05.07	01:32:58.237	0.59564	0.59566			6
2026.05.07	01:33:00.044	0.59564				2
2026.05.07	01:33:03.649	0.59565	0.59567			6
2026.05.07	01:33:14.457	0.59564	0.59566			6
2026.05.07	01:33:36.399	0.59566	0.59568			6
2026.05.07	01:33:37.000	0.59565	0.59567			6
2026.05.07	01:33:39.105	0.59567	0.59569			6
2026.05.07	01:33:42.407	0.59566	0.59568			6
2026.05.07	01:34:00.139	0.59566				2
2026.05.07	01:34:00.740	0.59569	0.59570			6
2026.05.07	01:34:01.043	0.59566	0.59568			6
2026.05.07	01:34:01.344	0.59569	0.59570			6
2026.05.07	01:34:01.641	0.59566	0.59568			6
2026.05.07	01:34:01.943	0.59569	0.59570			6
2026.05.07	01:34:02.243	0.59566	0.59568			6
2026.05.07	01:34:02.547	0.59569	0.59570			6
2026.05.07	01:34:02.845	0.59566	0.59568			6
2026.05.07	01:34:03.142	0.59569	0.59570			6
2026.05.07	01:34:03.745	0.59566	0.59568			6
2026.05.07	01:34:04.043	0.59569	0.59570			6
2026.05.07	01:34:04.346	0.59567	0.59569			6
2026.05.07	01:34:04.945	0.59566	0.59568			6
2026.05.07	01:34:29.282	0.59567	0.59569			6
2026.05.07	01:34:56.042	0.59566	0.59568			6
2026.05.07	01:34:56.340	0.59565	0.59567			6
2026.05.07	01:35:00.250	0.59565				2
2026.05.07	01:35:35.109	0.59567	0.59569			6
2026.05.07	01:35:39.622	0.59564	0.59565			6
2026.05.07	01:35:39.916	0.59560	0.59562			6
2026.05.07	01:36:00.064	0.59560				2
2026.05.07	01:36:05.476	0.59559	0.59561			6
2026.05.07	01:36:14.490		0.59560			4
2026.05.07	01:36:15.389		0.59561			4
2026.05.07	01:36:37.026	0.59558	0.59560			6
2026.05.07	01:36:42.131	0.59559	0.59561			6
2026.05.07	01:36:53.844	0.59557	0.59559			6
2026.05.07	01:36:54.145	0.59558	0.59560			6
2026.05.07	01:36:55.047	0.59557	0.59559			6
2026.05.07	01:36:56.848	0.59558	0.59560			6
2026.05.07	01:36:57.149	0.59557	0.59559			6
2026.05.07	01:36:59.253	0.59558	0.59560			6
2026.05.07	01:37:00.157	0.59558				2
2026.05.07	01:37:29.288	0.59559	0.59561			6
2026.05.07	01:37:40.701	0.59558	0.59560			6
2026.05.07	01:37:52.739	0.59559	0.59561			6
2026.05.07	01:38:00.253	0.59559				2
2026.05.07	01:38:00.549	0.59558	0.59560			6
2026.05.07	01:38:13.477	0.59559	0.59561			6
2026.05.07	01:38:29.100	0.59560	0.59562			6
2026.05.07	01:38:36.913	0.59559	0.59561			6
2026.05.07	01:38:37.513	0.59558	0.59560			6
2026.05.07	01:39:00.065	0.59558				2
2026.05.07	01:39:03.664	0.59557	0.59559			6
2026.05.07	01:39:09.683	0.59556	0.59558			6
2026.05.07	01:39:27.129	0.59557	0.59559			6
2026.05.07	01:39:27.424	0.59558	0.59560			6
2026.05.07	01:39:28.026	0.59559	0.59561			6
2026.05.07	01:39:30.430	0.59558	0.59560			6
2026.05.07	01:40:00.181	0.59558				2
2026.05.07	01:40:13.108	0.59559	0.59561			6
2026.05.07	01:40:49.217	0.59560	0.59562			6
