<DATE>	<TIME>	<BID>	<ASK>	<LAST>	<VOLUME>	<FLAGS>
2026.04.20	00:03:30.690	0.58522	0.58652			6
2026.04.20	00:03:55.381	0.58527				2
2026.04.20	00:04:00.203	0.58527				2
2026.04.20	00:04:03.223	0.58522				2
2026.04.20	00:04:09.841	0.58538				2
2026.04.20	00:04:30.897		0.58652			4
2026.04.20	00:05:00.078	0.58538				2
2026.04.20	00:05:02.190	0.58534				2
2026.04.20	00:05:04.600		0.58642			4
2026.04.20	00:05:41.301	0.58533				2
2026.04.20	00:05:51.546	0.58534				2
2026.04.20	00:06:00.275	0.58534				2
2026.04.20	00:06:04.790		0.58642			4
2026.04.20	00:06:06.290	0.58536				2
2026.04.20	00:06:34.880		0.58639			4
2026.04.20	00:07:00.178	0.58536				2
2026.04.20	00:07:30.572		0.58638			4
2026.04.20	00:07:42.919	0.58533				2
2026.04.20	00:07:48.939	0.58528	0.58632			6
2026.04.20	00:07:49.240		0.58592			4
2026.04.20	00:07:56.162	0.58534	0.58639			6
2026.04.20	00:08:00.072	0.58534				2
2026.04.20	00:08:27.166	0.58543				2
2026.04.20	00:08:27.467	0.58535	0.58638			6
2026.04.20	00:08:35.289	0.58544				2
2026.04.20	00:08:59.076	0.58535				2
2026.04.20	00:09:00.282	0.58535				2
2026.04.20	00:09:27.668		0.58638			4
2026.04.20	00:09:38.191	0.58554				2
2026.04.20	00:09:53.231	0.58579	0.58640			6
2026.04.20	00:09:53.534	0.58554				2
2026.04.20	00:10:00.164	0.58554				2
2026.04.20	00:10:02.660		0.58638			4
2026.04.20	00:10:03.562		0.58640			4
2026.04.20	00:11:00.527	0.58554				2
2026.04.20	00:11:01.649	0.58555				2
2026.04.20	00:11:05.027		0.58640			4
2026.04.20	00:11:53.596		0.58641			4
2026.04.20	00:12:00.111	0.58555				2
2026.04.20	00:12:55.127		0.58641			4
2026.04.20	00:13:00.110	0.58555				2
2026.04.20	00:13:07.081	0.58554				2
2026.04.20	00:13:27.396	0.58539	0.58649			6
2026.04.20	00:13:35.536	0.58554	0.58641			6
2026.04.20	00:13:40.241		0.58631			4
2026.04.20	00:13:44.457	0.58539	0.58638			6
2026.04.20	00:13:52.267		0.58628			4
2026.04.20	00:13:52.568		0.58649			4
2026.04.20	00:13:54.069	0.58554	0.58641			6
2026.04.20	00:14:00.118	0.58554				2
2026.04.20	00:14:17.941	0.58563	0.58640			6
2026.04.20	00:14:24.557		0.58641			4
2026.04.20	00:14:35.951	0.58555				2
2026.04.20	00:15:00.437	0.58555				2
2026.04.20	00:15:31.419		0.58641			4
2026.04.20	00:16:00.227	0.58555				2
2026.04.20	00:16:04.301	0.58540	0.58649			6
2026.04.20	00:16:07.018	0.58526				2
2026.04.20	00:16:07.320		0.58651			4
2026.04.20	00:16:08.265	0.58539				2
2026.04.20	00:16:11.785	0.58536	0.58650			6
2026.04.20	00:16:12.085		0.58651			4
2026.04.20	00:16:32.265	0.58545	0.58645			6
2026.04.20	00:16:38.708	0.58553	0.58640			6
2026.04.20	00:16:47.326	0.58554				2
2026.04.20	00:17:00.527	0.58554				2
2026.04.20	00:17:02.430	0.58540	0.58650			6
2026.04.20	00:17:14.464	0.58539				2
2026.04.20	00:17:16.578	0.58536				2
2026.04.20	00:17:27.916	0.58545	0.58645			6
2026.04.20	00:17:30.681	0.58553	0.58640			6
2026.04.20	00:17:30.984	0.58545	0.58645			6
2026.04.20	00:17:34.092	0.58554	0.58640			6
2026.04.20	00:18:00.229	0.58554				2
2026.04.20	00:18:07.245	0.58539	0.58650			6
2026.04.20	00:19:00.112	0.58539				2
2026.04.20	00:19:06.945		0.58648			4
2026.04.20	00:19:07.546	0.58540				2
2026.04.20	00:19:13.128	0.58552	0.58640			6
2026.04.20	00:19:13.791	0.58553				2
2026.04.20	00:19:29.029	0.58540	0.58649			6
2026.04.20	00:19:33.257	0.58551	0.58640			6
2026.04.20	00:19:33.555	0.58540	0.58649			6
2026.04.20	00:19:35.664		0.58648			4
2026.04.20	00:19:35.965		0.58649			4
2026.04.20	00:19:40.470	0.58544	0.58645			6
2026.04.20	00:19:42.827	0.58546				2
2026.04.20	00:19:52.465	0.58542	0.58620			6
2026.04.20	00:19:58.428	0.58544	0.58631			6
2026.04.20	00:19:58.733		0.58649			4
2026.04.20	00:20:00.237	0.58546	0.58645			6
2026.04.20	00:20:56.135	0.58554	0.58640			6
2026.04.20	00:21:00.228	0.58554				2
2026.04.20	00:21:05.916	0.58550	0.58610			6
2026.04.20	00:21:42.744	0.58542	0.58585			6
2026.04.20	00:21:48.806	0.58550	0.58610			6
2026.04.20	00:22:00.827	0.58550				2
2026.04.20	00:22:14.820	0.58532				2
2026.04.20	00:22:49.428		0.58610			4
2026.04.20	00:23:01.419	0.58532				2
2026.04.20	00:23:14.627	0.58534				2
2026.04.20	00:23:34.728	0.58532				2
2026.04.20	00:23:40.446	0.58541				2
2026.04.20	00:23:50.027		0.58610			4
2026.04.20	00:24:00.527	0.58541				2
2026.04.20	00:24:03.659	0.58540				2
2026.04.20	00:24:50.027		0.58610			4
2026.04.20	00:25:01.282	0.58540				2
2026.04.20	00:25:13.475	0.58541				2
2026.04.20	00:25:51.227		0.58610			4
2026.04.20	00:26:01.727	0.58541				2
2026.04.20	00:26:31.829	0.58542				2
2026.04.20	00:26:34.186	0.58541				2
2026.04.20	00:26:50.629	0.58542				2
2026.04.20	00:26:52.428		0.58610			4
2026.04.20	00:26:53.387	0.58541				2
2026.04.20	00:27:00.827	0.58541				2
2026.04.20	00:27:19.428	0.58549				2
2026.04.20	00:27:53.327		0.58610			4
2026.04.20	00:28:00.227	0.58549				2
2026.04.20	00:28:07.159	0.58532				2
2026.04.20	00:28:16.016	0.58534				2
2026.04.20	00:28:25.897	0.58532				2
2026.04.20	00:28:26.927	0.58533				2
2026.04.20	00:28:29.931	0.58532				2
2026.04.20	00:28:30.531	0.58533				2
2026.04.20	00:28:31.132	0.58534				2
2026.04.20	00:28:38.707	0.58535				2
2026.04.20	00:28:45.827	0.58534				2
2026.04.20	00:28:50.631	0.58533				2
2026.04.20	00:28:53.927		0.58610			4
2026.04.20	00:28:57.061	0.58534				2
2026.04.20	00:28:57.362	0.58533				2
2026.04.20	00:29:02.027	0.58533				2
2026.04.20	00:29:55.127		0.58610			4
2026.04.20	00:30:01.421	0.58533				2
2026.04.20	00:30:03.335	0.58534				2
2026.04.20	00:30:35.298		0.58619			4
2026.04.20	00:30:35.599		0.58610			4
2026.04.20	00:30:57.183		0.58605			4
2026.04.20	00:31:01.280	0.58534				2
2026.04.20	00:31:11.280	0.58533				2
2026.04.20	00:31:53.310		0.58601			4
2026.04.20	00:31:56.622	0.58527	0.58580			6
2026.04.20	00:32:01.281	0.58527				2
2026.04.20	00:32:22.718	0.58511				2
2026.04.20	00:32:29.360	0.58514	0.58593			6
2026.04.20	00:32:29.660	0.58515	0.58592			6
2026.04.20	00:32:42.227		0.58593			4
2026.04.20	00:32:42.684	0.58516	0.58592			6
2026.04.20	00:32:43.728	0.58515				2
2026.04.20	00:32:46.790		0.58601			4
2026.04.20	00:32:47.092	0.58514	0.58587			6
2026.04.20	00:32:54.528		0.58588			4
2026.04.20	00:32:56.431		0.58586			4
2026.04.20	00:32:57.828		0.58587			4
2026.04.20	00:32:58.430		0.58588			4
2026.04.20	00:33:02.927	0.58514				2
2026.04.20	00:33:03.227		0.58590			4
2026.04.20	00:33:08.630		0.58591			4
2026.04.20	00:33:10.152	0.58512	0.58592			6
2026.04.20	00:34:00.111	0.58512				2
2026.04.20	00:34:10.062	0.58509				2
2026.04.20	00:34:10.367		0.58592			4
2026.04.20	00:34:19.391	0.58512				2
2026.04.20	00:34:19.691	0.58517	0.58582			6
2026.04.20	00:34:21.073	0.58515				2
2026.04.20	00:34:21.373	0.58516	0.58583			6
2026.04.20	00:34:21.673	0.58515	0.58584			6
2026.04.20	00:34:27.694	0.58513	0.58586			6
2026.04.20	00:34:27.994	0.58510	0.58591			6
2026.04.20	00:34:31.610		0.58595			4
2026.04.20	00:35:00.229	0.58510				2
2026.04.20	00:35:21.584	0.58512				2
2026.04.20	00:35:27.699	0.58509				2
2026.04.20	00:35:32.435		0.58595			4
2026.04.20	00:35:36.491	0.58510				2
2026.04.20	00:36:02.027	0.58510				2
2026.04.20	00:36:04.330	0.58512				2
2026.04.20	00:36:04.634	0.58511				2
2026.04.20	00:36:32.926		0.58595			4
2026.04.20	00:36:46.437	0.58512				2
2026.04.20	00:36:46.741	0.58511				2
2026.04.20	00:36:49.736	0.58510				2
2026.04.20	00:36:53.927	0.58511				2
2026.04.20	00:37:00.766	0.58511				2
2026.04.20	00:37:05.029	0.58510				2
2026.04.20	00:37:27.634	0.58512				2
2026.04.20	00:37:34.427		0.58595			4
2026.04.20	00:37:35.861	0.58511	0.58570			6
2026.04.20	00:37:38.068	0.58510				2
2026.04.20	00:37:51.227	0.58511				2
2026.04.20	00:38:01.127	0.58511				2
2026.04.20	00:38:13.099	0.58508				2
2026.04.20	00:38:13.400	0.58499				2
2026.04.20	00:38:13.700	0.58508				2
2026.04.20	00:38:35.927		0.58570			4
2026.04.20	00:39:00.452	0.58508				2
2026.04.20	00:39:36.827		0.58570			4
2026.04.20	00:39:46.742	0.58510				2
2026.04.20	00:39:58.421	0.58508				2
2026.04.20	00:40:02.028	0.58507				2
2026.04.20	00:40:03.362	0.58508				2
2026.04.20	00:40:37.450		0.58570			4
2026.04.20	00:40:37.751	0.58509				2
2026.04.20	00:41:00.469	0.58509				2
2026.04.20	00:41:37.729		0.58570			4
2026.04.20	00:42:02.628	0.58509				2
2026.04.20	00:42:21.280	0.58510				2
2026.04.20	00:42:37.823		0.58570			4
2026.04.20	00:42:42.659	0.58509				2
2026.04.20	00:42:48.828	0.58510				2
2026.04.20	00:43:00.227	0.58510				2
2026.04.20	00:43:26.535	0.58507	0.58560			6
2026.04.20	00:43:41.042	0.58508				2
2026.04.20	00:43:45.846	0.58507				2
2026.04.20	00:43:49.876	0.58508				2
2026.04.20	00:44:00.826	0.58508				2
2026.04.20	00:44:29.080		0.58560			4
2026.04.20	00:44:41.474	0.58509				2
2026.04.20	00:45:01.419	0.58509				2
2026.04.20	00:45:02.166	0.58492	0.58567			6
2026.04.20	00:45:04.871	0.58509	0.58560			6
2026.04.20	00:45:16.285	0.58508				2
2026.04.20	00:46:01.643	0.58508				2
2026.04.20	00:46:11.327		0.58560			4
2026.04.20	00:46:59.401	0.58510				2
2026.04.20	00:47:00.100	0.58510				2
2026.04.20	00:47:02.158	0.58503	0.58566			6
2026.04.20	00:47:03.967	0.58510				2
2026.04.20	00:47:11.785		0.58565			4
2026.04.20	00:47:20.202	0.58514	0.58569			6
2026.04.20	00:47:21.407	0.58515				2
2026.04.20	00:47:22.307	0.58517				2
2026.04.20	00:47:22.608	0.58518				2
2026.04.20	00:47:22.910	0.58517	0.58567			6
2026.04.20	00:47:25.924	0.58518				2
2026.04.20	00:47:26.527	0.58517	0.58562			6
2026.04.20	00:47:29.031	0.58513				2
2026.04.20	00:47:29.630	0.58515				2
2026.04.20	00:47:41.226	0.58525	0.58598			6
2026.04.20	00:47:43.288	0.58526				2
2026.04.20	00:47:45.013	0.58522				2
2026.04.20	00:47:47.704	0.58521				2
2026.04.20	00:47:49.762	0.58522				2
2026.04.20	00:47:50.866	0.58521				2
2026.04.20	00:47:52.023	0.58522				2
2026.04.20	00:48:01.280	0.58522				2
2026.04.20	00:48:05.595	0.58520	0.58579			6
2026.04.20	00:48:07.061	0.58514	0.58562			6
2026.04.20	00:48:22.766	0.58513	0.58557			6
2026.04.20	00:48:31.280	0.58514				2
2026.04.20	00:48:46.588	0.58513				2
2026.04.20	00:48:58.326	0.58514				2
2026.04.20	00:48:58.627	0.58512	0.58551			6
2026.04.20	00:48:58.928		0.58549			4
2026.04.20	00:48:59.229	0.58511				2
2026.04.20	00:49:00.718	0.58511				2
2026.04.20	00:49:10.301	0.58514	0.58554			6
2026.04.20	00:49:12.030	0.58516	0.58581			6
2026.04.20	00:49:32.210	0.58522	0.58548			6
2026.04.20	00:49:32.511	0.58520				2
2026.04.20	00:49:32.811	0.58515	0.58552			6
2026.04.20	00:49:33.112	0.58516	0.58554			6
2026.04.20	00:49:33.415	0.58533	0.58590			6
2026.04.20	00:49:34.421	0.58534				2
2026.04.20	00:49:36.022	0.58533				2
2026.04.20	00:49:39.527	0.58534				2
2026.04.20	00:49:41.446	0.58529				2
2026.04.20	00:49:41.747	0.58528				2
2026.04.20	00:49:43.264	0.58533				2
2026.04.20	00:49:43.563	0.58526				2
2026.04.20	00:49:44.125	0.58527				2
2026.04.20	00:49:44.426	0.58519				2
2026.04.20	00:49:44.727	0.58521				2
2026.04.20	00:49:46.320	0.58528				2
2026.04.20	00:49:47.757	0.58520				2
2026.04.20	00:49:48.058	0.58527				2
2026.04.20	00:49:49.411	0.58521				2
2026.04.20	00:49:50.123	0.58528				2
2026.04.20	00:49:50.423	0.58526				2
2026.04.20	00:49:50.724	0.58527				2
2026.04.20	00:49:51.024	0.58525				2
2026.04.20	00:49:51.325	0.58522				2
2026.04.20	00:49:51.927	0.58524				2
2026.04.20	00:49:54.719	0.58523				2
2026.04.20	00:49:55.835	0.58522				2
2026.04.20	00:50:00.227	0.58523				2
2026.04.20	00:50:03.880	0.58527				2
2026.04.20	00:50:04.183	0.58521				2
2026.04.20	00:50:05.034	0.58517				2
2026.04.20	00:50:05.761	0.58518				2
2026.04.20	00:50:08.228	0.58519				2
2026.04.20	00:50:12.546	0.58517				2
2026.04.20	00:50:24.160	0.58515	0.58570			6
2026.04.20	00:50:50.027	0.58516				2
2026.04.20	00:51:00.827	0.58516				2
2026.04.20	00:51:08.356	0.58517	0.58590			6
2026.04.20	00:52:00.256	0.58517				2
2026.04.20	00:52:01.502	0.58518				2
2026.04.20	00:52:08.356		0.58590			4
2026.04.20	00:52:58.732	0.58517				2
2026.04.20	00:53:00.146	0.58517				2
2026.04.20	00:53:03.988	0.58518				2
2026.04.20	00:53:08.426		0.58590			4
2026.04.20	00:53:09.316		0.58591			4
2026.04.20	00:53:22.180	0.58519				2
2026.04.20	00:53:53.323	0.58505	0.58545			6
2026.04.20	00:53:54.116	0.58516	0.58590			6
2026.04.20	00:54:00.261	0.58516				2
2026.04.20	00:54:37.386	0.58511	0.58552			6
2026.04.20	00:54:39.829	0.58513				2
2026.04.20	00:55:01.280	0.58513				2
2026.04.20	00:55:09.227	0.58511				2
2026.04.20	00:55:14.676	0.58513				2
2026.04.20	00:55:15.269	0.58512				2
2026.04.20	00:55:37.525		0.58552			4
2026.04.20	00:56:00.104	0.58512				2
2026.04.20	00:56:09.751		0.58550			4
2026.04.20	00:56:14.865		0.58549			4
2026.04.20	00:56:21.176	0.58514				2
2026.04.20	00:56:21.476	0.58513	0.58551			6
2026.04.20	00:56:36.214		0.58550			4
2026.04.20	00:56:37.418		0.58551			4
2026.04.20	00:56:38.626		0.58554			4
2026.04.20	00:56:39.525	0.58512				2
2026.04.20	00:56:41.937	0.58514				2
2026.04.20	00:56:42.240	0.58512				2
2026.04.20	00:56:48.868		0.58553			4
2026.04.20	00:56:52.170		0.58554			4
2026.04.20	00:56:53.074		0.58553			4
2026.04.20	00:56:56.383		0.58550			4
2026.04.20	00:56:56.683	0.58507				2
2026.04.20	00:56:57.289	0.58508				2
2026.04.20	00:56:58.491	0.58507				2
2026.04.20	00:57:00.298	0.58507				2
2026.04.20	00:57:00.895	0.58508				2
2026.04.20	00:57:01.495	0.58507				2
2026.04.20	00:57:01.800	0.58508				2
2026.04.20	00:57:06.617	0.58509				2
2026.04.20	00:57:06.919		0.58548			4
2026.04.20	00:57:07.521		0.58550			4
2026.04.20	00:57:07.823		0.58549			4
2026.04.20	00:57:08.425		0.58550			4
2026.04.20	00:57:09.027		0.58549			4
2026.04.20	00:57:10.846		0.58550			4
2026.04.20	00:57:23.468		0.58549			4
2026.04.20	00:57:23.769		0.58550			4
2026.04.20	00:57:27.974		0.58548			4
2026.04.20	00:57:28.275		0.58550			4
2026.04.20	00:57:29.477	0.58510				2
2026.04.20	00:57:29.776	0.58509				2
2026.04.20	00:57:32.790	0.58510				2
2026.04.20	00:57:40.006	0.58509				2
2026.04.20	00:57:51.752	0.58510				2
2026.04.20	00:57:52.053	0.58509				2
2026.04.20	00:57:55.363	0.58510				2
2026.04.20	00:57:57.468	0.58509				2
2026.04.20	00:58:00.173	0.58509				2
2026.04.20	00:58:08.591		0.58549			4
2026.04.20	00:58:10.391		0.58550			4
2026.04.20	00:58:20.911		0.58549			4
2026.04.20	00:58:27.539		0.58550			4
2026.04.20	00:58:30.547		0.58548			4
2026.04.20	00:58:31.449		0.58550			4
2026.04.20	00:58:44.371	0.58508				2
2026.04.20	00:58:46.774	0.58507				2
2026.04.20	00:58:47.074	0.58509				2
2026.04.20	00:58:57.296		0.58552			4
2026.04.20	00:58:57.596		0.58548			4
2026.04.20	00:58:58.500		0.58552			4
2026.04.20	00:58:58.797		0.58550			4
2026.04.20	00:58:59.700		0.58551			4
2026.04.20	00:59:00.001	0.58509				2
2026.04.20	00:59:01.815		0.58553			4
2026.04.20	00:59:03.323	0.58508				2
2026.04.20	00:59:03.629	0.58509				2
2026.04.20	00:59:12.656		0.58546			4
2026.04.20	00:59:13.859	0.58508	0.58547			6
2026.04.20	00:59:15.961	0.58502	0.58549			6
2026.04.20	00:59:16.263	0.58504				2
2026.04.20	00:59:17.767		0.58550			4
2026.04.20	00:59:18.068		0.58549			4
2026.04.20	00:59:18.667	0.58503				2
2026.04.20	00:59:18.968	0.58497				2
2026.04.20	00:59:19.266	0.58502				2
2026.04.20	00:59:20.169	0.58499	0.58547			6
2026.04.20	00:59:22.574	0.58496	0.58551			6
2026.04.20	00:59:25.580		0.58550			4
2026.04.20	00:59:32.796	0.58500	0.58544			6
2026.04.20	00:59:33.096	0.58498				2
2026.04.20	00:59:33.996	0.58500	0.58546			6
2026.04.20	00:59:34.599	0.58501				2
2026.04.20	00:59:36.402	0.58500	0.58545			6
2026.04.20	00:59:37.003	0.58501	0.58537			6
2026.04.20	00:59:37.615		0.58525			4
2026.04.20	00:59:37.914	0.58498				2
2026.04.20	00:59:38.518		0.58546			4
2026.04.20	00:59:41.533	0.58502				2
2026.04.20	00:59:41.833	0.58501				2
2026.04.20	00:59:43.037		0.58545			4
2026.04.20	00:59:45.449	0.58499	0.58546			6
2026.04.20	00:59:45.752	0.58501	0.58545			6
2026.04.20	00:59:46.352	0.58498	0.58546			6
2026.04.20	00:59:49.658		0.58544			4
2026.04.20	00:59:50.862	0.58501				2
2026.04.20	00:59:51.764	0.58498				2
2026.04.20	00:59:52.065	0.58501				2
2026.04.20	00:59:52.666	0.58500				2
2026.04.20	00:59:58.072	0.58501	0.58543			6
2026.04.20	00:59:59.275	0.58500	0.58545			6
2026.04.20	01:00:00.177	0.58502				2
2026.04.20	01:00:00.477	0.58504	0.58549			6
2026.04.20	01:00:00.777	0.58509	0.58561			6
2026.04.20	01:00:01.077	0.58512	0.58559			6
2026.04.20	01:00:01.378	0.58509	0.58555			6
2026.04.20	01:00:01.679		0.58553			4
2026.04.20	01:00:01.978		0.58549			4
2026.04.20	01:00:02.280	0.58507	0.58551			6
2026.04.20	01:00:02.578	0.58503	0.58555			6
2026.04.20	01:00:02.878	0.58504	0.58557			6
2026.04.20	01:00:03.178	0.58501	0.58547			6
2026.04.20	01:00:03.478	0.58502				2
2026.04.20	01:00:03.780	0.58519	0.58549			6
2026.04.20	01:00:04.080	0.58507	0.58548			6
2026.04.20	01:00:04.380	0.58504	0.58549			6
2026.04.20	01:00:04.982	0.58505	0.58547			6
2026.04.20	01:00:05.279	0.58506				2
2026.04.20	01:00:05.582	0.58508				2
2026.04.20	01:00:05.881	0.58504				2
2026.04.20	01:00:06.183	0.58511				2
2026.04.20	01:00:07.686	0.58512	0.58548			6
2026.04.20	01:00:08.887	0.58508	0.58547			6
2026.04.20	01:00:09.188	0.58511				2
2026.04.20	01:00:09.489	0.58512	0.58548			6
2026.04.20	01:00:10.390	0.58513	0.58549			6
2026.04.20	01:00:10.689	0.58509	0.58547			6
2026.04.20	01:00:12.791	0.58510	0.58546			6
2026.04.20	01:00:13.390		0.58545			4
2026.04.20	01:00:13.692	0.58509				2
2026.04.20	01:00:14.292	0.58510	0.58544			6
2026.04.20	01:00:14.591	0.58509	0.58545			6
2026.04.20	01:00:16.391		0.58546			4
2026.04.20	01:00:17.592		0.58547			4
2026.04.20	01:00:18.195	0.58506	0.58537			6
2026.04.20	01:00:19.396	0.58503	0.58541			6
2026.04.20	01:00:19.693	0.58504	0.58539			6
2026.04.20	01:00:20.294		0.58537			4
2026.04.20	01:00:20.596	0.58505	0.58539			6
2026.04.20	01:00:21.196	0.58502	0.58537			6
2026.04.20	01:00:21.495	0.58505				2
2026.04.20	01:00:22.398	0.58506				2
2026.04.20	01:00:22.998	0.58505				2
2026.04.20	01:00:23.596	0.58506				2
2026.04.20	01:00:24.198	0.58505				2
2026.04.20	01:00:24.797	0.58506				2
2026.04.20	01:00:25.100	0.58503				2
2026.04.20	01:00:25.999	0.58505				2
2026.04.20	01:00:28.102	0.58506				2
2026.04.20	01:00:28.403	0.58504				2
2026.04.20	01:00:28.702	0.58505				2
2026.04.20	01:00:29.302	0.58503				2
2026.04.20	01:00:30.203		0.58524			4
2026.04.20	01:00:31.108	0.58510	0.58515			6
2026.04.20	01:00:31.403	0.58514	0.58522			6
2026.04.20	01:00:32.604	0.58511	0.58519			6
2026.04.20	01:00:32.903	0.58510	0.58518			6
2026.04.20	01:00:34.706	0.58511	0.58519			6
2026.04.20	01:00:35.004	0.58514	0.58520			6
2026.04.20	01:00:35.308	0.58513	0.58515			6
2026.04.20	01:00:35.605	0.58504	0.58512			6
2026.04.20	01:00:35.906	0.58503	0.58511			6
2026.04.20	01:00:36.207	0.58504	0.58512			6
2026.04.20	01:00:36.507	0.58505	0.58513			6
2026.04.20	01:00:36.807	0.58503	0.58509			6
2026.04.20	01:00:37.107	0.58501	0.58508			6
2026.04.20	01:00:37.707	0.58500				2
2026.04.20	01:00:39.509	0.58504	0.58511			6
2026.04.20	01:00:39.808	0.58501	0.58509			6
2026.04.20	01:00:40.108	0.58503	0.58507			6
2026.04.20	01:00:40.711	0.58501	0.58505			6
2026.04.20	01:00:41.011	0.58503	0.58506			6
2026.04.20	01:00:41.909	0.58504	0.58508			6
2026.04.20	01:00:43.109	0.58503	0.58507			6
2026.04.20	01:00:43.410	0.58504	0.58508			6
2026.04.20	01:00:44.610	0.58503	0.58507			6
2026.04.20	01:00:44.910	0.58500	0.58503			6
2026.04.20	01:00:45.212	0.58501	0.58504			6
2026.04.20	01:00:47.313		0.58505			4
2026.04.20	01:00:48.814	0.58500	0.58504			6
2026.04.20	01:00:49.713	0.58501	0.58505			6
2026.04.20	01:00:50.013	0.58499	0.58503			6
2026.04.20	01:00:51.814	0.58501	0.58505			6
2026.04.20	01:00:52.114	0.58502	0.58506			6
2026.04.20	01:00:53.917	0.58499	0.58501			6
2026.04.20	01:00:54.217		0.58503			4
2026.04.20	01:00:54.820		0.58502			4
2026.04.20	01:00:55.119	0.58501				2
2026.04.20	01:00:55.419	0.58499	0.58501			6
2026.04.20	01:00:57.222	0.58501	0.58505			6
2026.04.20	01:00:57.519	0.58500	0.58504			6
2026.04.20	01:00:58.419	0.58502	0.58506			6
2026.04.20	01:00:59.321	0.58508	0.58512			6
2026.04.20	01:00:59.619	0.58506	0.58510			6
2026.04.20	01:01:00.224	0.58509	0.58513			6
2026.04.20	01:01:00.822	0.58507	0.58511			6
2026.04.20	01:01:01.121	0.58508	0.58512			6
2026.04.20	01:01:01.723	0.58509	0.58513			6
2026.04.20	01:01:02.021	0.58510	0.58514			6
2026.04.20	01:01:02.324	0.58514	0.58518			6
2026.04.20	01:01:02.626	0.58523	0.58527			6
2026.04.20	01:01:02.923	0.58524	0.58528			6
2026.04.20	01:01:03.523	0.58525	0.58529			6
2026.04.20	01:01:03.830	0.58531	0.58535			6
2026.04.20	01:01:04.126	0.58528	0.58532			6
2026.04.20	01:01:04.725	0.58526	0.58530			6
2026.04.20	01:01:05.028	0.58529	0.58531			6
2026.04.20	01:01:05.328	0.58527	0.58529			6
2026.04.20	01:01:05.625	0.58526	0.58528			6
2026.04.20	01:01:05.927	0.58525				2
2026.04.20	01:01:06.525	0.58526	0.58530			6
2026.04.20	01:01:07.128		0.58528			4
2026.04.20	01:01:08.927	0.58524	0.58526			6
2026.04.20	01:01:09.226	0.58519	0.58521			6
2026.04.20	01:01:09.528	0.58520	0.58524			6
2026.04.20	01:01:09.827	0.58524	0.58526			6
2026.04.20	01:01:10.127		0.58525			4
2026.04.20	01:01:10.426	0.58522	0.58524			6
2026.04.20	01:01:10.728	0.58524	0.58525			6
2026.04.20	01:01:11.930		0.58526			4
2026.04.20	01:01:12.228		0.58527			4
2026.04.20	01:01:13.130		0.58528			4
2026.04.20	01:01:14.632	0.58527	0.58531			6
2026.04.20	01:01:14.931	0.58532	0.58536			6
2026.04.20	01:01:17.332	0.58533	0.58537			6
2026.04.20	01:01:17.632	0.58534	0.58538			6
2026.04.20	01:01:17.933	0.58535	0.58539			6
2026.04.20	01:01:20.031	0.58536	0.58540			6
2026.04.20	01:01:20.633	0.58535	0.58539			6
2026.04.20	01:01:24.836	0.58538	0.58542			6
2026.04.20	01:01:25.136	0.58534	0.58538			6
2026.04.20	01:01:25.434		0.58537			4
2026.04.20	01:01:26.036	0.58533				2
2026.04.20	01:01:26.335	0.58532	0.58536			6
2026.04.20	01:01:26.937	0.58531	0.58533			6
2026.04.20	01:01:27.236	0.58529				2
2026.04.20	01:01:30.239	0.58530				2
2026.04.20	01:01:30.538	0.58527	0.58531			6
2026.04.20	01:01:32.040	0.58531	0.58535			6
2026.04.20	01:01:32.338	0.58533	0.58537			6
2026.04.20	01:01:33.840	0.58537	0.58541			6
2026.04.20	01:01:34.440	0.58535	0.58539			6
2026.04.20	01:01:34.742	0.58532	0.58536			6
2026.04.20	01:01:35.043	0.58531	0.58535			6
2026.04.20	01:01:40.144	0.58532				2
2026.04.20	01:01:40.445	0.58530	0.58534			6
2026.04.20	01:01:42.249	0.58527	0.58531			6
2026.04.20	01:01:42.549	0.58525	0.58529			6
2026.04.20	01:01:42.850	0.58526	0.58530			6
2026.04.20	01:01:43.750	0.58527	0.58531			6
2026.04.20	01:01:45.250	0.58529	0.58532			6
2026.04.20	01:01:45.549	0.58527	0.58531			6
2026.04.20	01:01:47.052	0.58538	0.58541			6
2026.04.20	01:01:47.352	0.58539	0.58543			6
2026.04.20	01:01:48.254	0.58538	0.58542			6
2026.04.20	01:01:48.555	0.58536	0.58540			6
2026.04.20	01:01:48.854	0.58531	0.58535			6
2026.04.20	01:01:49.454	0.58532	0.58536			6
2026.04.20	01:01:49.755	0.58533	0.58537			6
2026.04.20	01:01:50.055	0.58531	0.58535			6
2026.04.20	01:01:54.258	0.58534	0.58537			6
2026.04.20	01:01:54.559		0.58538			4
2026.04.20	01:01:54.860	0.58538	0.58539			6
2026.04.20	01:01:55.161		0.58542			4
2026.04.20	01:01:56.360	0.58543	0.58547			6
2026.04.20	01:01:56.962	0.58540	0.58544			6
2026.04.20	01:01:57.261	0.58538	0.58542			6
2026.04.20	01:01:57.561	0.58540	0.58544			6
2026.04.20	01:01:57.862	0.58539	0.58543			6
2026.04.20	01:01:59.061	0.58540	0.58544			6
2026.04.20	01:02:00.266	0.58538	0.58542			6
2026.04.20	01:02:00.567	0.58536	0.58540			6
2026.04.20	01:02:01.466	0.58540	0.58544			6
2026.04.20	01:02:02.965	0.58541	0.58545			6
2026.04.20	01:02:05.966	0.58543	0.58547			6
2026.04.20	01:02:06.267	0.58544	0.58548			6
2026.04.20	01:02:06.870	0.58545	0.58549			6
2026.04.20	01:02:09.270	0.58544	0.58548			6
2026.04.20	01:02:10.469	0.58545				2
2026.04.20	01:02:10.770	0.58544				2
2026.04.20	01:02:15.576	0.58546	0.58550			6
2026.04.20	01:02:15.876	0.58543	0.58547			6
2026.04.20	01:02:16.176	0.58535	0.58539			6
2026.04.20	01:02:16.775	0.58534	0.58538			6
2026.04.20	01:02:19.776	0.58537	0.58541			6
2026.04.20	01:02:20.076	0.58538	0.58542			6
2026.04.20	01:02:20.378	0.58539	0.58543			6
2026.04.20	01:02:20.678	0.58540	0.58544			6
2026.04.20	01:02:21.577	0.58541	0.58545			6
2026.04.20	01:02:25.179	0.58540	0.58544			6
2026.04.20	01:02:25.782	0.58539	0.58543			6
2026.04.20	01:02:27.883	0.58538	0.58542			6
2026.04.20	01:02:30.585	0.58532	0.58536			6
2026.04.20	01:02:36.591	0.58535	0.58539			6
2026.04.20	01:02:38.091	0.58536	0.58540			6
2026.04.20	01:02:41.395	0.58539	0.58543			6
2026.04.20	01:02:41.694	0.58540	0.58544			6
2026.04.20	01:02:44.999	0.58541	0.58545			6
2026.04.20	01:02:46.801	0.58545	0.58549			6
2026.04.20	01:02:47.097	0.58548	0.58552			6
2026.04.20	01:02:47.399	0.58549	0.58553			6
2026.04.20	01:02:48.298	0.58550	0.58554			6
2026.04.20	01:02:54.006	0.58551	0.58555			6
2026.04.20	01:02:54.306	0.58553	0.58557			6
2026.04.20	01:02:54.607	0.58554	0.58558			6
2026.04.20	01:02:55.205	0.58552	0.58556			6
2026.04.20	01:02:56.405	0.58551	0.58555			6
2026.04.20	01:02:56.706	0.58550	0.58554			6
2026.04.20	01:02:57.306	0.58547	0.58551			6
2026.04.20	01:02:57.607	0.58546	0.58550			6
2026.04.20	01:02:59.708	0.58547				2
2026.04.20	01:03:00.010	0.58547				2
2026.04.20	01:03:00.309		0.58551			4
2026.04.20	01:03:00.610	0.58549	0.58553			6
2026.04.20	01:03:00.909	0.58550	0.58554			6
2026.04.20	01:03:02.410		0.58551			4
2026.04.20	01:03:02.709	0.58549	0.58552			6
2026.04.20	01:03:04.512	0.58550				2
2026.04.20	01:03:04.814	0.58553	0.58554			6
2026.04.20	01:03:05.114	0.58554	0.58555			6
2026.04.20	01:03:06.314	0.58552	0.58553			6
2026.04.20	01:03:06.614	0.58550				2
2026.04.20	01:03:10.215	0.58551				2
2026.04.20	01:03:10.814	0.58550				2
2026.04.20	01:03:14.120	0.58552				2
2026.04.20	01:03:14.420	0.58553	0.58554			6
2026.04.20	01:03:15.322		0.58555			4
2026.04.20	01:03:15.619	0.58555	0.58559			6
2026.04.20	01:03:15.920	0.58556				2
2026.04.20	01:03:19.221	0.58555	0.58556			6
2026.04.20	01:03:19.521	0.58554	0.58557			6
2026.04.20	01:03:20.421	0.58558	0.58561			6
2026.04.20	01:03:20.721	0.58560				2
2026.04.20	01:03:21.922	0.58556	0.58559			6
2026.04.20	01:03:22.221	0.58559	0.58561			6
2026.04.20	01:03:30.330	0.58558	0.58560			6
2026.04.20	01:03:30.629	0.58559				2
2026.04.20	01:03:30.931	0.58558	0.58561			6
2026.04.20	01:03:31.531	0.58559				2
2026.04.20	01:03:34.232	0.58558				2
2026.04.20	01:03:35.733	0.58559				2
2026.04.20	01:03:36.335	0.58558				2
2026.04.20	01:03:37.536	0.58559				2
2026.04.20	01:03:38.736	0.58558				2
2026.04.20	01:03:39.035	0.58559				2
2026.04.20	01:03:40.536	0.58558				2
2026.04.20	01:03:40.839	0.58559				2
2026.04.20	01:03:43.844	0.58558	0.58559			6
2026.04.20	01:03:44.144	0.58551	0.58552			6
2026.04.20	01:03:44.443		0.58554			4
2026.04.20	01:03:44.742	0.58552				2
2026.04.20	01:03:45.646	0.58553				2
2026.04.20	01:03:48.049	0.58552				2
2026.04.20	01:03:49.250	0.58553				2
2026.04.20	01:03:51.052	0.58556	0.58560			6
2026.04.20	01:03:51.352	0.58557				2
2026.04.20	01:03:51.652	0.58558				2
2026.04.20	01:03:55.859		0.58561			4
2026.04.20	01:03:56.758	0.58559				2
2026.04.20	01:03:57.360	0.58556	0.58558			6
2026.04.20	01:03:58.860	0.58555				2
2026.04.20	01:03:59.759		0.58559			4
2026.04.20	01:04:00.058	0.58555				2
2026.04.20	01:04:09.365	0.58556	0.58560			6
2026.04.20	01:04:18.973	0.58555	0.58559			6
2026.04.20	01:04:20.472	0.58556	0.58560			6
2026.04.20	01:04:33.090	0.58555	0.58556			6
2026.04.20	01:04:33.390	0.58553	0.58555			6
2026.04.20	01:04:35.191		0.58554			4
2026.04.20	01:04:35.489	0.58550	0.58553			6
2026.04.20	01:04:37.892		0.58551			4
2026.04.20	01:04:38.493	0.58549				2
2026.04.20	01:04:41.495	0.58545	0.58548			6
2026.04.20	01:04:41.795		0.58549			4
2026.04.20	01:04:42.095	0.58546				2
2026.04.20	01:04:43.595	0.58541	0.58542			6
2026.04.20	01:04:43.896	0.58533	0.58535			6
2026.04.20	01:04:44.197	0.58531				2
2026.04.20	01:04:44.798	0.58535	0.58537			6
2026.04.20	01:04:45.097	0.58534				2
2026.04.20	01:04:45.999		0.58536			4
2026.04.20	01:04:47.800	0.58533	0.58535			6
2026.04.20	01:04:49.299	0.58537	0.58539			6
2026.04.20	01:04:50.502	0.58536	0.58537			6
2026.04.20	01:04:50.802	0.58535				2
2026.04.20	01:04:55.305	0.58534	0.58538			6
2026.04.20	01:04:56.506	0.58532	0.58535			6
2026.04.20	01:04:56.806	0.58526	0.58527			6
2026.04.20	01:04:57.107	0.58522	0.58526			6
2026.04.20	01:04:57.405	0.58520	0.58522			6
2026.04.20	01:04:57.708		0.58521			4
2026.04.20	01:04:58.007	0.58516	0.58520			6
2026.04.20	01:04:59.509		0.58519			4
2026.04.20	01:04:59.809		0.58520			4
2026.04.20	01:05:00.109	0.58515	0.58519			6
2026.04.20	01:05:00.411	0.58519	0.58523			6
2026.04.20	01:05:00.711	0.58520	0.58524			6
2026.04.20	01:05:01.011	0.58521	0.58525			6
2026.04.20	01:05:01.312	0.58523	0.58527			6
2026.04.20	01:05:01.913	0.58522	0.58526			6
2026.04.20	01:05:02.212	0.58526	0.58530			6
2026.04.20	01:05:03.412	0.58524	0.58526			6
2026.04.20	01:05:03.712	0.58522				2
2026.04.20	01:05:04.912	0.58521	0.58525			6
2026.04.20	01:05:06.111	0.58520	0.58524			6
2026.04.20	01:05:10.918	0.58521	0.58525			6
2026.04.20	01:05:11.217	0.58526	0.58530			6
2026.04.20	01:05:16.329	0.58525	0.58529			6
2026.04.20	01:05:20.533	0.58529	0.58533			6
2026.04.20	01:05:40.354	0.58532				2
2026.04.20	01:05:41.257	0.58529				2
2026.04.20	01:05:48.760	0.58540	0.58544			6
2026.04.20	01:05:49.058	0.58536	0.58540			6
2026.04.20	01:05:49.360	0.58535	0.58539			6
2026.04.20	01:05:50.563	0.58536				2
2026.04.20	01:05:50.861	0.58541	0.58545			6
2026.04.20	01:05:51.162	0.58540	0.58544			6
2026.04.20	01:05:55.373	0.58541	0.58545			6
2026.04.20	01:05:55.666	0.58548	0.58552			6
2026.04.20	01:05:56.568	0.58547	0.58551			6
2026.04.20	01:05:57.169	0.58546	0.58550			6
2026.04.20	01:05:57.467	0.58545	0.58549			6
2026.04.20	01:06:00.172	0.58545	0.58548			6
2026.04.20	01:06:00.471	0.58541	0.58545			6
2026.04.20	01:06:00.772	0.58540	0.58544			6
2026.04.20	01:06:01.071	0.58539	0.58543			6
2026.04.20	01:06:04.075	0.58543	0.58547			6
2026.04.20	01:06:04.375	0.58541	0.58545			6
2026.04.20	01:06:04.976	0.58540	0.58544			6
2026.04.20	01:06:06.477		0.58542			4
2026.04.20	01:06:06.774	0.58537	0.58541			6
2026.04.20	01:06:07.077	0.58536	0.58540			6
2026.04.20	01:06:07.977	0.58537	0.58539			6
2026.04.20	01:06:08.276		0.58541			4
2026.04.20	01:06:08.576		0.58540			4
2026.04.20	01:06:09.478	0.58536				2
2026.04.20	01:06:25.991	0.58537	0.58541			6
2026.04.20	01:06:29.595	0.58539	0.58543			6
2026.04.20	01:06:29.896	0.58540	0.58544			6
2026.04.20	01:06:34.696	0.58541	0.58545			6
2026.04.20	01:06:34.995	0.58539	0.58542			6
2026.04.20	01:06:35.297	0.58538				2
2026.04.20	01:06:38.601	0.58541	0.58545			6
2026.04.20	01:06:38.898	0.58542	0.58544			6
2026.04.20	01:06:39.199		0.58545			4
2026.04.20	01:06:41.603		0.58546			4
2026.04.20	01:06:42.501	0.58547	0.58550			6
2026.04.20	01:06:45.204	0.58543	0.58547			6
2026.04.20	01:06:45.504	0.58548	0.58550			6
2026.04.20	01:06:45.803		0.58551			4
2026.04.20	01:06:51.508	0.58549	0.58553			6
2026.04.20	01:06:53.312	0.58550	0.58554			6
2026.04.20	01:06:55.113	0.58549	0.58553			6
2026.04.20	01:06:56.614	0.58550	0.58554			6
2026.04.20	01:06:59.620	0.58554	0.58557			6
2026.04.20	01:06:59.919		0.58556			4
2026.04.20	01:07:00.219	0.58554				2
2026.04.20	01:07:00.520	0.58551	0.58555			6
2026.04.20	01:07:01.418	0.58553	0.58557			6
2026.04.20	01:07:06.823	0.58550	0.58554			6
2026.04.20	01:07:07.124	0.58548	0.58552			6
2026.04.20	01:07:10.726	0.58553	0.58557			6
2026.04.20	01:07:11.027	0.58554	0.58558			6
2026.04.20	01:07:11.627		0.58557			4
2026.04.20	01:07:12.528		0.58558			4
2026.04.20	01:07:15.232	0.58557	0.58560			6
2026.04.20	01:07:15.535		0.58561			4
2026.04.20	01:07:15.836	0.58559	0.58563			6
2026.04.20	01:07:16.135	0.58564	0.58565			6
2026.04.20	01:07:16.436		0.58567			4
2026.04.20	01:07:17.042		0.58568			4
2026.04.20	01:07:23.652	0.58562	0.58566			6
2026.04.20	01:07:23.951		0.58564			4
2026.04.20	01:07:24.252		0.58565			4
2026.04.20	01:07:24.552		0.58564			4
2026.04.20	01:07:31.163	0.58564	0.58565			6
2026.04.20	01:07:31.462		0.58567			4
2026.04.20	01:07:32.063	0.58560	0.58564			6
2026.04.20	01:07:35.371	0.58561				2
2026.04.20	01:07:39.579	0.58564	0.58567			6
2026.04.20	01:07:40.484	0.58566	0.58569			6
2026.04.20	01:07:40.780	0.58569	0.58572			6
2026.04.20	01:07:41.082	0.58570	0.58573			6
2026.04.20	01:07:42.883	0.58571	0.58574			6
2026.04.20	01:07:45.584	0.58570	0.58573			6
2026.04.20	01:07:47.687	0.58571	0.58574			6
2026.04.20	01:07:50.990	0.58575	0.58577			6
2026.04.20	01:07:51.289	0.58576	0.58579			6
2026.04.20	01:07:52.492	0.58578	0.58581			6
2026.04.20	01:07:53.093	0.58576	0.58579			6
2026.04.20	01:07:59.402	0.58577	0.58580			6
2026.04.20	01:07:59.998	0.58579	0.58582			6
2026.04.20	01:08:00.297	0.58584	0.58587			6
2026.04.20	01:08:00.598	0.58585	0.58588			6
2026.04.20	01:08:01.200	0.58588	0.58590			6
2026.04.20	01:08:02.400		0.58591			4
2026.04.20	01:08:03.302	0.58589	0.58592			6
2026.04.20	01:08:03.601	0.58585	0.58589			6
2026.04.20	01:08:04.201		0.58588			4
2026.04.20	01:08:05.103		0.58589			4
2026.04.20	01:08:06.304	0.58586				2
2026.04.20	01:08:07.503	0.58585	0.58588			6
2026.04.20	01:08:12.912	0.58586				2
2026.04.20	01:08:13.212	0.58588	0.58591			6
2026.04.20	01:08:17.417	0.58590	0.58593			6
2026.04.20	01:08:26.132	0.58595	0.58598			6
2026.04.20	01:08:30.339	0.58593	0.58596			6
2026.04.20	01:08:30.637	0.58594	0.58597			6
2026.04.20	01:08:30.939	0.58593	0.58596			6
2026.04.20	01:08:48.366	0.58592	0.58595			6
2026.04.20	01:08:54.071	0.58593	0.58596			6
2026.04.20	01:08:54.370	0.58592	0.58595			6
2026.04.20	01:08:56.172	0.58594	0.58597			6
2026.04.20	01:08:58.874	0.58593	0.58596			6
2026.04.20	01:08:59.773	0.58596	0.58599			6
2026.04.20	01:09:00.073	0.58596				2
2026.04.20	01:09:00.373	0.58597	0.58600			6
2026.04.20	01:09:10.890		0.58599			4
2026.04.20	01:09:15.094	0.58596				2
2026.04.20	01:09:21.401	0.58597				2
2026.04.20	01:09:28.312		0.58600			4
2026.04.20	01:09:30.415	0.58594	0.58597			6
2026.04.20	01:09:31.314		0.58595			4
2026.04.20	01:09:31.615	0.58588	0.58591			6
2026.04.20	01:09:31.915	0.58589				2
2026.04.20	01:09:33.115	0.58588				2
2026.04.20	01:09:37.322	0.58589	0.58592			6
2026.04.20	01:09:37.620	0.58588	0.58591			6
2026.04.20	01:09:38.522	0.58590	0.58593			6
2026.04.20	01:09:38.819	0.58592	0.58594			6
2026.04.20	01:09:39.120	0.58594	0.58595			6
2026.04.20	01:09:40.621		0.58597			4
2026.04.20	01:09:41.223	0.58593	0.58596			6
2026.04.20	01:09:41.522	0.58591	0.58594			6
2026.04.20	01:09:42.124	0.58589	0.58592			6
2026.04.20	01:09:42.422	0.58587	0.58590			6
2026.04.20	01:09:43.325	0.58588	0.58591			6
2026.04.20	01:09:45.431	0.58589	0.58592			6
2026.04.20	01:09:46.030	0.58588	0.58591			6
2026.04.20	01:09:47.231	0.58589				2
2026.04.20	01:09:50.540		0.58592			4
2026.04.20	01:09:52.042	0.58588	0.58591			6
2026.04.20	01:10:00.155	0.58588				2
2026.04.20	01:10:01.055	0.58590	0.58593			6
2026.04.20	01:10:01.354	0.58593	0.58596			6
2026.04.20	01:10:01.956	0.58592	0.58595			6
2026.04.20	01:10:02.555	0.58594	0.58597			6
2026.04.20	01:10:02.857	0.58595	0.58598			6
2026.04.20	01:10:05.258	0.58594	0.58597			6
2026.04.20	01:10:05.860	0.58595	0.58598			6
2026.04.20	01:10:06.760	0.58596				2
2026.04.20	01:10:11.563	0.58595				2
2026.04.20	01:10:12.164	0.58596				2
2026.04.20	01:10:12.764		0.58597			4
2026.04.20	01:10:14.567	0.58597	0.58598			6
2026.04.20	01:10:14.866	0.58596	0.58599			6
2026.04.20	01:10:19.674	0.58598	0.58601			6
2026.04.20	01:10:19.971	0.58599	0.58602			6
2026.04.20	01:10:20.573	0.58598	0.58601			6
2026.04.20	01:10:21.773	0.58599	0.58602			6
2026.04.20	01:10:22.974	0.58601	0.58604			6
2026.04.20	01:10:23.275	0.58602	0.58605			6
2026.04.20	01:10:23.577	0.58609	0.58612			6
2026.04.20	01:10:25.077	0.58610	0.58613			6
2026.04.20	01:10:25.377	0.58612	0.58615			6
2026.04.20	01:10:25.676	0.58616	0.58619			6
2026.04.20	01:10:26.276	0.58615	0.58618			6
2026.04.20	01:10:27.781	0.58622	0.58623			6
2026.04.20	01:10:28.383		0.58624			4
2026.04.20	01:10:29.886	0.58626	0.58627			6
2026.04.20	01:10:30.185	0.58622	0.58625			6
2026.04.20	01:10:30.486	0.58620	0.58623			6
2026.04.20	01:10:31.991	0.58617	0.58620			6
2026.04.20	01:10:32.293	0.58615	0.58618			6
2026.04.20	01:10:32.590	0.58617	0.58619			6
2026.04.20	01:10:34.995	0.58616				2
2026.04.20	01:10:35.293	0.58613	0.58616			6
2026.04.20	01:10:35.593		0.58615			4
2026.04.20	01:10:36.192	0.58612				2
2026.04.20	01:10:36.494	0.58610	0.58613			6
2026.04.20	01:10:39.498	0.58612	0.58615			6
2026.04.20	01:10:39.800	0.58611	0.58614			6
2026.04.20	01:10:40.401	0.58610	0.58613			6
2026.04.20	01:10:41.002	0.58607	0.58610			6
2026.04.20	01:10:43.404	0.58606	0.58609			6
2026.04.20	01:10:44.004	0.58605	0.58608			6
2026.04.20	01:10:44.604	0.58606	0.58609			6
2026.04.20	01:10:45.206	0.58608				2
2026.04.20	01:10:45.504		0.58611			4
2026.04.20	01:10:45.805	0.58607	0.58610			6
2026.04.20	01:10:49.407	0.58608	0.58611			6
2026.04.20	01:10:52.713	0.58609	0.58612			6
2026.04.20	01:10:53.312	0.58610	0.58613			6
2026.04.20	01:10:53.611	0.58609	0.58612			6
2026.04.20	01:10:53.912	0.58610	0.58613			6
2026.04.20	01:10:56.318	0.58612	0.58615			6
2026.04.20	01:11:00.223	0.58612				2
2026.04.20	01:11:00.529	0.58610	0.58613			6
2026.04.20	01:11:00.824	0.58609	0.58612			6
2026.04.20	01:11:01.123	0.58610	0.58613			6
2026.04.20	01:11:05.026	0.58608	0.58609			6
2026.04.20	01:11:05.927		0.58610			4
2026.04.20	01:11:07.129		0.58609			4
2026.04.20	01:11:07.729		0.58610			4
2026.04.20	01:11:10.732	0.58609	0.58612			6
2026.04.20	01:11:11.033	0.58610	0.58613			6
2026.04.20	01:11:17.036	0.58606	0.58609			6
2026.04.20	01:11:18.240	0.58605	0.58608			6
2026.04.20	01:11:18.842	0.58606	0.58609			6
2026.04.20	01:11:24.844	0.58607	0.58610			6
2026.04.20	01:11:26.648	0.58606	0.58609			6
2026.04.20	01:11:27.848	0.58607	0.58610			6
2026.04.20	01:11:28.148	0.58606	0.58609			6
2026.04.20	01:11:28.452	0.58607	0.58610			6
2026.04.20	01:11:30.555	0.58608	0.58611			6
2026.04.20	01:11:30.853	0.58609	0.58612			6
2026.04.20	01:11:32.356	0.58608	0.58611			6
2026.04.20	01:11:32.958	0.58609	0.58612			6
2026.04.20	01:11:34.157	0.58607	0.58610			6
2026.04.20	01:11:38.668	0.58608	0.58611			6
2026.04.20	01:11:38.967	0.58610	0.58613			6
2026.04.20	01:11:39.568	0.58608	0.58611			6
2026.04.20	01:11:39.866	0.58607	0.58609			6
2026.04.20	01:11:40.469	0.58608	0.58611			6
2026.04.20	01:11:41.369	0.58609	0.58612			6
2026.04.20	01:11:43.169	0.58607	0.58610			6
2026.04.20	01:11:43.771	0.58606	0.58609			6
2026.04.20	01:11:48.276	0.58608	0.58611			6
2026.04.20	01:11:48.873	0.58607	0.58610			6
2026.04.20	01:11:49.176	0.58606	0.58609			6
2026.04.20	01:11:51.278	0.58605	0.58608			6
2026.04.20	01:11:52.177		0.58607			4
2026.04.20	01:11:55.484	0.58606	0.58608			6
2026.04.20	01:11:56.385	0.58607	0.58609			6
2026.04.20	01:11:57.586	0.58603	0.58605			6
2026.04.20	01:11:58.186	0.58602				2
2026.04.20	01:11:59.387	0.58603				2
2026.04.20	01:12:00.290	0.58604	0.58606			6
2026.04.20	01:12:00.589	0.58603	0.58605			6
2026.04.20	01:12:01.189	0.58604	0.58606			6
2026.04.20	01:12:01.789	0.58603	0.58605			6
2026.04.20	01:12:04.491	0.58599	0.58601			6
2026.04.20	01:12:05.090	0.58598	0.58599			6
2026.04.20	01:12:05.392	0.58597				2
2026.04.20	01:12:06.290	0.58596				2
2026.04.20	01:12:07.197	0.58597	0.58600			6
2026.04.20	01:12:07.494	0.58596	0.58597			6
2026.04.20	01:12:07.791	0.58595	0.58598			6
2026.04.20	01:12:09.295	0.58596				2
2026.04.20	01:12:16.806	0.58595	0.58597			6
2026.04.20	01:12:28.220	0.58598	0.58600			6
2026.04.20	01:12:28.522	0.58599	0.58601			6
2026.04.20	01:12:28.823	0.58598	0.58600			6
2026.04.20	01:12:29.422	0.58599	0.58601			6
2026.04.20	01:12:30.025	0.58610	0.58611			6
2026.04.20	01:12:30.322		0.58612			4
2026.04.20	01:12:31.222		0.58613			4
2026.04.20	01:12:35.435	0.58609	0.58612			6
2026.04.20	01:12:37.541	0.58610	0.58613			6
2026.04.20	01:12:38.144	0.58609	0.58612			6
2026.04.20	01:12:40.549	0.58610	0.58613			6
2026.04.20	01:12:42.654	0.58608	0.58611			6
2026.04.20	01:12:42.953		0.58610			4
2026.04.20	01:12:43.254		0.58611			4
2026.04.20	01:12:44.459		0.58610			4
2026.04.20	01:12:45.959	0.58604	0.58607			6
2026.04.20	01:12:46.260		0.58606			4
2026.04.20	01:12:47.161	0.58602	0.58604			6
2026.04.20	01:12:47.461	0.58597	0.58599			6
2026.04.20	01:12:48.666	0.58603	0.58605			6
2026.04.20	01:12:50.164	0.58602	0.58604			6
2026.04.20	01:12:51.062		0.58603			4
2026.04.20	01:12:51.965		0.58604			4
2026.04.20	01:12:52.565		0.58605			4
2026.04.20	01:12:53.164	0.58605	0.58607			6
2026.04.20	01:12:54.366	0.58604				2
2026.04.20	01:12:55.569	0.58605	0.58608			6
2026.04.20	01:12:57.671	0.58604	0.58607			6
2026.04.20	01:12:59.772	0.58605	0.58608			6
2026.04.20	01:13:00.074	0.58605				2
2026.04.20	01:13:00.674	0.58604	0.58607			6
2026.04.20	01:13:01.573	0.58605	0.58608			6
2026.04.20	01:13:01.875	0.58604	0.58607			6
2026.04.20	01:13:03.077	0.58605	0.58608			6
2026.04.20	01:13:06.378	0.58606	0.58609			6
2026.04.20	01:13:07.279		0.58608			4
2026.04.20	01:13:07.578		0.58609			4
2026.04.20	01:13:07.877	0.58605	0.58608			6
2026.04.20	01:13:09.080	0.58607	0.58610			6
2026.04.20	01:13:09.979	0.58608	0.58611			6
2026.04.20	01:13:10.878	0.58607	0.58610			6
2026.04.20	01:13:11.782	0.58606	0.58609			6
2026.04.20	01:13:15.387	0.58604	0.58607			6
2026.04.20	01:13:15.986	0.58598	0.58601			6
2026.04.20	01:13:16.285	0.58599	0.58602			6
2026.04.20	01:13:17.787	0.58600	0.58603			6
2026.04.20	01:13:20.490	0.58599	0.58602			6
2026.04.20	01:13:23.792	0.58598	0.58601			6
2026.04.20	01:13:26.196	0.58599	0.58602			6
2026.04.20	01:13:26.496	0.58600	0.58603			6
2026.04.20	01:13:26.796	0.58599	0.58602			6
2026.04.20	01:13:28.296	0.58600	0.58603			6
2026.04.20	01:13:28.597	0.58599	0.58602			6
2026.04.20	01:13:37.316	0.58597	0.58599			6
2026.04.20	01:13:37.614		0.58600			4
2026.04.20	01:13:39.717	0.58598	0.58601			6
2026.04.20	01:13:40.617	0.58599	0.58602			6
2026.04.20	01:13:45.129	0.58598	0.58601			6
2026.04.20	01:13:45.425	0.58597	0.58600			6
2026.04.20	01:13:46.026	0.58599	0.58602			6
2026.04.20	01:13:47.530	0.58598	0.58601			6
2026.04.20	01:13:51.439	0.58599	0.58602			6
2026.04.20	01:13:52.339	0.58600				2
2026.04.20	01:13:52.638	0.58599	0.58601			6
2026.04.20	01:13:55.643	0.58600	0.58602			6
2026.04.20	01:13:56.243	0.58601	0.58603			6
2026.04.20	01:14:00.151	0.58601				2
2026.04.20	01:14:01.351	0.58600	0.58602			6
2026.04.20	01:14:01.954	0.58599	0.58601			6
2026.04.20	01:14:02.252	0.58597	0.58599			6
2026.04.20	01:14:02.555	0.58598	0.58600			6
2026.04.20	01:14:08.260	0.58599	0.58601			6
2026.04.20	01:14:08.860	0.58598	0.58600			6
2026.04.20	01:14:12.766	0.58600	0.58602			6
2026.04.20	01:14:13.066	0.58601	0.58603			6
2026.04.20	01:14:13.970	0.58600	0.58602			6
2026.04.20	01:14:14.268	0.58598	0.58600			6
2026.04.20	01:14:16.070	0.58597	0.58599			6
2026.04.20	01:14:18.474	0.58598	0.58600			6
2026.04.20	01:14:18.775	0.58600	0.58602			6
2026.04.20	01:14:21.777	0.58601	0.58603			6
2026.04.20	01:14:22.077	0.58600	0.58602			6
2026.04.20	01:14:22.379	0.58599	0.58601			6
2026.04.20	01:14:22.678	0.58598	0.58600			6
2026.04.20	01:14:30.188	0.58599	0.58601			6
2026.04.20	01:14:31.090	0.58598	0.58600			6
2026.04.20	01:14:33.191	0.58596	0.58598			6
2026.04.20	01:14:43.109	0.58600	0.58601			6
2026.04.20	01:14:43.710		0.58602			4
2026.04.20	01:14:50.323	0.58599	0.58601			6
2026.04.20	01:14:56.643	0.58597	0.58599			6
2026.04.20	01:14:59.649	0.58595	0.58597			6
2026.04.20	01:15:00.253	0.58595				2
2026.04.20	01:15:00.552	0.58591	0.58593			6
2026.04.20	01:15:00.852	0.58592	0.58594			6
2026.04.20	01:15:01.753	0.58591	0.58593			6
2026.04.20	01:15:04.459	0.58594	0.58596			6
2026.04.20	01:15:04.759	0.58595	0.58597			6
2026.04.20	01:15:05.358	0.58593	0.58595			6
2026.04.20	01:15:06.259	0.58591	0.58593			6
2026.04.20	01:15:06.559	0.58592	0.58594			6
2026.04.20	01:15:11.969	0.58593	0.58595			6
2026.04.20	01:15:17.077	0.58590	0.58592			6
2026.04.20	01:15:18.876	0.58591	0.58593			6
2026.04.20	01:15:20.675	0.58590	0.58592			6
2026.04.20	01:15:25.480	0.58592	0.58594			6
2026.04.20	01:15:25.780	0.58593	0.58595			6
2026.04.20	01:15:26.382	0.58590	0.58592			6
2026.04.20	01:15:28.186	0.58592	0.58594			6
2026.04.20	01:15:28.784	0.58593	0.58595			6
2026.04.20	01:15:29.085	0.58594	0.58596			6
2026.04.20	01:15:30.588	0.58592	0.58594			6
2026.04.20	01:15:30.888	0.58593	0.58595			6
2026.04.20	01:15:31.190	0.58592	0.58594			6
2026.04.20	01:15:31.487	0.58593	0.58595			6
2026.04.20	01:15:31.790	0.58592	0.58594			6
2026.04.20	01:15:32.090	0.58590	0.58592			6
2026.04.20	01:15:32.991	0.58589	0.58591			6
2026.04.20	01:15:34.493	0.58588	0.58590			6
2026.04.20	01:15:34.794	0.58587	0.58588			6
2026.04.20	01:15:39.295		0.58589			4
2026.04.20	01:15:41.395	0.58589	0.58591			6
2026.04.20	01:15:41.997	0.58590	0.58592			6
2026.04.20	01:15:44.699	0.58591	0.58593			6
2026.04.20	01:15:45.004	0.58590	0.58592			6
2026.04.20	01:15:46.804	0.58593	0.58595			6
2026.04.20	01:15:47.705	0.58592	0.58594			6
2026.04.20	01:15:48.606	0.58593	0.58595			6
2026.04.20	01:15:49.508	0.58591	0.58593			6
2026.04.20	01:15:51.309	0.58590	0.58592			6
2026.04.20	01:15:51.611	0.58591	0.58593			6
2026.04.20	01:15:55.818	0.58589	0.58591			6
2026.04.20	01:15:56.421	0.58590	0.58592			6
2026.04.20	01:15:59.121	0.58591	0.58593			6
2026.04.20	01:15:59.422	0.58590	0.58592			6
2026.04.20	01:16:00.022	0.58594	0.58596			6
2026.04.20	01:16:00.925	0.58595	0.58597			6
2026.04.20	01:16:01.828	0.58598	0.58599			6
2026.04.20	01:16:02.124	0.58600	0.58602			6
2026.04.20	01:16:04.827	0.58601	0.58603			6
2026.04.20	01:16:05.127	0.58600	0.58602			6
2026.04.20	01:16:13.538	0.58601	0.58603			6
2026.04.20	01:16:22.550	0.58599	0.58601			6
2026.04.20	01:16:23.147	0.58601	0.58603			6
2026.04.20	01:16:24.350	0.58602	0.58604			6
2026.04.20	01:16:24.652	0.58604	0.58606			6
2026.04.20	01:16:25.253	0.58605	0.58607			6
2026.04.20	01:16:25.555	0.58606	0.58608			6
2026.04.20	01:16:26.158	0.58607	0.58609			6
2026.04.20	01:16:26.757	0.58606	0.58608			6
2026.04.20	01:16:27.358	0.58607	0.58609			6
2026.04.20	01:16:27.659	0.58606	0.58608			6
2026.04.20	01:16:28.258	0.58607	0.58609			6
2026.04.20	01:16:28.858	0.58606	0.58608			6
2026.04.20	01:16:29.460	0.58608	0.58610			6
2026.04.20	01:16:29.757	0.58609	0.58611			6
2026.04.20	01:16:31.259	0.58608	0.58610			6
2026.04.20	01:16:31.862	0.58606	0.58608			6
2026.04.20	01:16:38.768	0.58607	0.58609			6
2026.04.20	01:16:42.069	0.58608	0.58610			6
2026.04.20	01:16:42.370	0.58607	0.58609			6
2026.04.20	01:16:42.671	0.58606	0.58608			6
2026.04.20	01:16:43.571	0.58607	0.58609			6
2026.04.20	01:16:43.871	0.58608	0.58610			6
2026.04.20	01:16:47.175	0.58609	0.58611			6
2026.04.20	01:16:48.975	0.58608	0.58610			6
2026.04.20	01:16:50.777	0.58609	0.58611			6
2026.04.20	01:16:51.678	0.58610	0.58612			6
2026.04.20	01:16:51.977	0.58611	0.58613			6
2026.04.20	01:16:52.577	0.58610	0.58612			6
2026.04.20	01:16:53.178	0.58609	0.58611			6
2026.04.20	01:16:54.682	0.58607	0.58609			6
2026.04.20	01:16:56.484	0.58608	0.58610			6
2026.04.20	01:16:57.688	0.58607	0.58609			6
2026.04.20	01:16:59.488	0.58605	0.58607			6
2026.04.20	01:17:00.090	0.58605				2
2026.04.20	01:17:00.390	0.58604	0.58606			6
2026.04.20	01:17:00.990	0.58605	0.58607			6
2026.04.20	01:17:06.098		0.58606			4
2026.04.20	01:17:06.398		0.58607			4
2026.04.20	01:17:07.901	0.58606	0.58608			6
2026.04.20	01:17:08.200	0.58607	0.58609			6
2026.04.20	01:17:08.802	0.58609	0.58610			6
2026.04.20	01:17:09.701	0.58608				2
2026.04.20	01:17:11.802	0.58607	0.58609			6
2026.04.20	01:17:12.706	0.58606	0.58607			6
2026.04.20	01:17:14.208		0.58608			4
2026.04.20	01:17:14.508		0.58607			4
2026.04.20	01:17:17.512		0.58608			4
2026.04.20	01:17:19.017	0.58605	0.58606			6
2026.04.20	01:17:21.420	0.58607	0.58608			6
2026.04.20	01:17:21.721		0.58609			4
2026.04.20	01:17:23.521		0.58608			4
2026.04.20	01:17:23.820	0.58608	0.58610			6
2026.04.20	01:17:25.020	0.58607	0.58608			6
2026.04.20	01:17:25.622		0.58609			4
2026.04.20	01:17:26.524		0.58608			4
2026.04.20	01:17:28.635	0.58608	0.58609			6
2026.04.20	01:17:29.536	0.58609	0.58611			6
2026.04.20	01:17:31.643	0.58604	0.58606			6
2026.04.20	01:17:31.940	0.58603	0.58605			6
2026.04.20	01:17:34.043	0.58604	0.58606			6
2026.04.20	01:17:34.345		0.58605			4
2026.04.20	01:17:35.847	0.58603				2
2026.04.20	01:17:37.355		0.58604			4
2026.04.20	01:17:37.655	0.58602				2
2026.04.20	01:17:38.255	0.58603				2
2026.04.20	01:17:38.553		0.58605			4
2026.04.20	01:17:40.360	0.58604				2
2026.04.20	01:17:40.958		0.58606			4
2026.04.20	01:17:48.467	0.58605	0.58607			6
2026.04.20	01:17:50.268		0.58606			4
2026.04.20	01:17:50.870		0.58607			4
2026.04.20	01:17:51.170		0.58606			4
2026.04.20	01:17:51.471		0.58607			4
2026.04.20	01:17:52.073		0.58606			4
2026.04.20	01:17:52.672	0.58606	0.58608			6
2026.04.20	01:17:52.971	0.58604	0.58606			6
2026.04.20	01:17:53.273		0.58605			4
2026.04.20	01:17:53.571	0.58605	0.58607			6
2026.04.20	01:17:53.873	0.58602	0.58603			6
2026.04.20	01:18:00.178	0.58602				2
2026.04.20	01:18:02.580		0.58604			4
2026.04.20	01:18:04.982		0.58603			4
2026.04.20	01:18:06.482		0.58604			4
2026.04.20	01:18:07.084	0.58603				2
2026.04.20	01:18:07.384	0.58601	0.58602			6
2026.04.20	01:18:07.685	0.58602	0.58603			6
2026.04.20	01:18:10.687	0.58600	0.58602			6
2026.04.20	01:18:13.393	0.58601				2
2026.04.20	01:18:13.695		0.58603			4
2026.04.20	01:18:13.994		0.58602			4
2026.04.20	01:18:15.195	0.58602	0.58604			6
2026.04.20	01:18:18.196	0.58603	0.58605			6
2026.04.20	01:18:19.700		0.58604			4
2026.04.20	01:18:19.999	0.58602	0.58603			6
2026.04.20	01:18:20.899		0.58604			4
2026.04.20	01:18:28.722	0.58601	0.58603			6
2026.04.20	01:18:29.020		0.58602			4
2026.04.20	01:18:29.625	0.58603	0.58605			6
2026.04.20	01:18:30.823	0.58602	0.58603			6
2026.04.20	01:18:31.122		0.58604			4
2026.04.20	01:18:32.023	0.58603				2
2026.04.20	01:18:32.324	0.58605	0.58606			6
2026.04.20	01:18:32.623	0.58604	0.58605			6
2026.04.20	01:18:32.925	0.58605	0.58606			6
2026.04.20	01:18:33.523		0.58607			4
2026.04.20	01:18:34.423	0.58606				2
2026.04.20	01:18:34.725	0.58607	0.58608			6
2026.04.20	01:18:35.625		0.58609			4
2026.04.20	01:18:36.230	0.58608				2
2026.04.20	01:18:38.034		0.58610			4
2026.04.20	01:18:38.335		0.58609			4
2026.04.20	01:18:38.636		0.58610			4
2026.04.20	01:18:40.138		0.58609			4
2026.04.20	01:18:40.438		0.58610			4
2026.04.20	01:18:41.937	0.58607	0.58609			6
2026.04.20	01:18:44.046		0.58608			4
2026.04.20	01:18:45.246		0.58609			4
2026.04.20	01:18:48.851		0.58608			4
2026.04.20	01:18:49.151	0.58605	0.58607			6
2026.04.20	01:18:49.450		0.58606			4
2026.04.20	01:18:50.353		0.58607			4
2026.04.20	01:18:50.955		0.58606			4
2026.04.20	01:18:51.254		0.58607			4
2026.04.20	01:18:51.554	0.58606				2
2026.04.20	01:18:52.156	0.58605				2
2026.04.20	01:18:52.456	0.58603	0.58605			6
2026.04.20	01:18:53.357	0.58607	0.58608			6
2026.04.20	01:18:54.556		0.58609			4
2026.04.20	01:18:58.459		0.58608			4
2026.04.20	01:18:59.360		0.58609			4
2026.04.20	01:19:00.263	0.58607				2
2026.04.20	01:19:00.560		0.58608			4
2026.04.20	01:19:01.161	0.58606				2
2026.04.20	01:19:05.967		0.58607			4
2026.04.20	01:19:06.268	0.58607	0.58609			6
2026.04.20	01:19:07.469	0.58606	0.58608			6
2026.04.20	01:19:08.069		0.58607			4
2026.04.20	01:19:08.369		0.58608			4
2026.04.20	01:19:08.669		0.58607			4
2026.04.20	01:19:09.270	0.58604	0.58605			6
2026.04.20	01:19:09.569	0.58603				2
2026.04.20	01:19:10.471	0.58602	0.58604			6
2026.04.20	01:19:10.773	0.58603				2
2026.04.20	01:19:12.573	0.58600	0.58601			6
2026.04.20	01:19:12.872		0.58602			4
2026.04.20	01:19:15.575	0.58601	0.58603			6
2026.04.20	01:19:16.174	0.58603	0.58604			6
2026.04.20	01:19:18.582	0.58599	0.58601			6
2026.04.20	01:19:18.880	0.58600	0.58602			6
2026.04.20	01:19:19.481	0.58601	0.58603			6
2026.04.20	01:19:20.084	0.58600	0.58602			6
2026.04.20	01:19:20.383	0.58601				2
2026.04.20	01:19:21.883		0.58603			4
2026.04.20	01:19:27.595	0.58602				2
2026.04.20	01:19:27.895	0.58601				2
2026.04.20	01:19:28.497	0.58600	0.58602			6
2026.04.20	01:19:29.096	0.58601	0.58603			6
2026.04.20	01:19:29.697	0.58598	0.58599			6
2026.04.20	01:19:30.295	0.58600	0.58601			6
2026.04.20	01:19:33.900	0.58602	0.58603			6
2026.04.20	01:19:36.005	0.58601				2
2026.04.20	01:19:36.306	0.58602	0.58604			6
2026.04.20	01:19:37.807	0.58600	0.58602			6
2026.04.20	01:19:38.111	0.58599	0.58601			6
2026.04.20	01:19:39.013	0.58600				2
2026.04.20	01:19:42.017	0.58602	0.58604			6
2026.04.20	01:19:42.318	0.58603				2
2026.04.20	01:19:42.616		0.58605			4
2026.04.20	01:19:47.427	0.58604				2
2026.04.20	01:19:47.724	0.58602	0.58603			6
2026.04.20	01:19:48.025		0.58604			4
2026.04.20	01:19:50.435	0.58603				2
2026.04.20	01:19:50.732	0.58602				2
2026.04.20	01:19:51.637	0.58604	0.58605			6
2026.04.20	01:19:51.935	0.58603	0.58604			6
2026.04.20	01:19:53.436		0.58605			4
2026.04.20	01:19:54.037		0.58604			4
2026.04.20	01:19:55.239	0.58602				2
2026.04.20	01:19:57.943	0.58603	0.58605			6
2026.04.20	01:19:59.446	0.58601	0.58602			6
2026.04.20	01:19:59.747	0.58602	0.58603			6
2026.04.20	01:20:00.050	0.58602				2
2026.04.20	01:20:00.351		0.58604			4
2026.04.20	01:20:01.552	0.58603	0.58605			6
2026.04.20	01:20:01.851		0.58604			4
2026.04.20	01:20:02.152	0.58602	0.58603			6
2026.04.20	01:20:02.453		0.58604			4
2026.04.20	01:20:04.560	0.58604	0.58605			6
2026.04.20	01:20:04.858	0.58605	0.58606			6
2026.04.20	01:20:05.160	0.58604				2
2026.04.20	01:20:08.168	0.58605	0.58607			6
2026.04.20	01:20:08.767	0.58606				2
2026.04.20	01:20:09.366		0.58608			4
2026.04.20	01:20:09.969		0.58607			4
2026.04.20	01:20:10.267	0.58607	0.58608			6
2026.04.20	01:20:11.770		0.58609			4
2026.04.20	01:20:12.968	0.58608				2
2026.04.20	01:20:13.870	0.58607				2
2026.04.20	01:20:15.672	0.58604	0.58606			6
2026.04.20	01:20:18.677	0.58606	0.58608			6
2026.04.20	01:20:20.479		0.58607			4
2026.04.20	01:20:27.990	0.58607	0.58608			6
2026.04.20	01:20:28.592	0.58606	0.58607			6
2026.04.20	01:20:29.190		0.58608			4
2026.04.20	01:20:29.792	0.58604	0.58606			6
2026.04.20	01:20:30.091		0.58605			4
2026.04.20	01:20:34.895	0.58603				2
2026.04.20	01:20:41.804	0.58604				2
2026.04.20	01:20:43.906	0.58603				2
2026.04.20	01:20:45.107	0.58604	0.58606			6
2026.04.20	01:20:47.210	0.58606	0.58607			6
2026.04.20	01:20:47.510		0.58608			4
2026.04.20	01:20:48.711	0.58603	0.58605			6
2026.04.20	01:20:49.313	0.58604				2
2026.04.20	01:20:50.512	0.58602	0.58604			6
2026.04.20	01:20:50.814	0.58603	0.58605			6
2026.04.20	01:20:53.520	0.58602	0.58604			6
2026.04.20	01:20:53.817		0.58603			4
2026.04.20	01:20:55.027	0.58601				2
2026.04.20	01:20:55.322	0.58602	0.58604			6
2026.04.20	01:20:57.727		0.58603			4
2026.04.20	01:20:58.023	0.58600	0.58602			6
2026.04.20	01:20:58.926	0.58599	0.58601			6
2026.04.20	01:20:59.227	0.58598	0.58599			6
2026.04.20	01:20:59.526	0.58599	0.58600			6
2026.04.20	01:20:59.826	0.58600	0.58601			6
2026.04.20	01:21:00.127	0.58600				2
2026.04.20	01:21:00.729	0.58596	0.58597			6
2026.04.20	01:21:01.028	0.58590	0.58592			6
2026.04.20	01:21:01.327	0.58591	0.58593			6
2026.04.20	01:21:01.628	0.58590	0.58592			6
2026.04.20	01:21:02.230	0.58591				2
2026.04.20	01:21:02.832	0.58590				2
2026.04.20	01:21:03.131	0.58589	0.58591			6
2026.04.20	01:21:05.240	0.58591	0.58593			6
2026.04.20	01:21:05.543	0.58592				2
2026.04.20	01:21:05.838	0.58589	0.58591			6
2026.04.20	01:21:06.138	0.58590	0.58592			6
2026.04.20	01:21:08.543	0.58592	0.58593			6
2026.04.20	01:21:09.446		0.58594			4
2026.04.20	01:21:10.945	0.58590	0.58592			6
2026.04.20	01:21:11.246	0.58589	0.58590			6
2026.04.20	01:21:11.544	0.58590	0.58592			6
2026.04.20	01:21:12.748		0.58591			4
2026.04.20	01:21:13.648		0.58592			4
2026.04.20	01:21:14.250	0.58591	0.58593			6
2026.04.20	01:21:14.549	0.58592	0.58594			6
2026.04.20	01:21:14.849	0.58591	0.58592			6
2026.04.20	01:21:15.447	0.58590				2
2026.04.20	01:21:17.555	0.58591	0.58593			6
2026.04.20	01:21:17.853		0.58592			4
2026.04.20	01:21:19.356		0.58593			4
2026.04.20	01:21:19.657		0.58592			4
2026.04.20	01:21:19.957		0.58593			4
2026.04.20	01:21:20.557	0.58590	0.58591			6
2026.04.20	01:21:20.858		0.58592			4
2026.04.20	01:21:21.759	0.58591				2
2026.04.20	01:21:22.059	0.58590				2
2026.04.20	01:21:22.660	0.58591	0.58593			6
2026.04.20	01:21:22.959	0.58592	0.58594			6
2026.04.20	01:21:23.861	0.58591	0.58593			6
2026.04.20	01:21:24.459	0.58592				2
2026.04.20	01:21:25.362		0.58594			4
2026.04.20	01:21:25.662		0.58593			4
2026.04.20	01:21:25.961	0.58593	0.58594			6
2026.04.20	01:21:26.562		0.58595			4
2026.04.20	01:21:33.466	0.58594				2
2026.04.20	01:21:33.766	0.58593				2
2026.04.20	01:21:34.068	0.58594	0.58596			6
2026.04.20	01:21:35.569	0.58595	0.58597			6
2026.04.20	01:21:36.168		0.58596			4
2026.04.20	01:21:36.469		0.58597			4
2026.04.20	01:21:36.771		0.58596			4
2026.04.20	01:21:37.970		0.58597			4
2026.04.20	01:21:38.571		0.58596			4
2026.04.20	01:21:39.472		0.58597			4
2026.04.20	01:21:39.776		0.58596			4
2026.04.20	01:21:40.072	0.58590	0.58592			6
2026.04.20	01:21:40.372	0.58591	0.58593			6
2026.04.20	01:21:41.576	0.58592	0.58594			6
2026.04.20	01:21:42.478	0.58591	0.58593			6
2026.04.20	01:21:43.077	0.58590	0.58591			6
2026.04.20	01:21:43.377	0.58591	0.58593			6
2026.04.20	01:21:45.479		0.58592			4
2026.04.20	01:21:46.080		0.58593			4
2026.04.20	01:21:48.784	0.58590	0.58592			6
2026.04.20	01:21:49.685	0.58591				2
2026.04.20	01:21:50.586	0.58592	0.58594			6
2026.04.20	01:21:51.787	0.58591	0.58593			6
2026.04.20	01:21:52.388	0.58592	0.58594			6
2026.04.20	01:21:52.986		0.58593			4
2026.04.20	01:21:53.286	0.58589	0.58591			6
2026.04.20	01:21:53.588	0.58587	0.58589			6
2026.04.20	01:21:57.790		0.58588			4
2026.04.20	01:21:59.291	0.58588	0.58590			6
2026.04.20	01:21:59.893	0.58587	0.58589			6
2026.04.20	01:22:00.192	0.58588				2
2026.04.20	01:22:00.495	0.58589	0.58591			6
2026.04.20	01:22:00.792	0.58588	0.58589			6
2026.04.20	01:22:01.096		0.58590			4
2026.04.20	01:22:01.695		0.58589			4
2026.04.20	01:22:02.895	0.58590	0.58592			6
2026.04.20	01:22:03.196	0.58591				2
2026.04.20	01:22:03.795		0.58593			4
2026.04.20	01:22:04.396	0.58592				2
2026.04.20	01:22:05.000		0.58594			4
2026.04.20	01:22:05.295	0.58593				2
2026.04.20	01:22:05.596		0.58595			4
2026.04.20	01:22:06.201	0.58590	0.58591			6
2026.04.20	01:22:06.499	0.58591	0.58592			6
2026.04.20	01:22:06.803	0.58592	0.58593			6
2026.04.20	01:22:07.103	0.58593	0.58595			6
2026.04.20	01:22:07.703	0.58594	0.58596			6
2026.04.20	01:22:08.002		0.58595			4
2026.04.20	01:22:08.300	0.58593				2
2026.04.20	01:22:09.202	0.58594				2
2026.04.20	01:22:10.101	0.58591	0.58593			6
2026.04.20	01:22:10.402	0.58592				2
2026.04.20	01:22:11.003		0.58594			4
2026.04.20	01:22:11.303		0.58593			4
2026.04.20	01:22:11.602	0.58591	0.58592			6
2026.04.20	01:22:11.904	0.58592	0.58594			6
2026.04.20	01:22:12.206		0.58593			4
2026.04.20	01:22:12.504		0.58594			4
2026.04.20	01:22:12.806	0.58590	0.58592			6
2026.04.20	01:22:14.316	0.58589	0.58591			6
2026.04.20	01:22:14.615	0.58588	0.58589			6
2026.04.20	01:22:16.422	0.58589	0.58590			6
2026.04.20	01:22:16.723		0.58591			4
2026.04.20	01:22:18.827	0.58588	0.58589			6
2026.04.20	01:22:19.426	0.58589	0.58591			6
2026.04.20	01:22:19.729		0.58590			4
2026.04.20	01:22:20.027	0.58588				2
2026.04.20	01:22:20.330		0.58589			4
2026.04.20	01:22:20.932	0.58587	0.58588			6
2026.04.20	01:22:27.538	0.58584	0.58586			6
2026.04.20	01:22:27.837	0.58583	0.58584			6
2026.04.20	01:22:30.241	0.58587	0.58589			6
2026.04.20	01:22:30.540		0.58588			4
2026.04.20	01:22:32.944		0.58589			4
2026.04.20	01:22:34.744	0.58586	0.58587			6
2026.04.20	01:22:35.343		0.58588			4
2026.04.20	01:22:35.645		0.58587			4
2026.04.20	01:22:38.049	0.58587	0.58589			6
2026.04.20	01:22:38.349		0.58588			4
2026.04.20	01:22:38.652		0.58589			4
2026.04.20	01:22:39.853	0.58588	0.58590			6
2026.04.20	01:22:40.154	0.58587	0.58589			6
2026.04.20	01:22:41.958	0.58588				2
2026.04.20	01:22:43.759	0.58592	0.58594			6
2026.04.20	01:22:44.059		0.58593			4
2026.04.20	01:22:46.461	0.58593	0.58595			6
2026.04.20	01:22:46.758	0.58595	0.58597			6
2026.04.20	01:22:47.061		0.58596			4
2026.04.20	01:22:49.164	0.58593	0.58594			6
2026.04.20	01:22:50.067	0.58592				2
2026.04.20	01:22:51.868	0.58594	0.58595			6
2026.04.20	01:22:57.877		0.58596			4
2026.04.20	01:22:58.476		0.58595			4
2026.04.20	01:22:59.682		0.58596			4
2026.04.20	01:23:00.285	0.58594				2
2026.04.20	01:23:01.488	0.58591	0.58593			6
2026.04.20	01:23:01.785	0.58590	0.58592			6
2026.04.20	01:23:02.085		0.58591			4
2026.04.20	01:23:02.686		0.58592			4
2026.04.20	01:23:03.288		0.58591			4
2026.04.20	01:23:06.291	0.58591	0.58593			6
2026.04.20	01:23:06.590		0.58592			4
2026.04.20	01:23:07.191		0.58593			4
2026.04.20	01:23:08.699		0.58592			4
2026.04.20	01:23:08.995	0.58588	0.58589			6
2026.04.20	01:23:09.296		0.58590			4
2026.04.20	01:23:10.795	0.58587	0.58588			6
2026.04.20	01:23:13.202	0.58585	0.58586			6
2026.04.20	01:23:15.605	0.58583	0.58584			6
2026.04.20	01:23:16.804	0.58581	0.58582			6
2026.04.20	01:23:17.106	0.58580				2
2026.04.20	01:23:17.407	0.58581				2
2026.04.20	01:23:18.006	0.58580				2
2026.04.20	01:23:18.307	0.58581				2
2026.04.20	01:23:20.110	0.58586	0.58588			6
2026.04.20	01:23:21.012	0.58587				2
2026.04.20	01:23:30.630		0.58589			4
2026.04.20	01:23:34.837		0.58588			4
2026.04.20	01:23:35.136		0.58589			4
2026.04.20	01:23:35.739		0.58588			4
2026.04.20	01:23:36.640		0.58589			4
2026.04.20	01:23:38.441	0.58586	0.58588			6
2026.04.20	01:23:39.643	0.58587				2
2026.04.20	01:23:40.843		0.58589			4
2026.04.20	01:23:45.049		0.58588			4
2026.04.20	01:23:47.753	0.58585	0.58586			6
2026.04.20	01:23:48.049	0.58584				2
2026.04.20	01:23:48.349		0.58585			4
2026.04.20	01:23:48.949		0.58586			4
2026.04.20	01:23:49.251	0.58585				2
2026.04.20	01:23:51.952		0.58587			4
2026.04.20	01:23:53.155	0.58586				2
2026.04.20	01:23:53.454		0.58588			4
2026.04.20	01:23:54.057	0.58587	0.58589			6
2026.04.20	01:23:57.960		0.58588			4
2026.04.20	01:24:00.062	0.58587				2
2026.04.20	01:24:00.662		0.58589			4
2026.04.20	01:24:01.865		0.58588			4
2026.04.20	01:24:06.666	0.58585	0.58587			6
2026.04.20	01:24:07.268	0.58586				2
2026.04.20	01:24:07.866	0.58585	0.58586			6
2026.04.20	01:24:10.269		0.58587			4
2026.04.20	01:24:12.072	0.58587	0.58588			6
2026.04.20	01:24:12.370	0.58585	0.58587			6
2026.04.20	01:24:13.873		0.58586			4
2026.04.20	01:24:15.375		0.58587			4
2026.04.20	01:24:15.976	0.58586				2
2026.04.20	01:24:22.283	0.58587	0.58588			6
2026.04.20	01:24:25.286	0.58589	0.58591			6
2026.04.20	01:24:25.585		0.58590			4
2026.04.20	01:24:26.488		0.58591			4
2026.04.20	01:24:26.789	0.58590				2
2026.04.20	01:24:27.990	0.58589				2
2026.04.20	01:24:28.291	0.58591	0.58592			6
2026.04.20	01:24:28.589	0.58590	0.58591			6
2026.04.20	01:24:28.890		0.58592			4
2026.04.20	01:24:29.194	0.58593	0.58594			6
2026.04.20	01:24:30.393	0.58595	0.58597			6
2026.04.20	01:24:30.995	0.58596				2
2026.04.20	01:24:33.095	0.58595	0.58596			6
2026.04.20	01:24:33.397		0.58597			4
2026.04.20	01:24:33.998	0.58594	0.58596			6
2026.04.20	01:24:34.598	0.58593	0.58595			6
2026.04.20	01:24:36.998	0.58592	0.58593			6
2026.04.20	01:24:41.513	0.58591				2
2026.04.20	01:24:42.415	0.58592				2
2026.04.20	01:24:46.925		0.58594			4
2026.04.20	01:24:48.428	0.58590	0.58592			6
2026.04.20	01:24:50.528		0.58591			4
2026.04.20	01:24:51.429		0.58592			4
2026.04.20	01:24:52.035		0.58591			4
2026.04.20	01:24:52.335		0.58592			4
2026.04.20	01:24:55.338		0.58591			4
2026.04.20	01:24:55.638	0.58588	0.58589			6
2026.04.20	01:24:56.542	0.58587				2
2026.04.20	01:24:56.839	0.58588				2
2026.04.20	01:24:58.349	0.58587				2
2026.04.20	01:24:59.257	0.58588	0.58590			6
2026.04.20	01:24:59.858	0.58591	0.58593			6
2026.04.20	01:25:00.158	0.58592	0.58594			6
2026.04.20	01:25:00.757		0.58593			4
2026.04.20	01:25:02.560		0.58594			4
2026.04.20	01:25:04.361	0.58593				2
2026.04.20	01:25:05.563	0.58592				2
2026.04.20	01:25:07.368	0.58588	0.58590			6
2026.04.20	01:25:09.168	0.58589				2
2026.04.20	01:25:09.769	0.58588				2
2026.04.20	01:25:13.371	0.58589	0.58591			6
2026.04.20	01:25:14.871	0.58592	0.58593			6
2026.04.20	01:25:16.374		0.58594			4
2026.04.20	01:25:16.674		0.58593			4
2026.04.20	01:25:17.874	0.58591	0.58592			6
2026.04.20	01:25:25.691	0.58588	0.58589			6
2026.04.20	01:25:26.589		0.58590			4
2026.04.20	01:25:26.890		0.58589			4
2026.04.20	01:25:27.191		0.58590			4
2026.04.20	01:25:35.310		0.58589			4
2026.04.20	01:25:35.610		0.58590			4
2026.04.20	01:25:35.912		0.58589			4
2026.04.20	01:25:37.112		0.58590			4
2026.04.20	01:25:39.513	0.58587	0.58588			6
2026.04.20	01:25:50.037	0.58588	0.58589			6
2026.04.20	01:25:51.239	0.58587	0.58588			6
2026.04.20	01:25:56.348	0.58588	0.58589			6
2026.04.20	01:25:56.649		0.58590			4
2026.04.20	01:25:56.948		0.58589			4
2026.04.20	01:25:59.951		0.58590			4
2026.04.20	01:26:00.250	0.58588				2
2026.04.20	01:26:03.256	0.58587	0.58588			6
2026.04.20	01:26:03.556	0.58586				2
2026.04.20	01:26:03.857		0.58587			4
2026.04.20	01:26:20.071	0.58587	0.58588			6
2026.04.20	01:26:20.973	0.58586	0.58587			6
2026.04.20	01:26:25.178	0.58585				2
2026.04.20	01:26:26.677	0.58586				2
2026.04.20	01:26:28.181		0.58588			4
2026.04.20	01:26:30.890	0.58588	0.58589			6
2026.04.20	01:26:31.185	0.58586	0.58588			6
2026.04.20	01:26:31.487		0.58587			4
2026.04.20	01:26:32.385		0.58588			4
2026.04.20	01:26:32.686	0.58588	0.58589			6
2026.04.20	01:26:32.985	0.58587	0.58588			6
2026.04.20	01:26:33.587		0.58589			4
2026.04.20	01:26:33.888	0.58590	0.58591			6
2026.04.20	01:26:41.995	0.58591	0.58592			6
2026.04.20	01:26:42.297	0.58595	0.58596			6
2026.04.20	01:26:42.595		0.58597			4
2026.04.20	01:26:44.097		0.58596			4
2026.04.20	01:26:47.404	0.58594				2
2026.04.20	01:26:47.703	0.58595				2
2026.04.20	01:26:48.905	0.58597	0.58598			6
2026.04.20	01:26:49.201	0.58598	0.58600			6
2026.04.20	01:26:49.502	0.58597	0.58599			6
2026.04.20	01:26:50.104	0.58596	0.58598			6
2026.04.20	01:26:50.408	0.58603	0.58604			6
2026.04.20	01:26:50.704	0.58600	0.58602			6
2026.04.20	01:26:51.306		0.58601			4
2026.04.20	01:26:52.805	0.58599	0.58600			6
2026.04.20	01:26:56.410		0.58601			4
2026.04.20	01:26:57.311	0.58600				2
2026.04.20	01:27:00.017	0.58600				2
2026.04.20	01:27:00.619		0.58602			4
2026.04.20	01:27:03.326		0.58601			4
2026.04.20	01:27:04.832		0.58602			4
2026.04.20	01:27:07.242	0.58599	0.58600			6
2026.04.20	01:27:15.057	0.58593	0.58595			6
2026.04.20	01:27:15.356		0.58594			4
2026.04.20	01:27:15.659	0.58597	0.58598			6
2026.04.20	01:27:16.561		0.58599			4
2026.04.20	01:27:17.161		0.58598			4
2026.04.20	01:27:17.459	0.58596	0.58597			6
2026.04.20	01:27:18.062	0.58594	0.58595			6
2026.04.20	01:27:34.889	0.58592	0.58594			6
2026.04.20	01:27:36.986	0.58593				2
2026.04.20	01:27:37.289		0.58595			4
2026.04.20	01:27:37.586		0.58594			4
2026.04.20	01:27:44.198	0.58594	0.58595			6
2026.04.20	01:27:44.496	0.58598	0.58599			6
2026.04.20	01:27:45.395	0.58597	0.58598			6
2026.04.20	01:27:45.995		0.58599			4
2026.04.20	01:27:47.797		0.58598			4
2026.04.20	01:27:52.606	0.58595	0.58597			6
2026.04.20	01:27:54.107		0.58596			4
2026.04.20	01:27:55.610		0.58597			4
2026.04.20	01:27:55.908	0.58596				2
2026.04.20	01:27:56.812	0.58597	0.58599			6
2026.04.20	01:27:57.113		0.58598			4
2026.04.20	01:27:57.713	0.58598	0.58599			6
2026.04.20	01:28:00.124	0.58598				2
2026.04.20	01:28:00.425	0.58599	0.58600			6
2026.04.20	01:28:01.026	0.58598				2
2026.04.20	01:28:02.226	0.58599				2
2026.04.20	01:28:02.526	0.58598				2
2026.04.20	01:28:03.430	0.58599				2
2026.04.20	01:28:04.032	0.58598				2
2026.04.20	01:28:10.350	0.58599	0.58601			6
2026.04.20	01:28:10.649		0.58600			4
2026.04.20	01:28:11.549	0.58598				2
2026.04.20	01:28:14.257	0.58606	0.58607			6
2026.04.20	01:28:14.555		0.58608			4
2026.04.20	01:28:14.856		0.58607			4
2026.04.20	01:28:15.155		0.58608			4
2026.04.20	01:28:17.859	0.58607				2
2026.04.20	01:28:19.361	0.58610	0.58612			6
2026.04.20	01:28:20.262		0.58611			4
2026.04.20	01:28:20.560		0.58612			4
2026.04.20	01:28:21.459		0.58611			4
2026.04.20	01:28:21.762	0.58609				2
2026.04.20	01:28:22.364	0.58608	0.58609			6
2026.04.20	01:28:22.964		0.58610			4
2026.04.20	01:28:23.264	0.58610	0.58612			6
2026.04.20	01:28:23.865		0.58611			4
2026.04.20	01:28:24.166		0.58612			4
2026.04.20	01:28:26.867		0.58611			4
2026.04.20	01:28:27.468		0.58612			4
2026.04.20	01:28:28.369		0.58611			4
2026.04.20	01:28:28.670	0.58609				2
2026.04.20	01:28:28.971		0.58610			4
2026.04.20	01:28:29.270	0.58610	0.58612			6
2026.04.20	01:28:35.878	0.58612	0.58613			6
2026.04.20	01:28:36.175	0.58614	0.58615			6
2026.04.20	01:28:36.477		0.58616			4
2026.04.20	01:28:36.778	0.58615				2
2026.04.20	01:28:37.379		0.58617			4
2026.04.20	01:28:42.482	0.58616				2
2026.04.20	01:28:43.382	0.58615				2
2026.04.20	01:28:43.982		0.58616			4
2026.04.20	01:28:44.582		0.58617			4
2026.04.20	01:28:45.782		0.58616			4
2026.04.20	01:28:46.983		0.58617			4
2026.04.20	01:28:47.286	0.58613	0.58614			6
2026.04.20	01:28:48.483	0.58612				2
2026.04.20	01:28:48.786	0.58615	0.58616			6
2026.04.20	01:28:49.085		0.58617			4
2026.04.20	01:28:51.488		0.58616			4
2026.04.20	01:28:54.493	0.58614	0.58615			6
2026.04.20	01:28:54.792		0.58616			4
2026.04.20	01:29:00.199	0.58614				2
2026.04.20	01:29:00.800		0.58615			4
2026.04.20	01:29:03.804	0.58613				2
2026.04.20	01:29:04.406		0.58614			4
2026.04.20	01:29:05.308	0.58612				2
2026.04.20	01:29:05.605	0.58611	0.58612			6
2026.04.20	01:29:05.906		0.58613			4
2026.04.20	01:29:07.112	0.58606	0.58607			6
2026.04.20	01:29:07.407	0.58608	0.58609			6
2026.04.20	01:29:07.706	0.58610	0.58611			6
2026.04.20	01:29:09.212	0.58611	0.58612			6
2026.04.20	01:29:09.813	0.58617	0.58618			6
2026.04.20	01:29:11.015	0.58615	0.58616			6
2026.04.20	01:29:11.617	0.58617	0.58618			6
2026.04.20	01:29:11.915	0.58616	0.58617			6
2026.04.20	01:29:12.216	0.58617	0.58618			6
2026.04.20	01:29:17.022	0.58616	0.58617			6
2026.04.20	01:29:21.831	0.58614	0.58615			6
2026.04.20	01:29:22.131	0.58613				2
2026.04.20	01:29:22.430		0.58614			4
2026.04.20	01:29:25.435	0.58615	0.58617			6
2026.04.20	01:29:25.735	0.58614	0.58616			6
2026.04.20	01:29:26.036		0.58615			4
2026.04.20	01:29:26.336	0.58615	0.58616			6
2026.04.20	01:29:26.636		0.58617			4
2026.04.20	01:29:27.839		0.58616			4
2026.04.20	01:29:28.741	0.58609	0.58611			6
2026.04.20	01:29:30.239	0.58615	0.58617			6
2026.04.20	01:29:36.555	0.58610	0.58612			6
2026.04.20	01:29:58.485	0.58608	0.58610			6
2026.04.20	01:29:58.784	0.58607	0.58609			6
2026.04.20	01:30:00.295	0.58607				2
2026.04.20	01:30:00.587	0.58608	0.58610			6
2026.04.20	01:30:00.890	0.58610	0.58611			6
2026.04.20	01:30:01.188		0.58612			4
2026.04.20	01:30:01.490	0.58611	0.58613			6
2026.04.20	01:30:01.788		0.58612			4
2026.04.20	01:30:02.389	0.58610				2
2026.04.20	01:30:02.693	0.58613	0.58615			6
2026.04.20	01:30:03.292		0.58614			4
2026.04.20	01:30:03.592		0.58615			4
2026.04.20	01:30:03.893	0.58612	0.58614			6
2026.04.20	01:30:09.297	0.58613	0.58615			6
2026.04.20	01:30:14.705	0.58612	0.58613			6
2026.04.20	01:30:15.304		0.58614			4
2026.04.20	01:30:17.704	0.58614	0.58616			6
2026.04.20	01:30:18.007	0.58615				2
2026.04.20	01:30:20.112	0.58613	0.58615			6
2026.04.20	01:30:20.712	0.58616	0.58617			6
2026.04.20	01:30:21.011	0.58617	0.58619			6
2026.04.20	01:30:21.313	0.58618	0.58620			6
2026.04.20	01:30:21.615	0.58621	0.58622			6
2026.04.20	01:30:21.912		0.58623			4
2026.04.20	01:30:22.816	0.58628	0.58629			6
2026.04.20	01:30:24.619	0.58631	0.58632			6
2026.04.20	01:30:24.917	0.58629	0.58631			6
2026.04.20	01:30:26.119	0.58628	0.58630			6
2026.04.20	01:30:26.420	0.58629	0.58631			6
2026.04.20	01:30:26.722	0.58632	0.58633			6
2026.04.20	01:30:27.923	0.58638	0.58640			6
2026.04.20	01:30:28.220	0.58636	0.58637			6
2026.04.20	01:30:29.124	0.58635				2
2026.04.20	01:30:30.330	0.58634	0.58636			6
2026.04.20	01:30:32.434	0.58635				2
2026.04.20	01:30:33.033	0.58634				2
2026.04.20	01:30:34.241	0.58630	0.58632			6
2026.04.20	01:30:35.442		0.58631			4
2026.04.20	01:30:35.742		0.58632			4
2026.04.20	01:30:36.042		0.58631			4
2026.04.20	01:30:36.645	0.58634	0.58635			6
2026.04.20	01:30:36.942	0.58636	0.58637			6
2026.04.20	01:30:37.543	0.58634	0.58636			6
2026.04.20	01:30:38.143	0.58632	0.58634			6
2026.04.20	01:30:40.848	0.58631	0.58632			6
2026.04.20	01:30:42.651	0.58630				2
2026.04.20	01:30:44.454	0.58628	0.58630			6
2026.04.20	01:30:44.753	0.58631	0.58633			6
2026.04.20	01:30:45.055	0.58632				2
2026.04.20	01:30:45.657	0.58637	0.58638			6
2026.04.20	01:30:47.156	0.58638	0.58639			6
2026.04.20	01:30:47.455		0.58640			4
2026.04.20	01:30:49.256	0.58637	0.58639			6
2026.04.20	01:30:49.559	0.58638	0.58640			6
2026.04.20	01:30:51.360		0.58639			4
2026.04.20	01:30:51.963		0.58640			4
2026.04.20	01:30:53.464	0.58637	0.58638			6
2026.04.20	01:30:53.764	0.58634	0.58635			6
2026.04.20	01:30:54.062	0.58633				2
2026.04.20	01:30:54.365		0.58636			4
2026.04.20	01:30:54.666	0.58632	0.58633			6
2026.04.20	01:30:55.270	0.58633	0.58634			6
2026.04.20	01:30:55.566		0.58636			4
2026.04.20	01:30:58.266		0.58634			4
2026.04.20	01:30:58.570		0.58635			4
2026.04.20	01:30:59.168		0.58636			4
2026.04.20	01:31:00.073	0.58633				2
2026.04.20	01:31:00.671	0.58638	0.58639			6
2026.04.20	01:31:00.970	0.58637				2
2026.04.20	01:31:01.271	0.58638				2
2026.04.20	01:31:01.570	0.58642	0.58645			6
2026.04.20	01:31:01.872	0.58641	0.58643			6
2026.04.20	01:31:02.472		0.58642			4
2026.04.20	01:31:02.771	0.58642	0.58643			6
2026.04.20	01:31:03.071		0.58644			4
2026.04.20	01:31:04.872		0.58643			4
2026.04.20	01:31:05.175	0.58637	0.58640			6
2026.04.20	01:31:05.473	0.58636	0.58637			6
2026.04.20	01:31:07.275		0.58638			4
2026.04.20	01:31:08.474		0.58637			4
2026.04.20	01:31:09.376		0.58638			4
2026.04.20	01:31:09.675		0.58637			4
2026.04.20	01:31:11.782		0.58638			4
2026.04.20	01:31:12.683	0.58637	0.58639			6
2026.04.20	01:31:12.983	0.58636	0.58638			6
2026.04.20	01:31:13.584	0.58639	0.58641			6
2026.04.20	01:31:15.686	0.58638				2
2026.04.20	01:31:16.586	0.58641	0.58643			6
2026.04.20	01:31:17.487	0.58642	0.58645			6
2026.04.20	01:31:17.789		0.58644			4
2026.04.20	01:31:18.090	0.58643	0.58645			6
2026.04.20	01:31:18.390		0.58646			4
2026.04.20	01:31:25.899	0.58646	0.58647			6
2026.04.20	01:31:26.197		0.58648			4
2026.04.20	01:31:30.106	0.58648	0.58650			6
2026.04.20	01:31:30.408	0.58652	0.58653			6
2026.04.20	01:31:30.704	0.58653	0.58655			6
2026.04.20	01:31:31.006	0.58651	0.58652			6
2026.04.20	01:31:31.608	0.58649				2
2026.04.20	01:31:32.211	0.58648	0.58651			6
2026.04.20	01:31:33.112		0.58650			4
2026.04.20	01:31:37.316	0.58647	0.58648			6
2026.04.20	01:31:37.617	0.58646				2
2026.04.20	01:31:39.728		0.58647			4
2026.04.20	01:31:40.330	0.58650	0.58651			6
2026.04.20	01:31:40.630		0.58652			4
2026.04.20	01:31:41.234	0.58651				2
2026.04.20	01:31:41.530		0.58653			4
2026.04.20	01:31:42.135	0.58650				2
2026.04.20	01:31:42.434		0.58652			4
2026.04.20	01:31:43.945	0.58652	0.58653			6
2026.04.20	01:31:44.239	0.58653	0.58656			6
2026.04.20	01:31:46.643	0.58656	0.58657			6
2026.04.20	01:31:46.942	0.58658	0.58659			6
2026.04.20	01:31:49.354		0.58660			4
2026.04.20	01:31:49.654	0.58659	0.58661			6
2026.04.20	01:31:49.954		0.58662			4
2026.04.20	01:31:51.156	0.58660	0.58663			6
2026.04.20	01:31:51.454	0.58663	0.58665			6
2026.04.20	01:31:52.057	0.58662				2
2026.04.20	01:31:52.356	0.58661	0.58663			6
2026.04.20	01:31:53.860	0.58663	0.58666			6
2026.04.20	01:31:54.159		0.58664			4
2026.04.20	01:31:54.761	0.58661				2
2026.04.20	01:31:55.061		0.58663			4
2026.04.20	01:31:56.865	0.58658	0.58661			6
2026.04.20	01:31:57.464	0.58659				2
2026.04.20	01:31:57.765	0.58662	0.58665			6
2026.04.20	01:31:58.064	0.58663	0.58666			6
2026.04.20	01:31:58.365	0.58664	0.58667			6
2026.04.20	01:32:00.167	0.58664				2
2026.04.20	01:32:01.073	0.58665	0.58668			6
2026.04.20	01:32:01.366	0.58669	0.58672			6
2026.04.20	01:32:02.268	0.58668	0.58671			6
2026.04.20	01:32:07.071		0.58670			4
2026.04.20	01:32:07.373		0.58671			4
2026.04.20	01:32:10.373	0.58674	0.58677			6
2026.04.20	01:32:11.275	0.58671	0.58674			6
2026.04.20	01:32:11.575	0.58672	0.58675			6
2026.04.20	01:32:12.474	0.58668	0.58671			6
2026.04.20	01:32:13.074	0.58665	0.58668			6
2026.04.20	01:32:17.878	0.58663	0.58666			6
2026.04.20	01:32:18.782	0.58667	0.58668			6
2026.04.20	01:32:19.080		0.58669			4
2026.04.20	01:32:19.381		0.58670			4
2026.04.20	01:32:20.281		0.58669			4
2026.04.20	01:32:21.481		0.58670			4
2026.04.20	01:32:22.084		0.58669			4
2026.04.20	01:32:22.384		0.58670			4
2026.04.20	01:32:23.285		0.58669			4
2026.04.20	01:32:25.688		0.58670			4
2026.04.20	01:32:25.989	0.58670	0.58673			6
2026.04.20	01:32:28.391	0.58669	0.58672			6
2026.04.20	01:32:29.893	0.58671	0.58674			6
2026.04.20	01:32:30.491	0.58670	0.58673			6
2026.04.20	01:32:30.792	0.58671				2
2026.04.20	01:32:31.390		0.58674			4
2026.04.20	01:32:31.692		0.58673			4
2026.04.20	01:32:31.992	0.58669	0.58672			6
2026.04.20	01:32:32.290		0.58671			4
2026.04.20	01:32:33.791	0.58671	0.58674			6
2026.04.20	01:32:34.692	0.58672	0.58675			6
2026.04.20	01:32:36.195		0.58674			4
2026.04.20	01:32:39.202	0.58668	0.58671			6
2026.04.20	01:32:41.307	0.58670	0.58673			6
2026.04.20	01:32:42.211	0.58669	0.58672			6
2026.04.20	01:32:44.617	0.58670	0.58673			6
2026.04.20	01:32:45.218	0.58671	0.58674			6
2026.04.20	01:32:45.518	0.58670	0.58673			6
2026.04.20	01:32:49.424	0.58671	0.58674			6
2026.04.20	01:32:50.929	0.58667	0.58670			6
2026.04.20	01:32:51.525		0.58669			4
2026.04.20	01:32:51.826	0.58665	0.58668			6
2026.04.20	01:32:52.125	0.58664	0.58667			6
2026.04.20	01:32:52.429	0.58669	0.58671			6
2026.04.20	01:32:52.724	0.58670	0.58673			6
2026.04.20	01:32:57.531	0.58674	0.58677			6
2026.04.20	01:32:57.833	0.58673	0.58676			6
2026.04.20	01:32:58.134	0.58672	0.58675			6
2026.04.20	01:32:58.735	0.58673	0.58676			6
2026.04.20	01:33:00.240	0.58673				2
2026.04.20	01:33:00.547	0.58677	0.58680			6
2026.04.20	01:33:00.839	0.58681	0.58684			6
2026.04.20	01:33:01.740		0.58683			4
2026.04.20	01:33:02.944		0.58682			4
2026.04.20	01:33:04.145	0.58680				2
2026.04.20	01:33:07.457	0.58678	0.58681			6
2026.04.20	01:33:08.360	0.58679	0.58682			6
2026.04.20	01:33:08.659	0.58678	0.58681			6
2026.04.20	01:33:09.857	0.58677	0.58680			6
2026.04.20	01:33:10.762	0.58678	0.58681			6
2026.04.20	01:33:11.964	0.58675	0.58677			6
2026.04.20	01:33:12.264		0.58678			4
2026.04.20	01:33:14.972	0.58674	0.58677			6
2026.04.20	01:33:15.271	0.58673	0.58676			6
2026.04.20	01:33:17.672	0.58676	0.58679			6
2026.04.20	01:33:17.971	0.58678	0.58681			6
2026.04.20	01:33:18.571	0.58676	0.58679			6
2026.04.20	01:33:18.872	0.58675	0.58678			6
2026.04.20	01:33:20.671	0.58674	0.58677			6
2026.04.20	01:33:21.273	0.58673	0.58676			6
2026.04.20	01:33:23.376	0.58674				2
2026.04.20	01:33:25.176	0.58673	0.58675			6
2026.04.20	01:33:26.978		0.58676			4
2026.04.20	01:33:27.278	0.58674	0.58677			6
2026.04.20	01:33:31.781	0.58673	0.58676			6
2026.04.20	01:33:34.485	0.58672	0.58675			6
2026.04.20	01:33:34.785	0.58673	0.58676			6
2026.04.20	01:33:35.387	0.58669	0.58672			6
2026.04.20	01:33:37.189	0.58667	0.58670			6
2026.04.20	01:33:42.898	0.58669	0.58672			6
2026.04.20	01:33:44.698	0.58668	0.58671			6
2026.04.20	01:33:45.597	0.58669	0.58672			6
2026.04.20	01:33:46.499		0.58671			4
2026.04.20	01:33:46.800	0.58666	0.58669			6
2026.04.20	01:33:47.399	0.58667	0.58670			6
2026.04.20	01:33:47.703		0.58669			4
2026.04.20	01:33:48.001		0.58670			4
2026.04.20	01:33:51.608	0.58668	0.58671			6
2026.04.20	01:33:52.211	0.58667	0.58670			6
2026.04.20	01:33:52.510	0.58668	0.58671			6
2026.04.20	01:33:52.812	0.58667	0.58670			6
2026.04.20	01:33:54.610	0.58668	0.58671			6
2026.04.20	01:33:55.513	0.58667	0.58670			6
2026.04.20	01:33:56.718	0.58668	0.58671			6
2026.04.20	01:33:59.723	0.58667	0.58670			6
2026.04.20	01:34:00.023	0.58668	0.58671			6
2026.04.20	01:34:00.327	0.58674	0.58676			6
2026.04.20	01:34:00.625	0.58673				2
2026.04.20	01:34:00.931	0.58671	0.58674			6
2026.04.20	01:34:01.225	0.58668	0.58671			6
2026.04.20	01:34:02.131	0.58670				2
2026.04.20	01:34:02.427	0.58673	0.58676			6
2026.04.20	01:34:03.034		0.58675			4
2026.04.20	01:34:03.328	0.58669	0.58672			6
2026.04.20	01:34:03.927	0.58670	0.58673			6
2026.04.20	01:34:04.231	0.58669				2
2026.04.20	01:34:06.032	0.58670				2
2026.04.20	01:34:06.331		0.58674			4
2026.04.20	01:34:06.933		0.58673			4
2026.04.20	01:34:07.233		0.58674			4
2026.04.20	01:34:07.532		0.58673			4
2026.04.20	01:34:08.432	0.58669	0.58672			6
2026.04.20	01:34:08.734	0.58668	0.58671			6
2026.04.20	01:34:12.643	0.58669	0.58672			6
2026.04.20	01:34:16.850	0.58666	0.58669			6
2026.04.20	01:34:17.148	0.58665	0.58668			6
2026.04.20	01:34:23.162	0.58664	0.58667			6
2026.04.20	01:34:23.463	0.58665	0.58668			6
2026.04.20	01:34:23.761	0.58664	0.58667			6
2026.04.20	01:34:26.469	0.58665	0.58668			6
2026.04.20	01:34:26.765	0.58666	0.58669			6
2026.04.20	01:34:29.168	0.58669	0.58672			6
2026.04.20	01:34:29.470	0.58670	0.58673			6
2026.04.20	01:34:29.770	0.58669	0.58672			6
2026.04.20	01:34:30.671	0.58671	0.58674			6
2026.04.20	01:34:30.972	0.58672	0.58675			6
2026.04.20	01:34:31.874	0.58671	0.58674			6
2026.04.20	01:34:32.173	0.58672	0.58675			6
2026.04.20	01:34:34.874	0.58673	0.58676			6
2026.04.20	01:34:36.974	0.58672	0.58675			6
2026.04.20	01:34:39.380	0.58674	0.58677			6
2026.04.20	01:34:39.677	0.58672	0.58675			6
2026.04.20	01:34:40.577	0.58673				2
2026.04.20	01:34:40.878	0.58672				2
2026.04.20	01:34:43.283	0.58671	0.58674			6
2026.04.20	01:34:44.181	0.58670	0.58673			6
2026.04.20	01:34:46.288	0.58668	0.58671			6
2026.04.20	01:34:47.490	0.58672	0.58675			6
2026.04.20	01:34:48.088	0.58673	0.58676			6
2026.04.20	01:34:53.796	0.58672	0.58675			6
2026.04.20	01:34:56.805	0.58673	0.58676			6
2026.04.20	01:34:57.103	0.58674	0.58677			6
2026.04.20	01:34:57.403	0.58673	0.58676			6
2026.04.20	01:34:58.607	0.58671	0.58674			6
2026.04.20	01:34:59.509	0.58673	0.58676			6
2026.04.20	01:34:59.805	0.58674	0.58677			6
2026.04.20	01:35:00.110	0.58674				2
2026.04.20	01:35:00.409	0.58673	0.58676			6
2026.04.20	01:35:00.708	0.58672	0.58675			6
2026.04.20	01:35:01.310	0.58674	0.58677			6
2026.04.20	01:35:01.911	0.58672	0.58675			6
2026.04.20	01:35:02.210	0.58670	0.58673			6
2026.04.20	01:35:02.511	0.58671	0.58674			6
2026.04.20	01:35:03.113	0.58669	0.58672			6
2026.04.20	01:35:03.412	0.58668	0.58671			6
2026.04.20	01:35:04.617	0.58666	0.58669			6
2026.04.20	01:35:06.117	0.58667	0.58670			6
2026.04.20	01:35:09.422	0.58668	0.58671			6
2026.04.20	01:35:10.926	0.58666	0.58669			6
2026.04.20	01:35:14.237	0.58668	0.58671			6
2026.04.20	01:35:15.435	0.58666	0.58669			6
2026.04.20	01:35:15.736	0.58665	0.58668			6
2026.04.20	01:35:18.138	0.58666	0.58669			6
2026.04.20	01:35:20.544	0.58665	0.58668			6
2026.04.20	01:35:22.044	0.58666	0.58669			6
2026.04.20	01:35:22.644	0.58665	0.58668			6
2026.04.20	01:35:23.848	0.58667	0.58670			6
2026.04.20	01:35:25.351	0.58666	0.58669			6
2026.04.20	01:35:27.455	0.58667	0.58670			6
2026.04.20	01:35:42.770	0.58668	0.58671			6
2026.04.20	01:35:44.272	0.58673	0.58676			6
2026.04.20	01:35:45.772	0.58675	0.58678			6
2026.04.20	01:35:49.075	0.58673	0.58676			6
2026.04.20	01:35:49.377	0.58672	0.58675			6
2026.04.20	01:35:49.976	0.58670	0.58673			6
2026.04.20	01:35:52.683	0.58671	0.58674			6
2026.04.20	01:35:52.985	0.58670	0.58673			6
2026.04.20	01:35:54.187	0.58669	0.58672			6
2026.04.20	01:35:57.794	0.58672	0.58675			6
2026.04.20	01:35:58.090	0.58674	0.58677			6
2026.04.20	01:36:00.195	0.58674				2
2026.04.20	01:36:01.094	0.58675	0.58678			6
2026.04.20	01:36:02.298	0.58676	0.58679			6
2026.04.20	01:36:02.596	0.58675	0.58678			6
2026.04.20	01:36:03.499	0.58676	0.58679			6
2026.04.20	01:36:06.503	0.58678	0.58681			6
2026.04.20	01:36:10.706	0.58676	0.58679			6
2026.04.20	01:36:11.608	0.58675	0.58678			6
2026.04.20	01:36:13.111	0.58677	0.58680			6
2026.04.20	01:36:13.410	0.58675	0.58678			6
2026.04.20	01:36:16.717	0.58676	0.58679			6
2026.04.20	01:36:22.426	0.58675	0.58678			6
2026.04.20	01:36:23.026	0.58676	0.58679			6
2026.04.20	01:36:23.326	0.58675	0.58678			6
2026.04.20	01:36:23.927	0.58676	0.58679			6
2026.04.20	01:36:26.339	0.58675	0.58678			6
2026.04.20	01:36:26.938	0.58676	0.58679			6
2026.04.20	01:36:29.345	0.58677	0.58680			6
2026.04.20	01:36:29.644	0.58678	0.58681			6
2026.04.20	01:36:31.450	0.58677	0.58680			6
2026.04.20	01:36:34.153	0.58678				2
2026.04.20	01:36:35.056	0.58677	0.58679			6
2026.04.20	01:36:35.659	0.58675	0.58677			6
2026.04.20	01:36:35.957	0.58674	0.58676			6
2026.04.20	01:36:36.258	0.58673				2
2026.04.20	01:36:36.558	0.58670	0.58673			6
2026.04.20	01:36:37.461	0.58671	0.58674			6
2026.04.20	01:36:37.758	0.58670	0.58673			6
2026.04.20	01:36:41.663	0.58671	0.58674			6
2026.04.20	01:36:42.864	0.58669	0.58672			6
2026.04.20	01:36:43.165	0.58670	0.58673			6
2026.04.20	01:36:44.366	0.58671	0.58674			6
2026.04.20	01:36:46.170	0.58672	0.58675			6
2026.04.20	01:36:46.468	0.58671	0.58674			6
2026.04.20	01:36:46.771	0.58673	0.58676			6
2026.04.20	01:36:49.474	0.58671	0.58674			6
2026.04.20	01:36:51.276	0.58672	0.58675			6
2026.04.20	01:36:51.878	0.58671	0.58674			6
2026.04.20	01:36:52.777	0.58672	0.58675			6
2026.04.20	01:36:53.078	0.58671	0.58674			6
2026.04.20	01:36:55.179	0.58672				2
2026.04.20	01:36:58.480	0.58670	0.58672			6
2026.04.20	01:36:58.780	0.58671	0.58673			6
2026.04.20	01:37:00.283	0.58671				2
2026.04.20	01:37:00.583	0.58672				2
2026.04.20	01:37:00.881	0.58675	0.58677			6
2026.04.20	01:37:01.183	0.58674				2
2026.04.20	01:37:01.785	0.58677	0.58679			6
2026.04.20	01:37:02.088		0.58680			4
2026.04.20	01:37:03.288	0.58678	0.58681			6
2026.04.20	01:37:04.790	0.58677	0.58680			6
2026.04.20	01:37:05.087	0.58678	0.58681			6
2026.04.20	01:37:06.590	0.58681	0.58684			6
2026.04.20	01:37:06.891		0.58683			4
2026.04.20	01:37:07.790		0.58684			4
2026.04.20	01:37:10.192		0.58683			4
2026.04.20	01:37:12.595	0.58682	0.58684			6
2026.04.20	01:37:14.096	0.58681	0.58683			6
2026.04.20	01:37:14.397		0.58682			4
2026.04.20	01:37:15.000	0.58679	0.58681			6
2026.04.20	01:37:15.298	0.58678	0.58680			6
2026.04.20	01:37:15.598	0.58679	0.58681			6
2026.04.20	01:37:15.899	0.58678	0.58680			6
2026.04.20	01:37:16.801	0.58680	0.58681			6
2026.04.20	01:37:17.100	0.58683	0.58685			6
2026.04.20	01:37:17.400		0.58686			4
2026.04.20	01:37:20.105		0.58685			4
2026.04.20	01:37:21.008		0.58684			4
2026.04.20	01:37:24.010	0.58682				2
2026.04.20	01:37:26.712	0.58683	0.58685			6
2026.04.20	01:37:27.616		0.58684			4
2026.04.20	01:37:41.437	0.58682	0.58683			6
2026.04.20	01:37:43.841	0.58681				2
2026.04.20	01:38:00.071	0.58681				2
2026.04.20	01:38:00.371	0.58682				2
2026.04.20	01:38:04.878	0.58683	0.58684			6
2026.04.20	01:38:05.176		0.58685			4
2026.04.20	01:38:06.076		0.58684			4
2026.04.20	01:38:06.679		0.58685			4
2026.04.20	01:38:09.080	0.58685	0.58687			6
2026.04.20	01:38:09.381	0.58684	0.58686			6
2026.04.20	01:38:37.334	0.58678	0.58679			6
2026.04.20	01:38:37.633		0.58680			4
2026.04.20	01:38:39.136	0.58680	0.58682			6
2026.04.20	01:38:40.940	0.58679	0.58681			6
2026.04.20	01:38:41.236		0.58680			4
2026.04.20	01:38:43.643		0.58681			4
2026.04.20	01:38:45.445	0.58682	0.58683			6
2026.04.20	01:38:45.746	0.58681				2
2026.04.20	01:38:46.049	0.58680	0.58682			6
2026.04.20	01:38:46.651	0.58679	0.58681			6
2026.04.20	01:38:50.259	0.58680	0.58682			6
2026.04.20	01:38:51.458	0.58683	0.58684			6
2026.04.20	01:38:51.760		0.58685			4
2026.04.20	01:38:52.063	0.58682	0.58683			6
2026.04.20	01:38:52.360	0.58680	0.58681			6
2026.04.20	01:38:52.658	0.58682	0.58683			6
2026.04.20	01:38:52.959		0.58684			4
2026.04.20	01:38:53.261	0.58683				2
2026.04.20	01:38:53.560	0.58680	0.58682			6
2026.04.20	01:38:53.859	0.58679	0.58681			6
2026.04.20	01:38:57.768	0.58681	0.58682			6
2026.04.20	01:38:58.369		0.58683			4
2026.04.20	01:39:00.174	0.58681				2
2026.04.20	01:39:01.373		0.58682			4
2026.04.20	01:39:04.075		0.58683			4
2026.04.20	01:39:06.177	0.58680	0.58682			6
2026.04.20	01:39:18.197	0.58679	0.58681			6
2026.04.20	01:39:18.796	0.58680	0.58682			6
2026.04.20	01:39:19.098	0.58679	0.58681			6
2026.04.20	01:39:19.398	0.58680	0.58682			6
2026.04.20	01:39:19.697		0.58681			4
2026.04.20	01:39:23.001	0.58676	0.58678			6
2026.04.20	01:39:23.303	0.58675	0.58677			6
2026.04.20	01:39:27.508	0.58678	0.58680			6
2026.04.20	01:39:35.643	0.58677	0.58679			6
2026.04.20	01:39:37.447	0.58676	0.58678			6
2026.04.20	01:39:42.254	0.58675	0.58677			6
2026.04.20	01:39:43.155	0.58674	0.58676			6
2026.04.20	01:39:46.159	0.58671	0.58673			6
2026.04.20	01:39:47.662	0.58669	0.58671			6
2026.04.20	01:39:50.666	0.58670	0.58672			6
2026.04.20	01:39:53.367		0.58671			4
2026.04.20	01:39:53.669	0.58672	0.58673			6
2026.04.20	01:39:53.968		0.58674			4
2026.04.20	01:39:56.972	0.58671	0.58673			6
2026.04.20	01:39:57.574	0.58672	0.58674			6
2026.04.20	01:39:57.873	0.58673				2
2026.04.20	01:39:58.773	0.58672	0.58673			6
2026.04.20	01:39:59.074		0.58674			4
2026.04.20	01:40:00.278	0.58672				2
2026.04.20	01:40:01.177	0.58673				2
2026.04.20	01:40:01.476	0.58672	0.58673			6
2026.04.20	01:40:01.778		0.58674			4
2026.04.20	01:40:06.891		0.58673			4
2026.04.20	01:40:08.390		0.58674			4
2026.04.20	01:40:13.197		0.58673			4
2026.04.20	01:40:14.697	0.58673	0.58675			6
2026.04.20	01:40:14.997	0.58672	0.58674			6
2026.04.20	01:40:15.600	0.58671	0.58672			6
2026.04.20	01:40:15.900		0.58673			4
2026.04.20	01:40:20.706		0.58672			4
2026.04.20	01:40:24.610		0.58673			4
2026.04.20	01:40:25.812		0.58672			4
2026.04.20	01:40:26.411		0.58673			4
2026.04.20	01:40:41.154		0.58672			4
2026.04.20	01:40:43.560		0.58673			4
2026.04.20	01:40:43.862		0.58672			4
2026.04.20	01:40:45.968		0.58673			4
2026.04.20	01:40:49.870		0.58672			4
2026.04.20	01:40:50.170		0.58673			4
2026.04.20	01:40:51.371		0.58672			4
2026.04.20	01:40:52.270		0.58673			4
2026.04.20	01:40:53.474		0.58672			4
2026.04.20	01:40:59.178		0.58673			4
2026.04.20	01:41:00.080	0.58671				2
2026.04.20	01:41:01.281		0.58672			4
2026.04.20	01:41:01.883	0.58670				2
2026.04.20	01:41:05.791	0.58671				2
2026.04.20	01:41:06.691		0.58673			4
2026.04.20	01:41:06.990		0.58672			4
2026.04.20	01:41:17.208		0.58673			4
2026.04.20	01:41:17.505	0.58674	0.58675			6
2026.04.20	01:41:18.408		0.58676			4
2026.04.20	01:41:19.617	0.58672	0.58673			6
2026.04.20	01:41:22.933		0.58674			4
2026.04.20	01:41:24.736		0.58673			4
2026.04.20	01:41:28.952	0.58671				2
2026.04.20	01:41:36.469	0.58673	0.58675			6
2026.04.20	01:41:51.490		0.58674			4
2026.04.20	01:41:52.994		0.58675			4
2026.04.20	01:41:55.699	0.58674				2
2026.04.20	01:41:56.300	0.58671	0.58673			6
2026.04.20	01:41:59.005	0.58672				2
2026.04.20	01:41:59.306	0.58673	0.58675			6
2026.04.20	01:42:00.211	0.58673				2
2026.04.20	01:42:00.513	0.58676	0.58677			6
2026.04.20	01:42:00.811	0.58679	0.58681			6
2026.04.20	01:42:01.109		0.58680			4
2026.04.20	01:42:02.613	0.58678	0.58679			6
2026.04.20	01:42:03.213		0.58680			4
2026.04.20	01:42:03.512	0.58679				2
2026.04.20	01:42:05.325	0.58678				2
2026.04.20	01:42:10.437	0.58677	0.58679			6
2026.04.20	01:42:16.455	0.58678				2
2026.04.20	01:42:17.659	0.58677				2
2026.04.20	01:42:17.959	0.58676	0.58678			6
2026.04.20	01:42:23.672		0.58677			4
2026.04.20	01:42:35.991	0.58678	0.58679			6
2026.04.20	01:42:36.291	0.58677				2
2026.04.20	01:42:41.698		0.58678			4
2026.04.20	01:42:41.998	0.58676				2
2026.04.20	01:42:54.332	0.58674	0.58676			6
2026.04.20	01:42:54.628	0.58672	0.58674			6
2026.04.20	01:42:55.532	0.58670	0.58671			6
2026.04.20	01:42:57.031	0.58669				2
2026.04.20	01:43:00.044	0.58669				2
2026.04.20	01:43:00.342		0.58670			4
2026.04.20	01:43:01.845		0.58671			4
2026.04.20	01:43:05.158	0.58671	0.58673			6
2026.04.20	01:43:05.759	0.58672	0.58674			6
2026.04.20	01:43:06.659		0.58673			4
2026.04.20	01:43:16.578	0.58671	0.58672			6
2026.04.20	01:43:16.878	0.58669	0.58671			6
2026.04.20	01:43:17.782	0.58668	0.58670			6
2026.04.20	01:43:21.983	0.58667	0.58668			6
2026.04.20	01:43:28.599	0.58670	0.58671			6
2026.04.20	01:43:29.196		0.58672			4
2026.04.20	01:43:30.998	0.58668	0.58670			6
2026.04.20	01:43:32.805	0.58669	0.58671			6
2026.04.20	01:43:33.106	0.58670	0.58672			6
2026.04.20	01:43:41.233	0.58671				2
2026.04.20	01:43:41.534		0.58673			4
2026.04.20	01:43:50.557	0.58672	0.58674			6
2026.04.20	01:43:50.858	0.58671	0.58673			6
2026.04.20	01:43:54.465	0.58672	0.58674			6
2026.04.20	01:43:56.869	0.58673	0.58675			6
2026.04.20	01:43:58.673	0.58676	0.58677			6
2026.04.20	01:43:58.972	0.58677	0.58679			6
2026.04.20	01:44:00.173	0.58677				2
2026.04.20	01:44:02.575		0.58678			4
2026.04.20	01:44:02.873	0.58676				2
2026.04.20	01:44:14.300	0.58677				2
2026.04.20	01:44:15.801	0.58676				2
2026.04.20	01:44:19.410	0.58681	0.58683			6
2026.04.20	01:44:20.314	0.58682	0.58684			6
2026.04.20	01:44:21.513		0.58683			4
2026.04.20	01:44:23.317	0.58681	0.58682			6
2026.04.20	01:44:23.617	0.58680				2
2026.04.20	01:44:25.422		0.58681			4
2026.04.20	01:44:27.226	0.58678	0.58679			6
2026.04.20	01:44:29.032	0.58677				2
2026.04.20	01:44:30.238	0.58676	0.58678			6
2026.04.20	01:44:34.157		0.58677			4
2026.04.20	01:44:34.456		0.58678			4
2026.04.20	01:44:35.359	0.58677				2
2026.04.20	01:44:43.170	0.58676				2
2026.04.20	01:44:51.577	0.58677	0.58679			6
2026.04.20	01:44:59.696	0.58678				2
2026.04.20	01:45:00.296	0.58678	0.58680			6
2026.04.20	01:45:00.598	0.58681	0.58683			6
2026.04.20	01:45:01.497		0.58682			4
2026.04.20	01:45:01.799		0.58683			4
2026.04.20	01:45:02.399		0.58682			4
2026.04.20	01:45:03.002		0.58683			4
2026.04.20	01:45:05.709		0.58682			4
2026.04.20	01:45:09.026	0.58680				2
2026.04.20	01:45:09.625	0.58681				2
2026.04.20	01:45:10.829		0.58683			4
2026.04.20	01:45:16.065	0.58680	0.58682			6
2026.04.20	01:45:22.358	0.58678	0.58680			6
2026.04.20	01:45:22.657	0.58679	0.58681			6
2026.04.20	01:45:26.562	0.58680	0.58682			6
2026.04.20	01:45:27.159	0.58677	0.58679			6
2026.04.20	01:45:30.466		0.58678			4
2026.04.20	01:45:31.667		0.58679			4
2026.04.20	01:45:32.568	0.58678	0.58680			6
2026.04.20	01:45:32.867	0.58677	0.58679			6
2026.04.20	01:45:33.169	0.58678				2
2026.04.20	01:45:37.071	0.58677	0.58678			6
2026.04.20	01:45:43.383	0.58679	0.58681			6
2026.04.20	01:45:43.683	0.58680	0.58682			6
2026.04.20	01:45:46.388	0.58677	0.58679			6
2026.04.20	01:45:48.790	0.58678	0.58680			6
2026.04.20	01:45:49.392	0.58677	0.58679			6
2026.04.20	01:45:49.993	0.58678	0.58680			6
2026.04.20	01:45:50.295	0.58677	0.58679			6
2026.04.20	01:45:50.895	0.58678				2
2026.04.20	01:45:52.097	0.58679	0.58681			6
2026.04.20	01:45:58.409		0.58680			4
2026.04.20	01:46:00.216	0.58679				2
2026.04.20	01:46:03.228	0.58678	0.58679			6
2026.04.20	01:46:04.437	0.58677	0.58678			6
2026.04.20	01:46:05.336		0.58679			4
2026.04.20	01:46:05.944		0.58678			4
2026.04.20	01:46:08.350		0.58679			4
2026.04.20	01:46:10.160	0.58678	0.58680			6
2026.04.20	01:46:11.660	0.58679	0.58681			6
2026.04.20	01:46:14.671	0.58681	0.58682			6
2026.04.20	01:46:14.972		0.58683			4
2026.04.20	01:46:20.382		0.58682			4
2026.04.20	01:46:31.493		0.58683			4
2026.04.20	01:46:36.902	0.58680	0.58681			6
2026.04.20	01:46:37.500	0.58677	0.58679			6
2026.04.20	01:46:40.508		0.58678			4
2026.04.20	01:46:42.914		0.58679			4
2026.04.20	01:47:00.068	0.58677				2
2026.04.20	01:47:02.167	0.58676	0.58678			6
2026.04.20	01:47:08.780	0.58674	0.58676			6
2026.04.20	01:47:10.582	0.58673	0.58674			6
2026.04.20	01:47:14.190		0.58675			4
2026.04.20	01:47:15.393	0.58674				2
2026.04.20	01:47:15.692		0.58676			4
2026.04.20	01:47:21.412		0.58675			4
2026.04.20	01:47:22.312		0.58676			4
2026.04.20	01:47:32.244	0.58673	0.58675			6
2026.04.20	01:47:32.545	0.58674	0.58676			6
2026.04.20	01:47:35.552	0.58673	0.58674			6
2026.04.20	01:47:35.852	0.58671	0.58672			6
2026.04.20	01:47:36.452		0.58673			4
2026.04.20	01:47:36.754	0.58670	0.58672			6
2026.04.20	01:47:37.356	0.58671				2
2026.04.20	01:47:37.958		0.58673			4
2026.04.20	01:47:38.259		0.58672			4
2026.04.20	01:47:38.558		0.58673			4
2026.04.20	01:47:48.173		0.58672			4
2026.04.20	01:47:49.674		0.58673			4
2026.04.20	01:47:53.277		0.58672			4
2026.04.20	01:47:59.589	0.58668	0.58670			6
2026.04.20	01:48:00.193	0.58668				2
2026.04.20	01:48:00.491	0.58669	0.58671			6
2026.04.20	01:48:04.694		0.58670			4
2026.04.20	01:48:05.298	0.58666	0.58668			6
2026.04.20	01:48:08.605	0.58667				2
2026.04.20	01:48:08.903		0.58669			4
2026.04.20	01:48:09.209	0.58668				2
2026.04.20	01:48:09.516	0.58667				2
2026.04.20	01:48:09.817	0.58668	0.58670			6
2026.04.20	01:48:10.418		0.58669			4
2026.04.20	01:48:12.526		0.58670			4
2026.04.20	01:48:17.343	0.58669				2
2026.04.20	01:48:17.646		0.58671			4
2026.04.20	01:48:20.657	0.58668	0.58670			6
2026.04.20	01:48:21.259	0.58669	0.58671			6
2026.04.20	01:48:23.360	0.58668	0.58670			6
2026.04.20	01:48:23.661	0.58669	0.58671			6
2026.04.20	01:48:30.270	0.58671	0.58672			6
2026.04.20	01:48:30.570		0.58673			4
2026.04.20	01:48:42.587		0.58672			4
2026.04.20	01:48:48.590		0.58673			4
2026.04.20	01:48:48.893		0.58672			4
2026.04.20	01:48:49.794	0.58670				2
2026.04.20	01:48:51.296	0.58669	0.58670			6
2026.04.20	01:48:53.397		0.58671			4
2026.04.20	01:48:53.998		0.58670			4
2026.04.20	01:49:00.008	0.58669	0.58671			6
2026.04.20	01:49:00.609		0.58670			4
2026.04.20	01:49:01.511	0.58668				2
2026.04.20	01:49:02.113		0.58669			4
2026.04.20	01:49:04.515	0.58669	0.58670			6
2026.04.20	01:49:04.818	0.58668				2
2026.04.20	01:49:13.240	0.58669				2
2026.04.20	01:49:13.540	0.58667	0.58669			6
2026.04.20	01:49:16.842	0.58666	0.58668			6
2026.04.20	01:49:21.059	0.58667				2
2026.04.20	01:49:21.357	0.58666				2
2026.04.20	01:49:23.162	0.58667	0.58669			6
2026.04.20	01:49:23.463	0.58668	0.58670			6
2026.04.20	01:49:23.761	0.58667	0.58668			6
2026.04.20	01:49:24.063	0.58666				2
2026.04.20	01:49:25.865	0.58665	0.58666			6
2026.04.20	01:49:37.278		0.58667			4
2026.04.20	01:49:37.577		0.58666			4
2026.04.20	01:49:39.988		0.58667			4
2026.04.20	01:49:42.091	0.58666	0.58668			6
2026.04.20	01:49:42.391		0.58667			4
2026.04.20	01:49:42.992		0.58668			4
2026.04.20	01:49:43.291	0.58667	0.58669			6
2026.04.20	01:49:45.394	0.58668				2
2026.04.20	01:49:47.196	0.58667				2
2026.04.20	01:49:47.496	0.58668				2
2026.04.20	01:49:48.095		0.58670			4
2026.04.20	01:50:00.128	0.58668				2
2026.04.20	01:50:05.544		0.58669			4
2026.04.20	01:50:05.844		0.58670			4
2026.04.20	01:50:08.550		0.58669			4
2026.04.20	01:50:10.659		0.58670			4
2026.04.20	01:50:13.064	0.58663	0.58664			6
