<DATE>	<TIME>	<BID>	<ASK>	<LAST>	<VOLUME>	<FLAGS>
2026.02.18	00:03:30.550	0.60457	0.60499			6
2026.02.18	00:04:00.242	0.60457				2
2026.02.18	00:04:30.759		0.60499			4
2026.02.18	00:05:00.012	0.60457				2
2026.02.18	00:05:00.362		0.60498			4
2026.02.18	00:05:00.664	0.60458				2
2026.02.18	00:06:00.146	0.60458				2
2026.02.18	00:06:00.496		0.60498			4
2026.02.18	00:07:00.033	0.60458				2
2026.02.18	00:07:00.686		0.60498			4
2026.02.18	00:07:00.990	0.60453	0.60495			6
2026.02.18	00:07:48.517	0.60452	0.60488			6
2026.02.18	00:07:48.820	0.60451	0.60484			6
2026.02.18	00:07:50.173	0.60444				2
2026.02.18	00:07:56.347	0.60451				2
2026.02.18	00:08:00.207	0.60451				2
2026.02.18	00:08:27.226	0.60441	0.60466			6
2026.02.18	00:08:28.208	0.60440	0.60467			6
2026.02.18	00:08:37.497		0.60466			4
2026.02.18	00:08:43.315		0.60467			4
2026.02.18	00:08:47.452		0.60466			4
2026.02.18	00:08:51.952		0.60467			4
2026.02.18	00:08:53.253		0.60468			4
2026.02.18	00:08:57.423		0.60467			4
2026.02.18	00:08:59.027		0.60468			4
2026.02.18	00:08:59.376	0.60439	0.60463			6
2026.02.18	00:09:00.332	0.60439				2
2026.02.18	00:09:00.635		0.60464			4
2026.02.18	00:09:14.443		0.60466			4
2026.02.18	00:09:22.476	0.60449	0.60483			6
2026.02.18	00:09:30.198	0.60448				2
2026.02.18	00:10:00.157	0.60448	0.60485			6
2026.02.18	00:10:07.885	0.60447				2
2026.02.18	00:10:08.842	0.60448				2
2026.02.18	00:10:12.706	0.60446	0.60491			6
2026.02.18	00:11:00.080	0.60446				2
2026.02.18	00:11:06.505		0.60485			4
2026.02.18	00:11:07.808	0.60449	0.60484			6
2026.02.18	00:11:12.281	0.60446	0.60491			6
2026.02.18	00:11:13.235	0.60449	0.60484			6
2026.02.18	00:11:24.528	0.60446	0.60491			6
2026.02.18	00:11:25.528	0.60449	0.60484			6
2026.02.18	00:11:30.952	0.60446	0.60491			6
2026.02.18	00:11:31.924	0.60465	0.60490			6
2026.02.18	00:11:32.256		0.60493			4
2026.02.18	00:11:33.863		0.60492			4
2026.02.18	00:11:37.075	0.60461	0.60496			6
2026.02.18	00:11:38.029	0.60465	0.60492			6
2026.02.18	00:11:38.347		0.60491			4
2026.02.18	00:11:40.287		0.60490			4
2026.02.18	00:11:41.894		0.60491			4
2026.02.18	00:12:00.191	0.60465				2
2026.02.18	00:12:42.043		0.60491			4
2026.02.18	00:13:00.165	0.60465				2
2026.02.18	00:13:10.916		0.60490			4
2026.02.18	00:13:15.391	0.60466	0.60493			6
2026.02.18	00:13:31.806		0.60494			4
2026.02.18	00:13:35.718	0.60467				2
2026.02.18	00:13:41.852	0.60466				2
2026.02.18	00:13:42.154	0.60467				2
2026.02.18	00:13:47.936		0.60493			4
2026.02.18	00:13:49.546		0.60494			4
2026.02.18	00:13:57.936		0.60493			4
2026.02.18	00:13:58.240		0.60494			4
2026.02.18	00:14:00.152	0.60467				2
2026.02.18	00:14:46.194	0.60466				2
2026.02.18	00:14:48.706	0.60467				2
2026.02.18	00:14:58.286		0.60494			4
2026.02.18	00:15:00.235	0.60465	0.60495			6
2026.02.18	00:15:04.395	0.60466	0.60494			6
2026.02.18	00:15:05.697	0.60468	0.60493			6
2026.02.18	00:15:11.112	0.60466	0.60494			6
2026.02.18	00:15:21.133	0.60467				2
2026.02.18	00:15:49.002		0.60493			4
2026.02.18	00:16:00.230	0.60467				2
2026.02.18	00:16:03.090	0.60468				2
2026.02.18	00:16:17.869	0.60467	0.60494			6
2026.02.18	00:16:45.789		0.60493			4
2026.02.18	00:17:00.314	0.60467				2
2026.02.18	00:17:08.082	0.60471	0.60494			6
2026.02.18	00:17:13.396	0.60472				2
2026.02.18	00:17:19.971	0.60471	0.60495			6
2026.02.18	00:17:21.319	0.60472	0.60494			6
2026.02.18	00:17:30.702		0.60493			4
2026.02.18	00:17:34.873	0.60473	0.60495			6
2026.02.18	00:17:35.175	0.60472				2
2026.02.18	00:17:38.126	0.60473	0.60494			6
2026.02.18	00:18:00.110	0.60473				2
2026.02.18	00:18:06.636		0.60495			4
2026.02.18	00:18:15.714		0.60494			4
2026.02.18	00:18:21.282		0.60495			4
2026.02.18	00:18:26.194	0.60472				2
2026.02.18	00:18:33.625	0.60473	0.60494			6
2026.02.18	00:18:46.517	0.60472	0.60495			6
2026.02.18	00:18:55.952	0.60473	0.60494			6
2026.02.18	00:19:00.172	0.60473				2
2026.02.18	00:19:27.965	0.60472	0.60495			6
2026.02.18	00:19:32.438	0.60473	0.60494			6
2026.02.18	00:19:34.791		0.60495			4
2026.02.18	00:19:45.723		0.60494			4
2026.02.18	00:19:50.845		0.60495			4
2026.02.18	00:19:56.014		0.60494			4
2026.02.18	00:20:00.184	0.60473				2
2026.02.18	00:20:15.905		0.60495			4
2026.02.18	00:20:20.123		0.60494			4
2026.02.18	00:20:44.570		0.60495			4
2026.02.18	00:20:56.814	0.60472				2
2026.02.18	00:21:00.023	0.60472				2
2026.02.18	00:21:08.706	0.60473				2
2026.02.18	00:21:20.439		0.60494			4
2026.02.18	00:21:30.725		0.60495			4
2026.02.18	00:22:00.082	0.60473				2
2026.02.18	00:22:01.043	0.60472				2
2026.02.18	00:22:07.155	0.60473				2
2026.02.18	00:22:11.670		0.60494			4
2026.02.18	00:22:17.439		0.60495			4
2026.02.18	00:22:21.607	0.60472				2
2026.02.18	00:22:39.966	0.60473				2
2026.02.18	00:23:00.296	0.60473				2
2026.02.18	00:23:16.106	0.60472				2
2026.02.18	00:23:17.715	0.60473	0.60495			6
2026.02.18	00:23:33.776	0.60472				2
2026.02.18	00:24:00.179	0.60472				2
2026.02.18	00:24:17.853		0.60495			4
2026.02.18	00:25:00.123	0.60472				2
2026.02.18	00:25:03.685		0.60496			4
2026.02.18	00:25:22.091		0.60495			4
2026.02.18	00:26:00.041	0.60472				2
2026.02.18	00:26:10.630	0.60473				2
2026.02.18	00:26:21.223	0.60472				2
2026.02.18	00:26:21.567	0.60473				2
2026.02.18	00:26:22.179		0.60495			4
2026.02.18	00:26:25.740	0.60471	0.60496			6
2026.02.18	00:26:26.043	0.60472				2
2026.02.18	00:26:29.602		0.60495			4
2026.02.18	00:27:00.167	0.60473				2
2026.02.18	00:27:00.473	0.60472	0.60496			6
2026.02.18	00:27:21.352		0.60495			4
2026.02.18	00:27:27.472		0.60496			4
2026.02.18	00:27:50.650		0.60495			4
2026.02.18	00:27:57.378	0.60473				2
2026.02.18	00:27:57.684	0.60471	0.60496			6
2026.02.18	00:28:00.325	0.60471				2
2026.02.18	00:28:00.637	0.60472	0.60495			6
2026.02.18	00:28:08.064	0.60473				2
2026.02.18	00:28:08.368	0.60472				2
2026.02.18	00:29:00.152	0.60472				2
2026.02.18	00:29:00.804		0.60495			4
2026.02.18	00:29:52.801	0.60473				2
2026.02.18	00:30:00.181	0.60472				2
2026.02.18	00:30:00.834		0.60495			4
2026.02.18	00:30:11.469	0.60468	0.60493			6
2026.02.18	00:30:16.589	0.60469	0.60492			6
2026.02.18	00:30:18.194	0.60470	0.60490			6
2026.02.18	00:30:20.150	0.60469	0.60489			6
2026.02.18	00:30:21.104		0.60488			4
2026.02.18	00:30:28.881	0.60470	0.60491			6
2026.02.18	00:30:32.449	0.60469	0.60488			6
2026.02.18	00:30:32.796		0.60487			4
2026.02.18	00:30:33.101	0.60468	0.60488			6
2026.02.18	00:30:33.402	0.60469	0.60487			6
2026.02.18	00:30:37.268		0.60486			4
2026.02.18	00:30:38.569		0.60487			4
2026.02.18	00:30:47.249	0.60470				2
2026.02.18	00:30:47.552	0.60469	0.60491			6
2026.02.18	00:30:47.863		0.60486			4
2026.02.18	00:30:48.204		0.60487			4
2026.02.18	00:31:00.147	0.60469				2
2026.02.18	00:31:09.785	0.60470	0.60489			6
2026.02.18	00:31:10.087	0.60469	0.60491			6
2026.02.18	00:31:12.345		0.60494			4
2026.02.18	00:31:12.648		0.60496			4
2026.02.18	00:31:14.252		0.60495			4
2026.02.18	00:31:15.855	0.60470				2
2026.02.18	00:31:17.810	0.60469				2
2026.02.18	00:31:21.976	0.60470				2
2026.02.18	00:31:26.142		0.60496			4
2026.02.18	00:31:47.322		0.60495			4
2026.02.18	00:31:47.973	0.60469				2
2026.02.18	00:32:00.165	0.60469				2
2026.02.18	00:32:04.380	0.60470				2
2026.02.18	00:32:08.197		0.60494			4
2026.02.18	00:32:17.228		0.60495			4
2026.02.18	00:32:18.180	0.60469				2
2026.02.18	00:32:18.483		0.60493			4
2026.02.18	00:32:19.135		0.60494			4
2026.02.18	00:32:19.444		0.60495			4
2026.02.18	00:32:19.747		0.60493			4
2026.02.18	00:32:20.056		0.60494			4
2026.02.18	00:32:20.367		0.60495			4
2026.02.18	00:32:24.857	0.60470				2
2026.02.18	00:32:26.156	0.60469				2
2026.02.18	00:32:36.447	0.60470				2
2026.02.18	00:32:40.615	0.60473	0.60494			6
2026.02.18	00:32:44.129		0.60495			4
2026.02.18	00:32:47.690	0.60472				2
2026.02.18	00:32:47.996		0.60493			4
2026.02.18	00:32:52.208	0.60473				2
2026.02.18	00:32:58.079		0.60494			4
2026.02.18	00:33:00.035	0.60473				2
2026.02.18	00:33:01.336		0.60495			4
2026.02.18	00:33:06.154		0.60494			4
2026.02.18	00:33:06.457		0.60493			4
2026.02.18	00:33:10.620	0.60474	0.60490			6
2026.02.18	00:33:14.789	0.60475				2
2026.02.18	00:33:15.106		0.60491			4
2026.02.18	00:33:25.415	0.60473	0.60489			6
2026.02.18	00:33:29.840	0.60474	0.60493			6
2026.02.18	00:33:30.143		0.60492			4
2026.02.18	00:33:30.460	0.60475				2
2026.02.18	00:33:30.762		0.60491			4
2026.02.18	00:33:32.952		0.60492			4
2026.02.18	00:33:35.805		0.60493			4
2026.02.18	00:33:39.363	0.60474				2
2026.02.18	00:33:40.974		0.60494			4
2026.02.18	00:33:48.043		0.60489			4
2026.02.18	00:33:51.874	0.60475	0.60493			6
2026.02.18	00:33:55.124		0.60492			4
2026.02.18	00:33:58.288		0.60490			4
2026.02.18	00:34:00.243	0.60475				2
2026.02.18	00:34:08.270	0.60473				2
2026.02.18	00:34:13.741	0.60475	0.60492			6
2026.02.18	00:34:16.603	0.60474	0.60491			6
2026.02.18	00:34:20.159	0.60475				2
2026.02.18	00:34:20.810		0.60492			4
2026.02.18	00:34:23.676	0.60474				2
2026.02.18	00:34:28.488	0.60475				2
2026.02.18	00:34:48.829		0.60491			4
2026.02.18	00:34:53.312		0.60493			4
2026.02.18	00:34:58.776		0.60492			4
2026.02.18	00:35:00.080	0.60475				2
2026.02.18	00:35:13.269		0.60490			4
2026.02.18	00:35:14.527		0.60492			4
2026.02.18	00:35:20.091		0.60490			4
2026.02.18	00:35:28.080		0.60492			4
2026.02.18	00:35:38.364		0.60491			4
2026.02.18	00:35:38.711		0.60492			4
2026.02.18	00:36:00.242	0.60475				2
2026.02.18	00:36:06.806	0.60476	0.60491			6
2026.02.18	00:36:10.017	0.60477	0.60490			6
2026.02.18	00:36:10.321		0.60491			4
2026.02.18	00:36:10.626	0.60476				2
2026.02.18	00:36:18.854	0.60477				2
2026.02.18	00:36:19.546		0.60490			4
2026.02.18	00:36:19.850		0.60491			4
2026.02.18	00:36:22.411	0.60476				2
2026.02.18	00:36:30.196	0.60477				2
2026.02.18	00:36:38.417	0.60476				2
2026.02.18	00:36:40.327		0.60490			4
2026.02.18	00:36:47.455	0.60477				2
2026.02.18	00:36:57.842	0.60476				2
2026.02.18	00:37:00.099	0.60476				2
2026.02.18	00:37:02.661	0.60477				2
2026.02.18	00:37:06.526	0.60476				2
2026.02.18	00:37:13.599		0.60491			4
2026.02.18	00:37:23.878	0.60477				2
2026.02.18	00:37:26.088	0.60476				2
2026.02.18	00:37:26.393		0.60489			4
2026.02.18	00:37:26.696		0.60491			4
2026.02.18	00:37:29.296	0.60477	0.60490			6
2026.02.18	00:37:29.642		0.60489			4
2026.02.18	00:37:30.249		0.60490			4
2026.02.18	00:37:45.049		0.60489			4
2026.02.18	00:37:45.353		0.60490			4
2026.02.18	00:38:00.216	0.60477				2
2026.02.18	00:38:37.713		0.60489			4
2026.02.18	00:39:00.243	0.60477				2
2026.02.18	00:39:13.856		0.60490			4
2026.02.18	00:39:23.834		0.60489			4
2026.02.18	00:39:28.362		0.60490			4
2026.02.18	00:39:29.005		0.60489			4
2026.02.18	00:39:45.747	0.60478				2
2026.02.18	00:39:50.573		0.60490			4
2026.02.18	00:40:00.218	0.60478				2
2026.02.18	00:40:03.869		0.60489			4
2026.02.18	00:40:04.180		0.60490			4
2026.02.18	00:40:04.523		0.60489			4
2026.02.18	00:40:04.827		0.60490			4
2026.02.18	00:40:05.129		0.60489			4
2026.02.18	00:40:05.480		0.60490			4
2026.02.18	00:40:05.785		0.60489			4
2026.02.18	00:40:06.132		0.60490			4
2026.02.18	00:40:06.436		0.60489			4
2026.02.18	00:40:07.740		0.60490			4
2026.02.18	00:40:11.909	0.60477				2
2026.02.18	00:40:20.597	0.60478				2
2026.02.18	00:40:39.253		0.60489			4
2026.02.18	00:41:00.051	0.60478				2
2026.02.18	00:41:06.524		0.60490			4
2026.02.18	00:41:13.639	0.60477				2
2026.02.18	00:41:20.053		0.60489			4
2026.02.18	00:41:30.952	0.60478				2
2026.02.18	00:41:31.260		0.60490			4
2026.02.18	00:41:34.164	0.60477				2
2026.02.18	00:42:00.274	0.60477				2
2026.02.18	00:42:05.095	0.60478				2
2026.02.18	00:42:31.493		0.60490			4
2026.02.18	00:42:33.708	0.60477				2
2026.02.18	00:42:51.124	0.60478				2
2026.02.18	00:43:00.209	0.60478				2
2026.02.18	00:43:09.451		0.60489			4
2026.02.18	00:43:10.072		0.60490			4
2026.02.18	00:43:17.535	0.60477				2
2026.02.18	00:43:21.052	0.60476	0.60489			6
2026.02.18	00:43:21.369	0.60478	0.60490			6
2026.02.18	00:43:46.239	0.60473	0.60491			6
2026.02.18	00:43:47.242	0.60478	0.60490			6
2026.02.18	00:44:00.092	0.60478				2
2026.02.18	00:44:05.608		0.60489			4
2026.02.18	00:44:08.475		0.60490			4
2026.02.18	00:44:31.617		0.60489			4
2026.02.18	00:44:34.177		0.60490			4
2026.02.18	00:45:00.206	0.60478				2
2026.02.18	00:45:03.067	0.60472	0.60491			6
2026.02.18	00:45:04.416	0.60473	0.60490			6
2026.02.18	00:45:05.720		0.60489			4
2026.02.18	00:45:06.674	0.60478				2
2026.02.18	00:45:15.300		0.60490			4
2026.02.18	00:45:32.353		0.60489			4
2026.02.18	00:46:03.852	0.60478	0.60490			6
2026.02.18	00:46:25.156		0.60489			4
2026.02.18	00:47:00.314	0.60478				2
2026.02.18	00:47:03.180	0.60470	0.60497			6
2026.02.18	00:47:06.468	0.60478	0.60489			6
2026.02.18	00:47:17.327	0.60479	0.60504			6
2026.02.18	00:47:19.533	0.60480	0.60505			6
2026.02.18	00:47:20.865		0.60503			4
2026.02.18	00:47:31.197		0.60505			4
2026.02.18	00:47:35.865		0.60503			4
2026.02.18	00:47:46.011		0.60505			4
2026.02.18	00:48:06.012	0.60480				2
2026.02.18	00:48:13.161	0.60481				2
2026.02.18	00:48:20.867		0.60503			4
2026.02.18	00:48:31.253		0.60505			4
2026.02.18	00:49:03.253	0.60481				2
2026.02.18	00:49:11.441	0.60480				2
2026.02.18	00:49:14.952	0.60481				2
2026.02.18	00:49:34.754		0.60505			4
2026.02.18	00:49:35.866		0.60503			4
2026.02.18	00:49:46.120		0.60505			4
2026.02.18	00:50:01.924	0.60481				2
2026.02.18	00:50:23.363		0.60493			4
2026.02.18	00:50:25.486	0.60473	0.60500			6
2026.02.18	00:50:26.420	0.60481	0.60493			6
2026.02.18	00:50:43.152	0.60480	0.60494			6
2026.02.18	00:51:10.326	0.60480				2
2026.02.18	00:51:43.693		0.60494			4
2026.02.18	00:52:01.153	0.60480				2
2026.02.18	00:52:12.610	0.60473	0.60500			6
2026.02.18	00:52:13.566	0.60480	0.60494			6
2026.02.18	00:52:49.342		0.60493			4
2026.02.18	00:52:49.844		0.60494			4
2026.02.18	00:52:50.847		0.60493			4
2026.02.18	00:52:51.345		0.60494			4
2026.02.18	00:53:02.215	0.60480				2
2026.02.18	00:53:19.821	0.60473	0.60500			6
2026.02.18	00:53:20.778	0.60480	0.60494			6
2026.02.18	00:53:29.531	0.60479	0.60489			6
2026.02.18	00:54:03.423	0.60479				2
2026.02.18	00:54:30.465		0.60489			4
2026.02.18	00:54:56.743	0.60477				2
2026.02.18	00:55:00.406	0.60468	0.60486			6
2026.02.18	00:55:01.896		0.60483			4
2026.02.18	00:55:02.840	0.60455	0.60476			6
2026.02.18	00:55:03.185	0.60453				2
2026.02.18	00:55:03.842	0.60461	0.60486			6
2026.02.18	00:55:20.694	0.60466	0.60487			6
2026.02.18	00:55:35.223	0.60464				2
2026.02.18	00:55:39.557	0.60463	0.60484			6
2026.02.18	00:55:40.810	0.60464	0.60479			6
2026.02.18	00:55:41.304		0.60474			4
2026.02.18	00:55:41.614		0.60486			4
2026.02.18	00:55:49.391		0.60487			4
2026.02.18	00:55:59.591		0.60483			4
2026.02.18	00:56:00.766	0.60464	0.60479			6
2026.02.18	00:56:01.215	0.60466	0.60486			6
2026.02.18	00:56:40.212	0.60471	0.60481			6
2026.02.18	00:56:41.239	0.60464	0.60491			6
2026.02.18	00:56:43.156		0.60485			4
2026.02.18	00:56:43.737		0.60475			4
2026.02.18	00:56:44.084		0.60474			4
2026.02.18	00:56:45.178	0.60463	0.60473			6
2026.02.18	00:56:45.688	0.60471	0.60482			6
2026.02.18	00:56:46.044	0.60469	0.60483			6
2026.02.18	00:56:47.653		0.60484			4
2026.02.18	00:56:50.394	0.60468				2
2026.02.18	00:57:00.365	0.60468				2
2026.02.18	00:57:02.352		0.60485			4
2026.02.18	00:57:12.221	0.60467				2
2026.02.18	00:57:16.427		0.60486			4
2026.02.18	00:57:18.392	0.60466				2
2026.02.18	00:57:24.108	0.60467				2
2026.02.18	00:57:24.419	0.60466				2
2026.02.18	00:57:25.050		0.60487			4
2026.02.18	00:57:32.370		0.60486			4
2026.02.18	00:57:33.752		0.60487			4
2026.02.18	00:57:34.058		0.60486			4
2026.02.18	00:57:36.814		0.60487			4
2026.02.18	00:57:41.776	0.60467	0.60485			6
2026.02.18	00:57:42.211	0.60469	0.60483			6
2026.02.18	00:57:47.292	0.60468	0.60484			6
2026.02.18	00:57:48.663	0.60467	0.60486			6
2026.02.18	00:57:49.172	0.60466				2
2026.02.18	00:57:56.879	0.60463	0.60482			6
2026.02.18	00:57:57.187		0.60481			4
2026.02.18	00:57:58.275	0.60464	0.60477			6
2026.02.18	00:57:59.543	0.60469	0.60484			6
2026.02.18	00:58:00.079	0.60466	0.60486			6
2026.02.18	00:58:05.668	0.60465	0.60487			6
2026.02.18	00:58:05.970	0.60466	0.60486			6
2026.02.18	00:58:06.938	0.60465	0.60487			6
2026.02.18	00:58:07.547	0.60466				2
2026.02.18	00:58:09.255	0.60465				2
2026.02.18	00:58:14.870	0.60464	0.60488			6
2026.02.18	00:58:30.085	0.60465	0.60487			6
2026.02.18	00:58:32.646	0.60464	0.60488			6
2026.02.18	00:58:49.066	0.60465				2
2026.02.18	00:58:49.374	0.60464				2
2026.02.18	00:58:50.765	0.60465				2
2026.02.18	00:58:55.266	0.60464				2
2026.02.18	00:59:00.098	0.60464				2
2026.02.18	00:59:09.120	0.60465	0.60487			6
2026.02.18	00:59:09.461	0.60464	0.60488			6
2026.02.18	00:59:09.925	0.60465	0.60486			6
2026.02.18	00:59:14.293	0.60464	0.60488			6
2026.02.18	00:59:33.737		0.60489			4
2026.02.18	00:59:51.252		0.60488			4
2026.02.18	00:59:59.353	0.60463	0.60489			6
2026.02.18	01:00:00.031	0.60463				2
2026.02.18	01:00:00.336		0.60488			4
2026.02.18	01:00:00.897	0.60466				2
2026.02.18	01:00:01.200	0.60465				2
2026.02.18	01:00:02.002		0.60490			4
2026.02.18	01:00:02.482	0.60464				2
2026.02.18	01:00:02.896	0.60463	0.60493			6
2026.02.18	01:00:03.312	0.60469				2
2026.02.18	01:00:03.688	0.60462	0.60500			6
2026.02.18	01:00:04.302	0.60463				2
2026.02.18	01:00:06.558		0.60499			4
2026.02.18	01:00:06.865	0.60465	0.60498			6
2026.02.18	01:00:07.513	0.60469	0.60493			6
2026.02.18	01:00:18.739		0.60494			4
2026.02.18	01:00:21.011		0.60493			4
2026.02.18	01:00:22.024	0.60465	0.60498			6
2026.02.18	01:00:22.362		0.60499			4
2026.02.18	01:00:22.664	0.60464	0.60498			6
2026.02.18	01:00:22.966	0.60469	0.60492			6
2026.02.18	01:00:25.788		0.60493			4
2026.02.18	01:00:32.344	0.60466				2
2026.02.18	01:00:37.026		0.60494			4
2026.02.18	01:00:38.792	0.60468	0.60495			6
2026.02.18	01:00:43.005	0.60467				2
2026.02.18	01:00:48.189	0.60468				2
2026.02.18	01:00:49.517	0.60470				2
2026.02.18	01:00:53.077	0.60471				2
2026.02.18	01:00:55.335	0.60470				2
2026.02.18	01:00:56.943	0.60471				2
2026.02.18	01:01:00.153	0.60471	0.60494			6
2026.02.18	01:01:02.489	0.60472				2
2026.02.18	01:01:03.057	0.60471				2
2026.02.18	01:01:04.892	0.60472	0.60493			6
2026.02.18	01:01:12.049		0.60494			4
2026.02.18	01:01:12.948	0.60481	0.60503			6
2026.02.18	01:01:13.272	0.60480	0.60502			6
2026.02.18	01:01:13.616		0.60491			4
2026.02.18	01:01:17.480	0.60490				2
2026.02.18	01:01:21.546	0.60491	0.60492			6
2026.02.18	01:01:22.167	0.60490	0.60491			6
2026.02.18	01:01:22.469	0.60491	0.60492			6
2026.02.18	01:01:23.726	0.60490	0.60491			6
2026.02.18	01:01:25.281	0.60491	0.60492			6
2026.02.18	01:01:34.000	0.60490	0.60491			6
2026.02.18	01:01:34.304	0.60485				2
2026.02.18	01:01:39.952		0.60502			4
2026.02.18	01:01:56.751	0.60484				2
2026.02.18	01:02:01.522	0.60484				2
2026.02.18	01:02:03.837	0.60486				2
2026.02.18	01:02:13.892	0.60487	0.60503			6
2026.02.18	01:02:20.999	0.60490	0.60493			6
2026.02.18	01:02:22.256	0.60487	0.60503			6
2026.02.18	01:02:34.603	0.60479	0.60498			6
2026.02.18	01:02:36.209		0.60497			4
2026.02.18	01:02:39.957	0.60480				2
2026.02.18	01:02:46.005		0.60496			4
2026.02.18	01:02:49.037	0.60479				2
2026.02.18	01:02:57.442	0.60487	0.60490			6
2026.02.18	01:03:00.230	0.60487				2
2026.02.18	01:03:02.742	0.60488	0.60491			6
2026.02.18	01:04:00.048	0.60488				2
2026.02.18	01:04:00.351	0.60489	0.60492			6
2026.02.18	01:04:08.728	0.60488	0.60491			6
2026.02.18	01:04:09.043	0.60487	0.60490			6
2026.02.18	01:04:09.347	0.60488	0.60491			6
2026.02.18	01:04:11.536	0.60487	0.60490			6
2026.02.18	01:04:18.707	0.60488	0.60491			6
2026.02.18	01:04:21.187	0.60487	0.60490			6
2026.02.18	01:04:35.239	0.60489	0.60492			6
2026.02.18	01:04:44.649	0.60490	0.60493			6
2026.02.18	01:04:54.674	0.60491	0.60494			6
2026.02.18	01:04:55.898	0.60490	0.60493			6
2026.02.18	01:04:57.785	0.60491	0.60494			6
2026.02.18	01:05:00.009	0.60492	0.60495			6
2026.02.18	01:05:00.646	0.60490	0.60493			6
2026.02.18	01:05:00.964	0.60491	0.60494			6
2026.02.18	01:05:04.984	0.60490	0.60493			6
2026.02.18	01:05:08.792	0.60491	0.60494			6
2026.02.18	01:05:10.042	0.60492	0.60495			6
2026.02.18	01:05:10.674	0.60493	0.60496			6
2026.02.18	01:05:11.280	0.60492	0.60495			6
2026.02.18	01:05:14.407	0.60493	0.60496			6
2026.02.18	01:05:15.036	0.60490	0.60493			6
2026.02.18	01:05:20.351	0.60489	0.60492			6
2026.02.18	01:05:21.299	0.60491	0.60494			6
2026.02.18	01:05:22.252	0.60492	0.60495			6
2026.02.18	01:05:30.143	0.60493	0.60496			6
2026.02.18	01:05:30.473	0.60492	0.60495			6
2026.02.18	01:05:31.723	0.60493	0.60496			6
2026.02.18	01:05:40.103	0.60494	0.60497			6
2026.02.18	01:05:46.023	0.60493	0.60496			6
2026.02.18	01:06:00.033	0.60493				2
2026.02.18	01:06:00.972	0.60494	0.60497			6
2026.02.18	01:06:11.586	0.60493	0.60496			6
2026.02.18	01:06:12.237	0.60494	0.60497			6
2026.02.18	01:06:15.376	0.60493	0.60496			6
2026.02.18	01:06:15.692	0.60492	0.60495			6
2026.02.18	01:06:17.899	0.60493	0.60496			6
2026.02.18	01:06:21.013	0.60492	0.60495			6
2026.02.18	01:06:24.453	0.60493	0.60496			6
2026.02.18	01:06:24.772	0.60494	0.60497			6
2026.02.18	01:06:45.190	0.60496	0.60499			6
2026.02.18	01:06:45.538	0.60497	0.60500			6
2026.02.18	01:06:45.842	0.60495	0.60498			6
2026.02.18	01:06:46.145	0.60494	0.60497			6
2026.02.18	01:06:48.403	0.60497	0.60500			6
2026.02.18	01:06:51.608	0.60499	0.60502			6
2026.02.18	01:07:00.028	0.60499				2
2026.02.18	01:07:03.286	0.60498	0.60501			6
2026.02.18	01:07:15.616	0.60499	0.60502			6
2026.02.18	01:07:26.689	0.60498	0.60501			6
2026.02.18	01:07:29.294	0.60499	0.60502			6
2026.02.18	01:07:30.593	0.60498	0.60501			6
2026.02.18	01:07:33.459	0.60499	0.60502			6
2026.02.18	01:07:39.272		0.60501			4
2026.02.18	01:07:51.727	0.60500	0.60502			6
2026.02.18	01:07:52.058	0.60504	0.60506			6
2026.02.18	01:07:53.284	0.60503				2
2026.02.18	01:07:57.473	0.60504				2
2026.02.18	01:07:57.780	0.60512	0.60515			6
2026.02.18	01:08:00.073	0.60512				2
2026.02.18	01:08:05.650	0.60511	0.60514			6
2026.02.18	01:08:15.383	0.60512	0.60515			6
2026.02.18	01:08:24.721	0.60511	0.60514			6
2026.02.18	01:08:25.071	0.60510	0.60513			6
2026.02.18	01:08:30.843	0.60509	0.60512			6
2026.02.18	01:08:34.105	0.60508	0.60511			6
2026.02.18	01:08:35.406	0.60509	0.60512			6
2026.02.18	01:08:44.387	0.60510	0.60513			6
2026.02.18	01:08:56.623	0.60511	0.60514			6
2026.02.18	01:09:00.188	0.60511				2
2026.02.18	01:09:00.491	0.60517	0.60520			6
2026.02.18	01:09:00.796	0.60518	0.60521			6
2026.02.18	01:09:01.143	0.60517				2
2026.02.18	01:09:01.444	0.60518	0.60522			6
2026.02.18	01:09:05.307	0.60519				2
2026.02.18	01:09:05.610	0.60521	0.60525			6
2026.02.18	01:09:05.959	0.60522	0.60526			6
2026.02.18	01:09:06.609	0.60523	0.60527			6
2026.02.18	01:09:09.169	0.60524				2
2026.02.18	01:09:09.472	0.60525	0.60529			6
2026.02.18	01:09:12.339		0.60528			4
2026.02.18	01:09:16.901	0.60523	0.60527			6
2026.02.18	01:09:19.823	0.60522	0.60525			6
2026.02.18	01:09:20.508		0.60524			4
2026.02.18	01:09:20.811		0.60526			4
2026.02.18	01:09:22.116	0.60521	0.60525			6
2026.02.18	01:09:24.069	0.60522	0.60526			6
2026.02.18	01:09:24.420	0.60523	0.60527			6
2026.02.18	01:09:31.840	0.60520	0.60524			6
2026.02.18	01:09:32.142		0.60523			4
2026.02.18	01:09:32.459		0.60524			4
2026.02.18	01:09:41.478	0.60522	0.60526			6
2026.02.18	01:09:41.823	0.60523	0.60527			6
2026.02.18	01:09:53.067	0.60524				2
2026.02.18	01:09:53.370		0.60528			4
2026.02.18	01:09:58.489	0.60526	0.60530			6
2026.02.18	01:09:58.798	0.60527	0.60531			6
2026.02.18	01:10:00.094	0.60527				2
2026.02.18	01:10:00.447	0.60528	0.60532			6
2026.02.18	01:10:04.409	0.60527	0.60531			6
2026.02.18	01:10:10.834	0.60529	0.60533			6
2026.02.18	01:10:11.139	0.60528	0.60532			6
2026.02.18	01:10:14.350	0.60529	0.60533			6
2026.02.18	01:10:14.651	0.60528	0.60532			6
2026.02.18	01:10:36.982	0.60527	0.60530			6
2026.02.18	01:10:37.303	0.60521	0.60525			6
2026.02.18	01:10:55.603	0.60517	0.60520			6
2026.02.18	01:10:55.952	0.60514	0.60518			6
2026.02.18	01:11:00.218	0.60514				2
2026.02.18	01:11:00.871	0.60513	0.60517			6
2026.02.18	01:11:02.783	0.60514	0.60518			6
2026.02.18	01:11:08.552	0.60513	0.60517			6
2026.02.18	01:11:09.205	0.60511	0.60515			6
2026.02.18	01:11:09.551	0.60510	0.60514			6
2026.02.18	01:11:09.854	0.60509	0.60513			6
2026.02.18	01:11:28.472		0.60512			4
2026.02.18	01:11:40.064	0.60508				2
2026.02.18	01:11:45.536	0.60504	0.60508			6
2026.02.18	01:11:58.434	0.60503	0.60507			6
2026.02.18	01:12:00.043	0.60503				2
2026.02.18	01:12:01.298	0.60502	0.60506			6
2026.02.18	01:12:13.200	0.60503	0.60507			6
2026.02.18	01:12:14.155	0.60499	0.60503			6
2026.02.18	01:12:15.110	0.60495	0.60499			6
2026.02.18	01:12:15.457	0.60494	0.60498			6
2026.02.18	01:12:15.761		0.60497			4
2026.02.18	01:12:16.713	0.60497	0.60501			6
2026.02.18	01:12:17.062	0.60498	0.60502			6
2026.02.18	01:12:25.397	0.60499	0.60503			6
2026.02.18	01:12:55.539	0.60500	0.60504			6
2026.02.18	01:13:00.023	0.60500				2
2026.02.18	01:13:02.233	0.60501	0.60505			6
2026.02.18	01:13:13.872		0.60504			4
2026.02.18	01:13:14.176	0.60507	0.60511			6
2026.02.18	01:13:14.827	0.60502	0.60506			6
2026.02.18	01:13:27.326	0.60501	0.60505			6
2026.02.18	01:13:29.634	0.60502	0.60506			6
2026.02.18	01:13:37.057	0.60503	0.60507			6
2026.02.18	01:13:47.043	0.60502	0.60506			6
2026.02.18	01:13:48.953	0.60503	0.60507			6
2026.02.18	01:13:50.909	0.60502	0.60506			6
2026.02.18	01:13:52.516	0.60504	0.60508			6
2026.02.18	01:13:59.290	0.60505				2
2026.02.18	01:14:00.245	0.60505				2
2026.02.18	01:14:02.852	0.60503	0.60507			6
2026.02.18	01:14:03.460	0.60502	0.60506			6
2026.02.18	01:14:07.321	0.60500	0.60504			6
2026.02.18	01:14:11.885	0.60503	0.60507			6
2026.02.18	01:14:13.143	0.60504	0.60508			6
2026.02.18	01:14:17.401	0.60503	0.60507			6
2026.02.18	01:14:28.642	0.60504	0.60508			6
2026.02.18	01:14:32.158		0.60507			4
2026.02.18	01:14:38.282	0.60503	0.60506			6
2026.02.18	01:14:39.900	0.60502				2
2026.02.18	01:14:43.455	0.60503	0.60507			6
2026.02.18	01:14:45.400	0.60507	0.60511			6
2026.02.18	01:14:45.715	0.60508				2
2026.02.18	01:14:47.623		0.60512			4
2026.02.18	01:15:00.220	0.60508				2
2026.02.18	01:15:00.523	0.60505	0.60508			6
2026.02.18	01:15:00.825	0.60504				2
2026.02.18	01:15:01.477	0.60505				2
2026.02.18	01:15:02.475		0.60509			4
2026.02.18	01:15:03.430	0.60504	0.60508			6
2026.02.18	01:15:21.494	0.60505	0.60509			6
2026.02.18	01:15:23.403		0.60508			4
2026.02.18	01:15:27.516	0.60504	0.60507			6
2026.02.18	01:15:28.769	0.60506	0.60508			6
2026.02.18	01:15:29.074	0.60507	0.60510			6
2026.02.18	01:15:29.694	0.60506	0.60509			6
2026.02.18	01:15:30.299	0.60504	0.60507			6
2026.02.18	01:15:35.614		0.60505			4
2026.02.18	01:15:35.918	0.60502				2
2026.02.18	01:15:39.682	0.60501	0.60502			6
2026.02.18	01:15:39.990	0.60497	0.60500			6
2026.02.18	01:15:40.962		0.60499			4
2026.02.18	01:15:41.265	0.60496				2
2026.02.18	01:15:42.567	0.60497	0.60500			6
2026.02.18	01:15:43.524	0.60496	0.60498			6
2026.02.18	01:15:43.827	0.60494				2
2026.02.18	01:15:47.389	0.60493	0.60497			6
2026.02.18	01:15:53.464	0.60492	0.60496			6
2026.02.18	01:15:54.420		0.60495			4
2026.02.18	01:15:58.548	0.60493				2
2026.02.18	01:16:00.189	0.60493				2
2026.02.18	01:16:00.493		0.60497			4
2026.02.18	01:16:00.795	0.60494	0.60498			6
2026.02.18	01:16:01.447	0.60493	0.60497			6
2026.02.18	01:16:07.318	0.60492	0.60496			6
2026.02.18	01:16:18.265		0.60495			4
2026.02.18	01:16:21.397	0.60496	0.60499			6
2026.02.18	01:16:21.701	0.60497	0.60500			6
2026.02.18	01:16:22.334	0.60498	0.60502			6
2026.02.18	01:16:30.456	0.60501	0.60505			6
2026.02.18	01:16:39.087	0.60500	0.60504			6
2026.02.18	01:16:39.391	0.60498	0.60502			6
2026.02.18	01:16:42.648	0.60499	0.60503			6
2026.02.18	01:16:55.392	0.60503	0.60507			6
2026.02.18	01:16:57.303	0.60504	0.60508			6
2026.02.18	01:17:00.220	0.60501	0.60505			6
2026.02.18	01:17:00.523	0.60502	0.60506			6
2026.02.18	01:17:02.769	0.60503				2
2026.02.18	01:17:03.847	0.60502				2
2026.02.18	01:17:07.436		0.60505			4
2026.02.18	01:17:07.786	0.60500	0.60504			6
2026.02.18	01:17:08.122		0.60503			4
2026.02.18	01:17:25.094	0.60504	0.60508			6
2026.02.18	01:17:25.442	0.60503	0.60507			6
2026.02.18	01:18:00.045	0.60503				2
2026.02.18	01:18:09.319	0.60504				2
2026.02.18	01:18:25.700		0.60507			4
2026.02.18	01:18:47.753	0.60503	0.60506			6
2026.02.18	01:18:59.995	0.60500	0.60503			6
2026.02.18	01:19:00.297	0.60500				2
2026.02.18	01:19:20.358	0.60501	0.60504			6
2026.02.18	01:19:20.662	0.60500	0.60503			6
2026.02.18	01:19:21.315	0.60501				2
2026.02.18	01:19:23.521	0.60502	0.60504			6
2026.02.18	01:19:23.826	0.60504	0.60506			6
2026.02.18	01:19:25.382	0.60503				2
2026.02.18	01:19:27.335	0.60504				2
2026.02.18	01:19:38.596	0.60505	0.60507			6
2026.02.18	01:19:39.227	0.60506	0.60508			6
2026.02.18	01:19:39.533	0.60507	0.60509			6
2026.02.18	01:19:40.182	0.60506	0.60508			6
2026.02.18	01:19:42.969	0.60505				2
2026.02.18	01:19:44.854	0.60506				2
2026.02.18	01:19:46.986	0.60507	0.60509			6
2026.02.18	01:19:47.936	0.60506	0.60508			6
2026.02.18	01:19:57.607	0.60508	0.60510			6
2026.02.18	01:19:59.478	0.60507	0.60509			6
2026.02.18	01:20:00.082	0.60507				2
2026.02.18	01:20:00.384	0.60508	0.60510			6
2026.02.18	01:20:15.974	0.60507	0.60509			6
2026.02.18	01:20:20.336	0.60508	0.60510			6
2026.02.18	01:20:20.640	0.60509	0.60511			6
2026.02.18	01:20:33.735	0.60510	0.60512			6
2026.02.18	01:20:37.516	0.60511	0.60513			6
2026.02.18	01:20:40.008	0.60513	0.60515			6
2026.02.18	01:20:40.326	0.60510	0.60512			6
2026.02.18	01:20:40.630	0.60509	0.60511			6
2026.02.18	01:20:40.937	0.60510	0.60512			6
2026.02.18	01:20:42.799	0.60507	0.60509			6
2026.02.18	01:20:46.284	0.60506	0.60508			6
2026.02.18	01:20:46.585	0.60505	0.60507			6
2026.02.18	01:20:57.193	0.60504	0.60506			6
2026.02.18	01:21:00.001	0.60504				2
2026.02.18	01:21:15.190	0.60505	0.60507			6
2026.02.18	01:21:18.101	0.60506	0.60508			6
2026.02.18	01:21:23.270	0.60507	0.60509			6
2026.02.18	01:21:23.572	0.60506	0.60508			6
2026.02.18	01:21:23.923	0.60504	0.60506			6
2026.02.18	01:21:33.256	0.60505	0.60507			6
2026.02.18	01:21:37.426		0.60506			4
2026.02.18	01:21:38.682	0.60504				2
2026.02.18	01:21:45.202	0.60505				2
2026.02.18	01:21:52.435	0.60504				2
2026.02.18	01:21:54.695	0.60505				2
2026.02.18	01:21:56.572	0.60504				2
2026.02.18	01:21:58.810	0.60505	0.60507			6
2026.02.18	01:22:00.113	0.60505				2
2026.02.18	01:22:00.767	0.60504	0.60506			6
2026.02.18	01:22:17.232	0.60505				2
2026.02.18	01:22:26.665	0.60504				2
2026.02.18	01:22:26.969	0.60505				2
2026.02.18	01:22:32.588	0.60504				2
2026.02.18	01:22:53.910	0.60503	0.60505			6
2026.02.18	01:23:00.025	0.60503				2
2026.02.18	01:23:01.283	0.60502	0.60504			6
2026.02.18	01:23:02.891	0.60503				2
2026.02.18	01:23:11.632	0.60502				2
2026.02.18	01:23:19.036	0.60500	0.60502			6
2026.02.18	01:23:21.943		0.60501			4
2026.02.18	01:23:23.804		0.60502			4
2026.02.18	01:23:27.972		0.60501			4
2026.02.18	01:23:36.706		0.60502			4
2026.02.18	01:23:42.175	0.60499	0.60501			6
2026.02.18	01:23:42.478	0.60500				2
2026.02.18	01:23:45.337	0.60499				2
2026.02.18	01:23:59.842	0.60498	0.60499			6
2026.02.18	01:24:00.158	0.60498				2
2026.02.18	01:24:01.720	0.60497				2
2026.02.18	01:24:05.561	0.60499	0.60500			6
2026.02.18	01:24:05.884	0.60498				2
2026.02.18	01:24:11.684	0.60499	0.60501			6
2026.02.18	01:24:18.409	0.60501	0.60503			6
2026.02.18	01:24:18.720	0.60502	0.60504			6
2026.02.18	01:24:24.533	0.60503				2
2026.02.18	01:24:27.346	0.60502				2
2026.02.18	01:24:27.695	0.60501	0.60503			6
2026.02.18	01:24:27.998		0.60502			4
2026.02.18	01:24:28.921	0.60500				2
2026.02.18	01:24:30.204		0.60501			4
2026.02.18	01:24:35.826	0.60501	0.60503			6
2026.02.18	01:24:36.128		0.60502			4
2026.02.18	01:24:38.986	0.60500				2
2026.02.18	01:24:42.502	0.60501				2
2026.02.18	01:24:52.190	0.60500				2
2026.02.18	01:24:53.492	0.60502	0.60504			6
2026.02.18	01:25:00.212	0.60502				2
2026.02.18	01:25:07.027	0.60503				2
2026.02.18	01:25:08.597	0.60501	0.60503			6
2026.02.18	01:25:09.935	0.60502	0.60504			6
2026.02.18	01:25:12.839	0.60503				2
2026.02.18	01:25:13.141		0.60505			4
2026.02.18	01:25:13.487	0.60504	0.60506			6
2026.02.18	01:25:16.697	0.60505				2
2026.02.18	01:25:17.000		0.60507			4
2026.02.18	01:25:17.651		0.60506			4
2026.02.18	01:25:18.575		0.60507			4
2026.02.18	01:25:24.328	0.60506				2
2026.02.18	01:25:25.282	0.60505				2
2026.02.18	01:25:28.839		0.60506			4
2026.02.18	01:25:42.907	0.60504				2
2026.02.18	01:25:51.576	0.60503	0.60505			6
2026.02.18	01:25:55.134	0.60504				2
2026.02.18	01:26:00.155	0.60504				2
2026.02.18	01:26:00.477		0.60506			4
2026.02.18	01:26:02.415	0.60505				2
2026.02.18	01:26:08.982	0.60504				2
2026.02.18	01:26:14.152	0.60505				2
2026.02.18	01:26:15.421	0.60504	0.60505			6
2026.02.18	01:26:38.346		0.60506			4
2026.02.18	01:27:00.070	0.60504				2
2026.02.18	01:27:23.597	0.60505				2
2026.02.18	01:27:24.839	0.60503	0.60505			6
2026.02.18	01:27:26.412	0.60502	0.60503			6
2026.02.18	01:27:28.912	0.60503	0.60504			6
2026.02.18	01:27:29.232	0.60502				2
2026.02.18	01:27:29.561	0.60503				2
2026.02.18	01:27:30.514	0.60502				2
2026.02.18	01:27:39.490	0.60503	0.60505			6
2026.02.18	01:27:42.451		0.60504			4
2026.02.18	01:27:42.755	0.60502				2
2026.02.18	01:27:52.144	0.60503	0.60505			6
2026.02.18	01:28:00.231	0.60503				2
2026.02.18	01:28:01.190		0.60504			4
2026.02.18	01:28:05.585	0.60502				2
2026.02.18	01:28:11.048	0.60503	0.60505			6
2026.02.18	01:28:13.049		0.60504			4
2026.02.18	01:28:13.977		0.60505			4
2026.02.18	01:28:32.132	0.60502	0.60504			6
2026.02.18	01:28:32.484	0.60503				2
2026.02.18	01:28:33.435	0.60502	0.60503			6
2026.02.18	01:28:34.389	0.60501				2
2026.02.18	01:28:35.040	0.60499	0.60501			6
2026.02.18	01:28:35.344		0.60500			4
2026.02.18	01:28:36.903	0.60500	0.60502			6
2026.02.18	01:28:52.825	0.60501				2
2026.02.18	01:28:57.170	0.60499	0.60500			6
2026.02.18	01:29:00.285	0.60499				2
2026.02.18	01:29:03.446	0.60497	0.60499			6
2026.02.18	01:29:05.686	0.60498				2
2026.02.18	01:29:06.614		0.60500			4
2026.02.18	01:29:07.550	0.60504	0.60506			6
2026.02.18	01:29:09.553	0.60505				2
2026.02.18	01:29:09.860		0.60507			4
2026.02.18	01:29:12.118	0.60506				2
2026.02.18	01:29:12.767	0.60505				2
2026.02.18	01:29:14.674	0.60506				2
2026.02.18	01:29:14.993	0.60507	0.60509			6
2026.02.18	01:29:25.108	0.60508				2
2026.02.18	01:29:28.240		0.60510			4
2026.02.18	01:29:29.225	0.60509	0.60511			6
2026.02.18	01:29:57.526		0.60510			4
2026.02.18	01:29:57.839	0.60507	0.60509			6
2026.02.18	01:30:00.133	0.60507				2
2026.02.18	01:30:02.440	0.60508				2
2026.02.18	01:30:03.967	0.60512	0.60513			6
2026.02.18	01:30:04.296		0.60514			4
2026.02.18	01:30:05.902	0.60511	0.60513			6
2026.02.18	01:30:06.858	0.60510	0.60511			6
2026.02.18	01:30:07.165	0.60509				2
2026.02.18	01:30:11.972	0.60510	0.60512			6
2026.02.18	01:30:23.856	0.60507	0.60509			6
2026.02.18	01:30:30.622	0.60506	0.60508			6
2026.02.18	01:30:37.041	0.60508	0.60510			6
2026.02.18	01:30:37.343	0.60509	0.60511			6
2026.02.18	01:30:44.109	0.60510	0.60512			6
2026.02.18	01:30:44.411	0.60512	0.60514			6
2026.02.18	01:31:00.173	0.60512				2
2026.02.18	01:31:03.990	0.60513	0.60515			6
2026.02.18	01:31:05.898	0.60512	0.60514			6
2026.02.18	01:31:06.245	0.60511	0.60513			6
2026.02.18	01:31:06.551	0.60509	0.60511			6
2026.02.18	01:31:07.850	0.60510	0.60512			6
2026.02.18	01:31:21.399	0.60509	0.60511			6
2026.02.18	01:31:26.572	0.60510	0.60512			6
2026.02.18	01:31:26.919	0.60509	0.60511			6
2026.02.18	01:31:27.572	0.60510	0.60512			6
2026.02.18	01:31:30.783		0.60511			4
2026.02.18	01:31:31.087	0.60509				2
2026.02.18	01:31:38.813	0.60508	0.60510			6
2026.02.18	01:31:40.469	0.60507	0.60509			6
2026.02.18	01:31:52.106	0.60505	0.60507			6
2026.02.18	01:32:00.136	0.60505				2
2026.02.18	01:32:08.816	0.60504	0.60506			6
2026.02.18	01:32:11.075	0.60503	0.60505			6
2026.02.18	01:32:12.030	0.60504	0.60506			6
2026.02.18	01:32:18.755	0.60505				2
2026.02.18	01:32:28.159	0.60504				2
2026.02.18	01:32:50.727	0.60505				2
2026.02.18	01:32:52.285	0.60504				2
2026.02.18	01:33:00.108	0.60504				2
2026.02.18	01:33:00.761	0.60503	0.60504			6
2026.02.18	01:33:01.064	0.60501	0.60503			6
2026.02.18	01:33:03.623	0.60502				2
2026.02.18	01:33:04.875	0.60501				2
2026.02.18	01:33:08.390	0.60502	0.60504			6
2026.02.18	01:33:09.998		0.60503			4
2026.02.18	01:33:10.314	0.60501				2
2026.02.18	01:33:11.602		0.60502			4
2026.02.18	01:33:16.618	0.60500				2
2026.02.18	01:33:21.738	0.60501				2
2026.02.18	01:33:22.694	0.60500				2
2026.02.18	01:33:25.253	0.60501				2
2026.02.18	01:33:25.600	0.60500				2
2026.02.18	01:33:26.252	0.60501				2
2026.02.18	01:33:29.369	0.60505	0.60506			6
2026.02.18	01:33:29.977	0.60504				2
2026.02.18	01:33:33.742	0.60502	0.60504			6
2026.02.18	01:33:34.081	0.60503	0.60505			6
2026.02.18	01:33:39.551	0.60502	0.60504			6
2026.02.18	01:33:44.543	0.60503	0.60505			6
2026.02.18	01:33:46.231	0.60504	0.60506			6
2026.02.18	01:33:59.120		0.60505			4
2026.02.18	01:33:59.470	0.60503				2
2026.02.18	01:34:00.124	0.60502	0.60503			6
2026.02.18	01:34:00.426	0.60500	0.60502			6
2026.02.18	01:34:01.249	0.60501	0.60503			6
2026.02.18	01:34:01.576	0.60500	0.60502			6
2026.02.18	01:34:06.245		0.60501			4
2026.02.18	01:34:07.548		0.60502			4
2026.02.18	01:34:08.200	0.60501	0.60503			6
2026.02.18	01:34:08.503	0.60502	0.60504			6
2026.02.18	01:34:09.153	0.60501	0.60503			6
2026.02.18	01:34:17.835	0.60502				2
2026.02.18	01:34:18.791		0.60504			4
2026.02.18	01:34:22.005	0.60501	0.60503			6
2026.02.18	01:34:24.398	0.60502				2
2026.02.18	01:34:24.710	0.60501				2
2026.02.18	01:34:25.794	0.60502				2
2026.02.18	01:34:27.728	0.60501				2
2026.02.18	01:34:34.801	0.60502	0.60504			6
2026.02.18	01:34:38.315	0.60501	0.60503			6
2026.02.18	01:34:45.306	0.60499	0.60501			6
2026.02.18	01:35:00.135	0.60499				2
2026.02.18	01:35:06.052		0.60500			4
2026.02.18	01:35:06.356	0.60496	0.60498			6
2026.02.18	01:35:18.309	0.60497	0.60499			6
2026.02.18	01:35:18.660	0.60496	0.60498			6
2026.02.18	01:35:23.530		0.60497			4
2026.02.18	01:35:27.697	0.60495				2
2026.02.18	01:35:31.210	0.60496				2
2026.02.18	01:35:37.332	0.60498	0.60499			6
2026.02.18	01:35:37.635		0.60500			4
2026.02.18	01:35:38.588	0.60499	0.60501			6
2026.02.18	01:35:46.014	0.60503	0.60504			6
2026.02.18	01:35:46.341		0.60506			4
2026.02.18	01:35:46.666	0.60502	0.60505			6
2026.02.18	01:35:55.447	0.60498	0.60500			6
2026.02.18	01:35:57.400		0.60501			4
2026.02.18	01:36:00.008	0.60498				2
2026.02.18	01:36:03.526		0.60502			4
2026.02.18	01:36:05.133	0.60499	0.60503			6
2026.02.18	01:36:13.659		0.60502			4
2026.02.18	01:36:13.965	0.60497	0.60501			6
2026.02.18	01:36:14.312	0.60498	0.60502			6
2026.02.18	01:36:23.298		0.60501			4
2026.02.18	01:36:24.600	0.60499	0.60502			6
2026.02.18	01:36:51.104	0.60498	0.60501			6
2026.02.18	01:36:54.619	0.60497	0.60500			6
2026.02.18	01:37:00.089	0.60497				2
2026.02.18	01:37:04.241	0.60498	0.60501			6
2026.02.18	01:37:09.064	0.60499	0.60502			6
2026.02.18	01:37:37.161		0.60501			4
2026.02.18	01:37:40.582	0.60500	0.60502			6
2026.02.18	01:37:49.667	0.60499	0.60501			6
2026.02.18	01:37:56.873	0.60502	0.60504			6
2026.02.18	01:38:00.016	0.60502				2
2026.02.18	01:38:04.052	0.60503	0.60505			6
2026.02.18	01:38:04.357	0.60501	0.60503			6
2026.02.18	01:38:04.661	0.60500	0.60502			6
2026.02.18	01:38:07.215	0.60501	0.60503			6
2026.02.18	01:38:07.522	0.60500	0.60502			6
2026.02.18	01:38:27.907	0.60499	0.60501			6
2026.02.18	01:38:28.236	0.60497	0.60499			6
2026.02.18	01:38:53.485	0.60498	0.60500			6
2026.02.18	01:38:55.966	0.60499	0.60501			6
2026.02.18	01:39:00.106	0.60499				2
2026.02.18	01:39:04.921	0.60498	0.60500			6
2026.02.18	01:39:18.761	0.60499				2
2026.02.18	01:39:19.410	0.60498				2
2026.02.18	01:39:25.134		0.60499			4
2026.02.18	01:39:33.559	0.60497				2
2026.02.18	01:39:48.057	0.60498	0.60500			6
2026.02.18	01:39:52.869	0.60499				2
2026.02.18	01:39:56.280	0.60498	0.60499			6
2026.02.18	01:39:56.599	0.60499	0.60500			6
2026.02.18	01:39:57.555	0.60498				2
2026.02.18	01:39:59.188		0.60499			4
2026.02.18	01:39:59.492	0.60497				2
2026.02.18	01:40:00.142	0.60495	0.60497			6
2026.02.18	01:40:00.491	0.60496				2
2026.02.18	01:40:01.096	0.60495				2
2026.02.18	01:40:01.747	0.60497	0.60499			6
2026.02.18	01:40:02.052	0.60499	0.60500			6
2026.02.18	01:40:03.925	0.60498				2
2026.02.18	01:40:06.260	0.60499				2
2026.02.18	01:40:11.526	0.60498				2
2026.02.18	01:40:14.081	0.60499				2
2026.02.18	01:40:16.287	0.60500	0.60502			6
2026.02.18	01:40:16.619	0.60502	0.60503			6
2026.02.18	01:40:17.248	0.60501				2
2026.02.18	01:40:28.866	0.60502				2
2026.02.18	01:40:38.573	0.60503	0.60504			6
2026.02.18	01:40:39.554	0.60502				2
2026.02.18	01:40:39.902	0.60503				2
2026.02.18	01:40:41.762	0.60502				2
2026.02.18	01:40:47.230	0.60503				2
2026.02.18	01:40:52.869	0.60502				2
2026.02.18	01:40:59.325	0.60503				2
2026.02.18	01:40:59.629		0.60505			4
2026.02.18	01:41:00.327	0.60503				2
2026.02.18	01:41:00.631		0.60504			4
2026.02.18	01:41:00.950		0.60505			4
2026.02.18	01:41:10.610	0.60506	0.60507			6
2026.02.18	01:41:12.472	0.60504	0.60506			6
2026.02.18	01:41:21.108	0.60505				2
2026.02.18	01:41:21.410	0.60504				2
2026.02.18	01:41:45.843	0.60505				2
2026.02.18	01:41:49.970	0.60504				2
2026.02.18	01:41:55.771	0.60505				2
2026.02.18	01:42:00.151	0.60505				2
2026.02.18	01:42:01.708	0.60504	0.60505			6
2026.02.18	01:42:03.260		0.60506			4
2026.02.18	01:42:03.587	0.60505				2
2026.02.18	01:42:03.890	0.60504				2
2026.02.18	01:42:05.495	0.60505				2
2026.02.18	01:42:12.379	0.60504				2
2026.02.18	01:42:13.665		0.60505			4
2026.02.18	01:42:13.982	0.60503				2
2026.02.18	01:42:15.571	0.60504				2
2026.02.18	01:42:17.147	0.60503				2
2026.02.18	01:42:20.046	0.60504				2
2026.02.18	01:42:20.995	0.60503				2
2026.02.18	01:42:28.824	0.60504				2
2026.02.18	01:42:29.775	0.60503				2
2026.02.18	01:42:30.078	0.60504				2
2026.02.18	01:42:31.937	0.60501	0.60502			6
2026.02.18	01:42:36.669		0.60503			4
2026.02.18	01:42:37.651	0.60502				2
2026.02.18	01:42:41.414	0.60501				2
2026.02.18	01:42:43.019	0.60502				2
2026.02.18	01:42:43.638	0.60501				2
2026.02.18	01:42:43.974	0.60502				2
2026.02.18	01:42:46.146		0.60504			4
2026.02.18	01:42:46.481	0.60504	0.60505			6
2026.02.18	01:42:47.432	0.60503				2
2026.02.18	01:42:48.388	0.60504				2
2026.02.18	01:42:49.962	0.60505	0.60506			6
2026.02.18	01:42:54.028	0.60504	0.60505			6
2026.02.18	01:42:57.781		0.60506			4
2026.02.18	01:42:58.129	0.60505				2
2026.02.18	01:42:59.081	0.60502	0.60503			6
2026.02.18	01:42:59.386	0.60503	0.60504			6
2026.02.18	01:43:00.002	0.60503				2
2026.02.18	01:43:00.332	0.60505	0.60506			6
2026.02.18	01:43:00.635	0.60504	0.60505			6
2026.02.18	01:43:01.253		0.60506			4
2026.02.18	01:43:02.239	0.60503	0.60505			6
2026.02.18	01:43:10.258	0.60504				2
2026.02.18	01:43:11.833	0.60503				2
2026.02.18	01:43:16.981	0.60504	0.60506			6
2026.02.18	01:43:17.330	0.60505				2
2026.02.18	01:43:24.507	0.60504				2
2026.02.18	01:43:30.026	0.60505				2
2026.02.18	01:43:36.597	0.60504				2
2026.02.18	01:43:46.544	0.60505				2
2026.02.18	01:43:46.864	0.60504				2
2026.02.18	01:43:48.501	0.60505				2
2026.02.18	01:43:55.379		0.60507			4
2026.02.18	01:43:56.030		0.60506			4
2026.02.18	01:43:56.957	0.60504				2
2026.02.18	01:44:00.197	0.60504				2
2026.02.18	01:44:02.149	0.60505				2
2026.02.18	01:44:03.074	0.60504				2
2026.02.18	01:44:22.015	0.60506	0.60508			6
2026.02.18	01:44:23.015	0.60505	0.60507			6
2026.02.18	01:44:23.318	0.60504	0.60506			6
2026.02.18	01:44:34.862	0.60505				2
2026.02.18	01:44:37.685	0.60506	0.60507			6
2026.02.18	01:44:37.988	0.60505				2
2026.02.18	01:44:48.357	0.60506				2
2026.02.18	01:44:49.913	0.60496	0.60498			6
2026.02.18	01:44:50.217	0.60497				2
2026.02.18	01:44:50.532		0.60499			4
2026.02.18	01:44:51.211	0.60496	0.60500			6
2026.02.18	01:45:00.245	0.60496				2
2026.02.18	01:45:02.808	0.60495	0.60499			6
2026.02.18	01:45:05.421	0.60496	0.60500			6
2026.02.18	01:45:14.749	0.60495	0.60499			6
2026.02.18	01:45:15.051	0.60496	0.60500			6
2026.02.18	01:45:32.861	0.60498	0.60502			6
2026.02.18	01:45:34.823	0.60499	0.60503			6
2026.02.18	01:45:52.179		0.60502			4
2026.02.18	01:45:56.347	0.60501	0.60504			6
2026.02.18	01:45:56.649	0.60502	0.60505			6
2026.02.18	01:45:56.997	0.60503	0.60506			6
2026.02.18	01:45:58.606	0.60502	0.60505			6
2026.02.18	01:45:59.610	0.60501				2
2026.02.18	01:46:00.260	0.60501				2
2026.02.18	01:46:08.394	0.60499	0.60503			6
2026.02.18	01:46:17.379	0.60500				2
2026.02.18	01:46:17.728	0.60499	0.60502			6
2026.02.18	01:46:19.339	0.60500	0.60503			6
2026.02.18	01:46:20.337	0.60499	0.60502			6
2026.02.18	01:46:37.761	0.60498	0.60501			6
2026.02.18	01:46:38.410	0.60492	0.60495			6
2026.02.18	01:46:38.720	0.60487	0.60490			6
2026.02.18	01:46:39.064	0.60488	0.60491			6
2026.02.18	01:46:43.578	0.60481	0.60484			6
2026.02.18	01:46:43.880	0.60474	0.60478			6
2026.02.18	01:46:46.112	0.60475	0.60479			6
2026.02.18	01:46:53.872	0.60476	0.60480			6
2026.02.18	01:46:54.523	0.60475	0.60479			6
2026.02.18	01:46:55.477	0.60476	0.60480			6
2026.02.18	01:46:59.037	0.60477	0.60481			6
2026.02.18	01:47:00.293	0.60477				2
2026.02.18	01:47:06.414	0.60478				2
2026.02.18	01:47:06.720		0.60482			4
2026.02.18	01:47:08.368	0.60481	0.60485			6
2026.02.18	01:47:08.672	0.60479	0.60483			6
2026.02.18	01:47:22.773	0.60478	0.60482			6
2026.02.18	01:47:31.801	0.60479	0.60483			6
2026.02.18	01:47:45.045	0.60474	0.60478			6
2026.02.18	01:47:46.045		0.60477			4
2026.02.18	01:47:48.700		0.60478			4
2026.02.18	01:48:00.283	0.60474				2
2026.02.18	01:48:02.222	0.60476	0.60480			6
2026.02.18	01:48:02.540	0.60474	0.60478			6
2026.02.18	01:48:04.747		0.60477			4
2026.02.18	01:48:09.372	0.60473				2
2026.02.18	01:48:10.336	0.60477	0.60480			6
2026.02.18	01:48:10.662	0.60476				2
2026.02.18	01:48:10.964	0.60477	0.60481			6
2026.02.18	01:48:11.919	0.60476	0.60480			6
2026.02.18	01:48:12.224	0.60478	0.60482			6
2026.02.18	01:48:44.089		0.60481			4
2026.02.18	01:48:46.405	0.60474	0.60478			6
2026.02.18	01:48:51.913	0.60473	0.60477			6
2026.02.18	01:48:56.431	0.60474				2
2026.02.18	01:48:59.988	0.60475	0.60479			6
2026.02.18	01:49:01.282	0.60475				2
2026.02.18	01:49:02.055	0.60476	0.60480			6
2026.02.18	01:49:04.048	0.60477	0.60481			6
2026.02.18	01:49:04.352	0.60478	0.60482			6
2026.02.18	01:49:09.470	0.60479	0.60483			6
2026.02.18	01:49:18.206	0.60480	0.60484			6
2026.02.18	01:49:18.510	0.60482	0.60486			6
2026.02.18	01:49:24.732	0.60483	0.60487			6
2026.02.18	01:49:28.088	0.60484	0.60488			6
2026.02.18	01:49:29.040	0.60485	0.60489			6
2026.02.18	01:49:31.655		0.60488			4
2026.02.18	01:49:33.609		0.60489			4
2026.02.18	01:49:33.919	0.60486	0.60490			6
2026.02.18	01:49:37.171	0.60487	0.60491			6
2026.02.18	01:49:40.034	0.60489	0.60492			6
2026.02.18	01:49:41.988	0.60490				2
2026.02.18	01:49:42.328		0.60493			4
2026.02.18	01:49:44.548		0.60492			4
2026.02.18	01:49:45.179	0.60489	0.60491			6
2026.02.18	01:49:50.842	0.60488				2
2026.02.18	01:50:00.277	0.60488	0.60492			6
2026.02.18	01:50:00.582		0.60491			4
2026.02.18	01:50:12.900		0.60492			4
2026.02.18	01:50:15.508	0.60487	0.60491			6
2026.02.18	01:50:16.801	0.60486	0.60490			6
2026.02.18	01:50:18.065	0.60484	0.60488			6
2026.02.18	01:50:18.367	0.60482	0.60486			6
2026.02.18	01:50:18.718	0.60481	0.60485			6
2026.02.18	01:50:22.229	0.60479	0.60483			6
2026.02.18	01:50:28.958	0.60478	0.60482			6
2026.02.18	01:50:30.263	0.60479	0.60483			6
2026.02.18	01:50:33.514	0.60478	0.60482			6
2026.02.18	01:50:58.319	0.60476	0.60480			6
2026.02.18	01:50:59.620	0.60477	0.60481			6
2026.02.18	01:51:00.275	0.60477				2
2026.02.18	01:51:33.651	0.60483	0.60485			6
2026.02.18	01:51:33.955		0.60487			4
2026.02.18	01:52:00.149	0.60483				2
2026.02.18	01:52:02.408	0.60484	0.60488			6
2026.02.18	01:52:03.663	0.60483	0.60487			6
2026.02.18	01:52:04.315	0.60478	0.60482			6
2026.02.18	01:52:04.663	0.60477	0.60481			6
2026.02.18	01:52:12.043	0.60476	0.60480			6
2026.02.18	01:52:12.347	0.60475	0.60479			6
2026.02.18	01:52:22.943	0.60476	0.60480			6
2026.02.18	01:52:41.877	0.60477				2
2026.02.18	01:52:46.777		0.60481			4
2026.02.18	01:52:49.736	0.60476	0.60480			6
2026.02.18	01:53:00.325	0.60476				2
2026.02.18	01:53:03.587	0.60475	0.60478			6
2026.02.18	01:53:03.889	0.60473	0.60477			6
2026.02.18	01:53:14.828	0.60475	0.60479			6
2026.02.18	01:53:24.152	0.60473	0.60477			6
2026.02.18	01:53:53.372	0.60474				2
2026.02.18	01:53:56.501	0.60473	0.60476			6
2026.02.18	01:54:00.243	0.60473				2
2026.02.18	01:54:03.360	0.60474	0.60477			6
2026.02.18	01:54:11.162	0.60473	0.60476			6
2026.02.18	01:54:26.465	0.60474	0.60477			6
2026.02.18	01:54:29.269	0.60472	0.60475			6
2026.02.18	01:54:30.203	0.60473	0.60476			6
2026.02.18	01:54:33.939	0.60472	0.60475			6
2026.02.18	01:54:47.167	0.60473				2
2026.02.18	01:54:56.204	0.60470	0.60472			6
2026.02.18	01:54:56.523	0.60471	0.60473			6
2026.02.18	01:55:00.270	0.60471				2
2026.02.18	01:55:01.827	0.60472	0.60474			6
2026.02.18	01:55:10.904	0.60471	0.60473			6
2026.02.18	01:55:17.752	0.60473	0.60475			6
2026.02.18	01:55:18.055	0.60472	0.60474			6
2026.02.18	01:55:21.197	0.60474	0.60476			6
2026.02.18	01:55:23.723	0.60475	0.60477			6
2026.02.18	01:55:30.295	0.60474	0.60476			6
2026.02.18	01:55:59.338	0.60475				2
2026.02.18	01:56:00.293	0.60475				2
2026.02.18	01:56:09.073	0.60474				2
2026.02.18	01:56:09.375	0.60475				2
2026.02.18	01:56:12.486	0.60476	0.60478			6
2026.02.18	01:56:13.442	0.60479	0.60481			6
2026.02.18	01:56:23.080	0.60478	0.60479			6
2026.02.18	01:56:27.465	0.60477				2
2026.02.18	01:56:31.965	0.60478				2
2026.02.18	01:56:33.891	0.60477				2
2026.02.18	01:57:00.317	0.60477				2
2026.02.18	01:57:07.696	0.60479	0.60481			6
2026.02.18	01:57:07.999	0.60478	0.60480			6
2026.02.18	01:57:10.605	0.60476	0.60478			6
2026.02.18	01:57:10.908	0.60475	0.60477			6
2026.02.18	01:57:12.211	0.60474	0.60475			6
2026.02.18	01:57:12.511	0.60473	0.60474			6
2026.02.18	01:57:13.134	0.60472				2
2026.02.18	01:57:30.227	0.60473				2
2026.02.18	01:57:30.545	0.60472				2
2026.02.18	01:57:32.485	0.60473	0.60475			6
2026.02.18	01:57:32.790	0.60474	0.60476			6
2026.02.18	01:57:38.255	0.60475				2
2026.02.18	01:57:40.433	0.60474				2
2026.02.18	01:57:46.539		0.60475			4
2026.02.18	01:57:47.159	0.60475	0.60477			6
2026.02.18	01:57:47.491	0.60476	0.60478			6
2026.02.18	01:57:51.355	0.60478	0.60479			6
2026.02.18	01:57:52.613	0.60479	0.60480			6
2026.02.18	01:57:52.914		0.60481			4
2026.02.18	01:57:53.263	0.60478	0.60480			6
2026.02.18	01:57:53.564	0.60479	0.60481			6
2026.02.18	01:57:54.523	0.60480				2
2026.02.18	01:57:55.141	0.60478	0.60480			6
2026.02.18	01:58:00.293	0.60477	0.60479			6
2026.02.18	01:58:02.505	0.60476	0.60478			6
2026.02.18	01:58:04.109	0.60477	0.60479			6
2026.02.18	01:58:06.676	0.60476	0.60478			6
2026.02.18	01:58:10.235	0.60477	0.60479			6
2026.02.18	01:58:14.404	0.60478	0.60480			6
2026.02.18	01:58:15.709	0.60479	0.60481			6
2026.02.18	01:58:19.920		0.60480			4
2026.02.18	01:58:20.845		0.60481			4
2026.02.18	01:58:21.780	0.60478	0.60480			6
2026.02.18	01:58:24.342	0.60479	0.60481			6
2026.02.18	01:58:39.846	0.60481	0.60482			6
2026.02.18	01:58:40.148	0.60484	0.60485			6
2026.02.18	01:58:41.403	0.60483				2
2026.02.18	01:58:42.356	0.60480	0.60482			6
2026.02.18	01:58:42.658	0.60479	0.60481			6
2026.02.18	01:58:44.311	0.60481	0.60483			6
2026.02.18	01:58:44.616	0.60479	0.60481			6
2026.02.18	01:58:57.862	0.60478	0.60480			6
2026.02.18	01:59:00.115	0.60478				2
2026.02.18	01:59:01.421		0.60479			4
2026.02.18	01:59:01.724	0.60474	0.60476			6
2026.02.18	01:59:14.623	0.60473	0.60475			6
2026.02.18	01:59:15.276	0.60472	0.60474			6
2026.02.18	01:59:19.443	0.60474	0.60476			6
2026.02.18	01:59:30.379	0.60473	0.60475			6
2026.02.18	01:59:30.984	0.60474	0.60476			6
2026.02.18	01:59:39.364	0.60473	0.60475			6
2026.02.18	01:59:45.487	0.60472	0.60474			6
2026.02.18	01:59:47.439	0.60473	0.60475			6
2026.02.18	01:59:48.092	0.60474	0.60476			6
2026.02.18	01:59:59.732	0.60475				2
2026.02.18	02:00:00.050	0.60474				2
2026.02.18	02:00:00.386	0.60475				2
2026.02.18	02:00:00.690	0.60474	0.60475			6
2026.02.18	02:00:01.341	0.60472	0.60474			6
2026.02.18	02:00:01.690	0.60471	0.60473			6
2026.02.18	02:00:04.348	0.60472	0.60474			6
2026.02.18	02:00:07.961	0.60470	0.60472			6
2026.02.18	02:00:08.311	0.60471	0.60473			6
2026.02.18	02:00:12.483	0.60472	0.60474			6
2026.02.18	02:00:13.436	0.60474	0.60476			6
2026.02.18	02:00:14.090		0.60477			4
2026.02.18	02:00:14.442	0.60475	0.60478			6
2026.02.18	02:00:16.104	0.60476				2
2026.02.18	02:00:16.452	0.60477	0.60479			6
2026.02.18	02:00:17.104	0.60478	0.60480			6
2026.02.18	02:00:18.409		0.60481			4
2026.02.18	02:00:19.365		0.60480			4
2026.02.18	02:00:20.623	0.60480	0.60482			6
2026.02.18	02:00:20.975	0.60481	0.60483			6
2026.02.18	02:00:21.277	0.60480				2
2026.02.18	02:00:21.581	0.60481	0.60484			6
2026.02.18	02:00:22.234	0.60482	0.60485			6
2026.02.18	02:00:24.493	0.60483	0.60486			6
2026.02.18	02:00:25.446	0.60482	0.60485			6
2026.02.18	02:00:29.062	0.60484	0.60486			6
2026.02.18	02:00:29.372	0.60485	0.60488			6
2026.02.18	02:00:30.316	0.60486	0.60489			6
2026.02.18	02:00:34.183	0.60489	0.60490			6
2026.02.18	02:00:34.503	0.60491	0.60494			6
2026.02.18	02:00:35.132	0.60492	0.60496			6
2026.02.18	02:00:35.463	0.60493				2
2026.02.18	02:00:36.135		0.60497			4
2026.02.18	02:00:38.046	0.60492	0.60495			6
2026.02.18	02:00:38.349	0.60491				2
2026.02.18	02:00:38.660	0.60492	0.60496			6
2026.02.18	02:00:43.819	0.60491	0.60495			6
2026.02.18	02:00:44.167	0.60492	0.60496			6
2026.02.18	02:00:45.426	0.60496	0.60500			6
2026.02.18	02:00:45.730	0.60497	0.60501			6
2026.02.18	02:00:46.383	0.60496	0.60500			6
2026.02.18	02:00:46.700	0.60495	0.60498			6
2026.02.18	02:00:47.033	0.60494				2
2026.02.18	02:00:52.203	0.60493	0.60497			6
2026.02.18	02:00:53.459	0.60492	0.60496			6
2026.02.18	02:00:54.112	0.60491	0.60494			6
2026.02.18	02:00:54.417	0.60478	0.60482			6
2026.02.18	02:00:54.742	0.60475	0.60476			6
2026.02.18	02:00:55.045	0.60469	0.60473			6
2026.02.18	02:00:55.417	0.60473	0.60476			6
2026.02.18	02:00:55.720		0.60477			4
2026.02.18	02:00:56.675	0.60474	0.60478			6
2026.02.18	02:00:58.889	0.60470	0.60474			6
2026.02.18	02:01:00.139	0.60469	0.60473			6
2026.02.18	02:01:00.486	0.60470				2
2026.02.18	02:01:00.791	0.60471	0.60475			6
2026.02.18	02:01:03.350	0.60472	0.60476			6
2026.02.18	02:01:04.655	0.60473	0.60477			6
2026.02.18	02:01:04.957	0.60474				2
2026.02.18	02:01:05.262	0.60477	0.60481			6
2026.02.18	02:01:06.260	0.60476	0.60480			6
2026.02.18	02:01:09.168	0.60477	0.60481			6
2026.02.18	02:01:14.711	0.60478				2
2026.02.18	02:01:17.300	0.60477				2
2026.02.18	02:01:17.604	0.60478				2
2026.02.18	02:01:17.951	0.60477				2
2026.02.18	02:01:18.256	0.60478	0.60482			6
2026.02.18	02:01:20.164	0.60477	0.60481			6
2026.02.18	02:01:20.479	0.60478	0.60482			6
2026.02.18	02:01:20.814	0.60479				2
2026.02.18	02:01:21.465	0.60478				2
2026.02.18	02:01:27.588	0.60480	0.60484			6
2026.02.18	02:01:27.892	0.60481	0.60485			6
2026.02.18	02:01:28.194	0.60482				2
2026.02.18	02:01:29.195	0.60483	0.60487			6
2026.02.18	02:01:29.851	0.60485	0.60489			6
2026.02.18	02:01:35.017	0.60486	0.60490			6
2026.02.18	02:01:35.322	0.60487				2
2026.02.18	02:01:35.671	0.60486				2
2026.02.18	02:01:35.973	0.60487	0.60491			6
2026.02.18	02:01:36.623	0.60488	0.60492			6
2026.02.18	02:01:36.926	0.60489	0.60493			6
2026.02.18	02:01:37.577	0.60490	0.60494			6
2026.02.18	02:01:46.010	0.60487	0.60491			6
2026.02.18	02:01:46.312	0.60490	0.60493			6
2026.02.18	02:01:50.532	0.60491	0.60495			6
2026.02.18	02:01:50.838	0.60492	0.60496			6
2026.02.18	02:01:51.487	0.60496	0.60500			6
2026.02.18	02:01:58.608	0.60492	0.60496			6
2026.02.18	02:01:59.258	0.60495	0.60498			6
2026.02.18	02:02:00.211	0.60495	0.60499			6
2026.02.18	02:02:00.521	0.60496	0.60500			6
2026.02.18	02:02:01.167	0.60497				2
2026.02.18	02:02:01.822		0.60501			4
2026.02.18	02:02:06.131		0.60500			4
2026.02.18	02:02:06.433	0.60495	0.60499			6
2026.02.18	02:02:07.387	0.60494	0.60498			6
2026.02.18	02:02:08.038	0.60493	0.60497			6
2026.02.18	02:02:08.689	0.60494	0.60498			6
2026.02.18	02:02:08.992	0.60493	0.60497			6
2026.02.18	02:02:10.296	0.60494	0.60498			6
2026.02.18	02:02:13.387	0.60502	0.60505			6
2026.02.18	02:02:13.696	0.60501				2
2026.02.18	02:02:14.011	0.60502				2
2026.02.18	02:02:16.269	0.60501				2
2026.02.18	02:02:18.225	0.60500	0.60501			6
2026.02.18	02:02:18.529	0.60491	0.60494			6
2026.02.18	02:02:19.830		0.60495			4
2026.02.18	02:02:27.309	0.60490	0.60494			6
2026.02.18	02:02:28.613	0.60491	0.60495			6
2026.02.18	02:02:30.217	0.60490	0.60494			6
2026.02.18	02:02:41.762	0.60491				2
2026.02.18	02:02:42.067	0.60490				2
2026.02.18	02:02:48.886	0.60491				2
2026.02.18	02:02:51.749	0.60490				2
2026.02.18	02:03:00.276	0.60490				2
2026.02.18	02:03:00.614	0.60492	0.60496			6
2026.02.18	02:03:04.144	0.60494	0.60498			6
2026.02.18	02:03:04.495	0.60495	0.60499			6
2026.02.18	02:03:08.357	0.60496	0.60500			6
2026.02.18	02:03:10.265	0.60495	0.60499			6
2026.02.18	02:03:11.569	0.60496				2
2026.02.18	02:03:11.878	0.60497	0.60501			6
2026.02.18	02:03:15.384	0.60495	0.60499			6
2026.02.18	02:03:21.202	0.60493	0.60496			6
2026.02.18	02:03:21.521		0.60497			4
2026.02.18	02:03:22.196	0.60492	0.60496			6
2026.02.18	02:03:22.506	0.60493	0.60497			6
2026.02.18	02:03:29.881	0.60492	0.60496			6
2026.02.18	02:03:34.746	0.60493	0.60497			6
2026.02.18	02:03:35.048	0.60492	0.60496			6
2026.02.18	02:03:37.959	0.60493	0.60497			6
2026.02.18	02:03:38.312	0.60494	0.60498			6
2026.02.18	02:03:44.130	0.60493	0.60497			6
2026.02.18	02:03:48.392	0.60492	0.60496			6
2026.02.18	02:03:48.696	0.60490	0.60494			6
2026.02.18	02:03:50.298	0.60491	0.60495			6
2026.02.18	02:03:52.253	0.60490	0.60494			6
2026.02.18	02:03:52.858	0.60491	0.60495			6
2026.02.18	02:03:58.019	0.60493	0.60497			6
2026.02.18	02:04:00.275	0.60493				2
2026.02.18	02:04:00.580	0.60494	0.60498			6
2026.02.18	02:04:00.927	0.60493	0.60497			6
2026.02.18	02:04:02.186	0.60494	0.60498			6
2026.02.18	02:04:03.795	0.60493	0.60497			6
2026.02.18	02:04:12.477	0.60492	0.60496			6
2026.02.18	02:04:12.779	0.60491	0.60495			6
2026.02.18	02:04:18.951	0.60490	0.60494			6
2026.02.18	02:04:20.253	0.60491	0.60495			6
2026.02.18	02:04:22.470	0.60492	0.60496			6
2026.02.18	02:04:22.815	0.60493	0.60497			6
2026.02.18	02:04:36.660		0.60495			4
2026.02.18	02:04:36.963	0.60487	0.60491			6
2026.02.18	02:04:37.962	0.60486	0.60489			6
2026.02.18	02:04:38.265	0.60485	0.60488			6
2026.02.18	02:04:42.126	0.60484				2
2026.02.18	02:04:45.342	0.60486	0.60490			6
2026.02.18	02:04:53.415	0.60488	0.60492			6
2026.02.18	02:04:56.075	0.60487	0.60491			6
2026.02.18	02:04:59.337	0.60488	0.60492			6
2026.02.18	02:05:00.301	0.60492	0.60496			6
2026.02.18	02:05:00.945	0.60498	0.60502			6
2026.02.18	02:05:01.289	0.60497	0.60501			6
2026.02.18	02:05:03.546	0.60502	0.60505			6
2026.02.18	02:05:03.850	0.60501				2
2026.02.18	02:05:04.803	0.60500	0.60504			6
2026.02.18	02:05:06.459	0.60501	0.60505			6
2026.02.18	02:05:11.980	0.60495	0.60499			6
2026.02.18	02:05:12.284	0.60496	0.60500			6
2026.02.18	02:05:29.349	0.60491	0.60495			6
2026.02.18	02:05:29.651	0.60492				2
2026.02.18	02:05:30.653	0.60491				2
2026.02.18	02:05:32.589	0.60492				2
2026.02.18	02:05:35.819	0.60491				2
2026.02.18	02:05:37.578	0.60492				2
2026.02.18	02:05:38.533	0.60491				2
2026.02.18	02:05:38.962	0.60492				2
2026.02.18	02:05:46.056	0.60489	0.60492			6
2026.02.18	02:05:46.360	0.60487	0.60491			6
2026.02.18	02:05:48.618	0.60495	0.60499			6
2026.02.18	02:05:48.922	0.60497	0.60501			6
2026.02.18	02:05:50.225	0.60498				2
2026.02.18	02:05:50.531	0.60499				2
2026.02.18	02:05:53.448	0.60498				2
2026.02.18	02:05:53.794	0.60497				2
2026.02.18	02:05:59.612	0.60496	0.60500			6
2026.02.18	02:06:00.267	0.60496				2
2026.02.18	02:06:01.921	0.60491	0.60495			6
2026.02.18	02:06:02.229	0.60492	0.60496			6
2026.02.18	02:06:05.184	0.60491	0.60495			6
2026.02.18	02:06:10.752	0.60489	0.60493			6
2026.02.18	02:06:12.678	0.60490				2
2026.02.18	02:06:13.660		0.60494			4
2026.02.18	02:06:21.997	0.60486	0.60490			6
2026.02.18	02:06:30.026	0.60484	0.60488			6
2026.02.18	02:06:36.283	0.60485				2
2026.02.18	02:06:38.509	0.60484				2
2026.02.18	02:06:38.810	0.60485				2
2026.02.18	02:06:43.677	0.60484				2
2026.02.18	02:06:49.086	0.60480	0.60484			6
2026.02.18	02:06:54.918	0.60481	0.60485			6
2026.02.18	02:06:55.571	0.60480	0.60484			6
2026.02.18	02:06:57.175	0.60479	0.60483			6
2026.02.18	02:06:57.478	0.60477	0.60480			6
2026.02.18	02:06:57.785	0.60476				2
2026.02.18	02:06:58.128	0.60475	0.60479			6
2026.02.18	02:06:58.478	0.60476	0.60480			6
2026.02.18	02:07:00.081	0.60476				2
2026.02.18	02:07:03.295	0.60474	0.60478			6
2026.02.18	02:07:06.506	0.60475	0.60479			6
2026.02.18	02:07:08.161	0.60474	0.60478			6
2026.02.18	02:07:15.842	0.60473	0.60475			6
2026.02.18	02:07:16.159	0.60472	0.60476			6
2026.02.18	02:07:17.797	0.60473	0.60477			6
2026.02.18	02:07:18.101	0.60472	0.60476			6
2026.02.18	02:07:18.450	0.60473	0.60477			6
2026.02.18	02:07:20.662	0.60474				2
2026.02.18	02:07:20.996	0.60473				2
2026.02.18	02:07:22.269	0.60474				2
2026.02.18	02:07:25.801	0.60476	0.60480			6
2026.02.18	02:07:29.092	0.60475	0.60479			6
2026.02.18	02:07:30.594	0.60476				2
2026.02.18	02:07:31.508		0.60480			4
2026.02.18	02:07:33.808	0.60477	0.60481			6
2026.02.18	02:07:37.019	0.60478	0.60482			6
2026.02.18	02:07:38.275	0.60477	0.60481			6
2026.02.18	02:07:49.567	0.60475	0.60479			6
2026.02.18	02:07:50.219	0.60476	0.60480			6
2026.02.18	02:07:51.521	0.60475	0.60479			6
2026.02.18	02:08:00.252	0.60475				2
2026.02.18	02:08:12.361	0.60477	0.60481			6
2026.02.18	02:08:14.313	0.60478	0.60482			6
2026.02.18	02:08:24.902	0.60477	0.60481			6
2026.02.18	02:08:33.631	0.60476	0.60480			6
2026.02.18	02:08:34.288	0.60475	0.60479			6
2026.02.18	02:08:36.847	0.60476	0.60480			6
2026.02.18	02:08:38.502	0.60477	0.60481			6
2026.02.18	02:08:39.154	0.60478	0.60482			6
2026.02.18	02:08:39.805	0.60477	0.60481			6
2026.02.18	02:08:49.139	0.60478	0.60482			6
2026.02.18	02:08:52.396	0.60477	0.60481			6
2026.02.18	02:08:56.867	0.60478	0.60482			6
2026.02.18	02:08:58.821	0.60477	0.60481			6
2026.02.18	02:08:59.775	0.60478	0.60482			6
2026.02.18	02:09:00.078	0.60477	0.60481			6
2026.02.18	02:09:02.033	0.60478	0.60482			6
2026.02.18	02:09:02.638	0.60477	0.60481			6
2026.02.18	02:09:02.988	0.60479	0.60483			6
2026.02.18	02:09:03.295	0.60478	0.60482			6
2026.02.18	02:09:03.943	0.60479	0.60483			6
2026.02.18	02:09:04.297	0.60480	0.60484			6
2026.02.18	02:09:08.861	0.60479	0.60483			6
2026.02.18	02:09:09.815	0.60480	0.60484			6
2026.02.18	02:09:12.376	0.60479	0.60483			6
2026.02.18	02:09:20.807	0.60480				2
2026.02.18	02:09:21.110	0.60479				2
2026.02.18	02:09:31.750	0.60480				2
2026.02.18	02:09:32.054		0.60484			4
2026.02.18	02:09:44.250	0.60481	0.60485			6
2026.02.18	02:09:44.900	0.60482	0.60486			6
2026.02.18	02:09:50.371		0.60485			4
2026.02.18	02:09:50.677	0.60485	0.60488			6
2026.02.18	02:09:52.231	0.60487	0.60491			6
2026.02.18	02:09:52.579	0.60488	0.60492			6
2026.02.18	02:09:53.837	0.60489				2
2026.02.18	02:09:58.004	0.60490	0.60494			6
2026.02.18	02:09:58.326	0.60491	0.60495			6
2026.02.18	02:09:58.958	0.60492	0.60496			6
2026.02.18	02:10:00.263	0.60491	0.60495			6
2026.02.18	02:10:01.618		0.60494			4
2026.02.18	02:10:01.924		0.60495			4
2026.02.18	02:10:03.223	0.60490	0.60494			6
2026.02.18	02:10:07.087	0.60489	0.60493			6
2026.02.18	02:10:15.214		0.60492			4
2026.02.18	02:10:20.854	0.60490	0.60493			6
2026.02.18	02:10:28.936	0.60486	0.60489			6
2026.02.18	02:10:38.915	0.60487	0.60490			6
2026.02.18	02:10:39.867	0.60486	0.60489			6
2026.02.18	02:10:42.370	0.60487	0.60490			6
2026.02.18	02:10:42.675	0.60486	0.60489			6
2026.02.18	02:10:43.625	0.60487	0.60490			6
2026.02.18	02:10:44.582	0.60485	0.60488			6
2026.02.18	02:10:52.407	0.60486	0.60489			6
2026.02.18	02:10:58.734	0.60485	0.60488			6
2026.02.18	02:11:00.082	0.60485				2
2026.02.18	02:11:12.374	0.60486	0.60489			6
2026.02.18	02:11:12.677	0.60487	0.60490			6
2026.02.18	02:11:13.980	0.60486	0.60489			6
2026.02.18	02:11:17.241	0.60487	0.60490			6
2026.02.18	02:11:19.548	0.60485	0.60488			6
2026.02.18	02:11:20.824	0.60486	0.60489			6
2026.02.18	02:11:21.154	0.60485	0.60488			6
2026.02.18	02:11:28.231	0.60486	0.60489			6
2026.02.18	02:11:28.535	0.60485	0.60488			6
2026.02.18	02:11:38.425	0.60486	0.60489			6
2026.02.18	02:11:41.985	0.60485	0.60488			6
2026.02.18	02:11:51.325	0.60486	0.60489			6
2026.02.18	02:11:55.845	0.60485	0.60488			6
2026.02.18	02:12:00.015	0.60485				2
2026.02.18	02:12:00.325	0.60486				2
2026.02.18	02:12:02.495	0.60487	0.60489			6
2026.02.18	02:12:12.560	0.60486	0.60488			6
2026.02.18	02:12:14.135	0.60487	0.60489			6
2026.02.18	02:12:14.442	0.60486	0.60488			6
2026.02.18	02:12:19.440	0.60487	0.60489			6
2026.02.18	02:12:19.762	0.60486	0.60488			6
2026.02.18	02:12:23.525	0.60487	0.60489			6
2026.02.18	02:12:24.159	0.60488	0.60490			6
2026.02.18	02:12:24.476	0.60487	0.60489			6
2026.02.18	02:12:29.452	0.60486	0.60488			6
2026.02.18	02:12:58.563	0.60487	0.60489			6
2026.02.18	02:12:58.879	0.60488	0.60490			6
2026.02.18	02:13:00.115	0.60488				2
2026.02.18	02:13:06.037	0.60489				2
2026.02.18	02:13:07.318	0.60487	0.60489			6
2026.02.18	02:13:16.069	0.60486	0.60488			6
2026.02.18	02:13:18.864	0.60487	0.60489			6
2026.02.18	02:13:22.896	0.60488	0.60490			6
2026.02.18	02:13:24.158	0.60487	0.60489			6
2026.02.18	02:13:26.038	0.60488	0.60490			6
2026.02.18	02:13:27.290	0.60487	0.60489			6
2026.02.18	02:13:29.472	0.60488	0.60490			6
2026.02.18	02:13:32.913	0.60487	0.60489			6
2026.02.18	02:13:36.426	0.60486	0.60488			6
2026.02.18	02:13:39.036	0.60487	0.60489			6
2026.02.18	02:13:40.291	0.60486	0.60488			6
2026.02.18	02:13:41.245	0.60487	0.60489			6
2026.02.18	02:13:46.404	0.60488	0.60490			6
2026.02.18	02:13:50.578	0.60493	0.60494			6
2026.02.18	02:13:50.882	0.60494	0.60496			6
2026.02.18	02:13:59.560	0.60492	0.60494			6
2026.02.18	02:14:00.215	0.60492				2
2026.02.18	02:14:01.571	0.60491	0.60492			6
2026.02.18	02:14:01.875	0.60486	0.60488			6
2026.02.18	02:14:22.194	0.60487	0.60489			6
2026.02.18	02:14:28.615	0.60488	0.60490			6
2026.02.18	02:14:29.581	0.60487	0.60489			6
2026.02.18	02:14:29.896	0.60488	0.60490			6
2026.02.18	02:14:30.216	0.60487	0.60489			6
2026.02.18	02:14:34.085	0.60488	0.60490			6
2026.02.18	02:14:34.737	0.60487	0.60489			6
2026.02.18	02:14:36.645	0.60488	0.60490			6
2026.02.18	02:14:38.251	0.60487	0.60489			6
2026.02.18	02:14:41.164	0.60486	0.60488			6
2026.02.18	02:15:00.236	0.60486				2
2026.02.18	02:15:01.541	0.60491	0.60493			6
2026.02.18	02:15:02.539	0.60489	0.60490			6
2026.02.18	02:15:02.844	0.60488				2
2026.02.18	02:15:05.802	0.60491	0.60493			6
2026.02.18	02:15:06.106	0.60492	0.60494			6
2026.02.18	02:15:06.408	0.60491	0.60493			6
2026.02.18	02:15:07.060	0.60492	0.60494			6
2026.02.18	02:15:08.668	0.60491	0.60493			6
2026.02.18	02:15:12.224	0.60492	0.60494			6
2026.02.18	02:15:13.880	0.60493	0.60495			6
2026.02.18	02:15:14.183	0.60492	0.60494			6
2026.02.18	02:15:22.211	0.60491	0.60493			6
2026.02.18	02:15:26.074	0.60494	0.60496			6
2026.02.18	02:15:26.380	0.60493	0.60495			6
2026.02.18	02:15:31.849	0.60494				2
2026.02.18	02:15:33.805		0.60496			4
2026.02.18	02:15:34.154	0.60493	0.60495			6
2026.02.18	02:15:34.503	0.60494				2
2026.02.18	02:15:36.110	0.60491	0.60493			6
2026.02.18	02:15:38.669	0.60492	0.60494			6
2026.02.18	02:15:43.534	0.60491	0.60493			6
2026.02.18	02:15:46.145	0.60487	0.60489			6
2026.02.18	02:15:46.448	0.60486	0.60488			6
2026.02.18	02:15:48.402	0.60484	0.60486			6
2026.02.18	02:15:48.713	0.60483	0.60485			6
2026.02.18	02:15:49.052	0.60484	0.60486			6
2026.02.18	02:15:54.171	0.60485	0.60487			6
2026.02.18	02:15:54.473	0.60486	0.60488			6
2026.02.18	02:15:55.479	0.60488	0.60490			6
2026.02.18	02:15:59.396	0.60487	0.60489			6
2026.02.18	02:16:00.049	0.60487				2
2026.02.18	02:16:04.263	0.60486	0.60488			6
2026.02.18	02:16:04.916	0.60485	0.60487			6
2026.02.18	02:16:06.267	0.60486	0.60488			6
2026.02.18	02:16:07.842	0.60487	0.60489			6
2026.02.18	02:16:08.826	0.60488	0.60490			6
2026.02.18	02:16:12.034	0.60487	0.60489			6
2026.02.18	02:16:12.989	0.60488	0.60490			6
2026.02.18	02:16:16.199	0.60487	0.60489			6
2026.02.18	02:16:17.502	0.60488	0.60490			6
2026.02.18	02:16:20.364	0.60487	0.60489			6
2026.02.18	02:16:21.364	0.60488	0.60490			6
2026.02.18	02:16:22.971	0.60487	0.60489			6
2026.02.18	02:16:28.844	0.60488	0.60490			6
2026.02.18	02:16:46.860		0.60489			4
2026.02.18	02:16:55.594	0.60489	0.60491			6
2026.02.18	02:16:55.944	0.60491	0.60493			6
2026.02.18	02:16:56.644	0.60492	0.60494			6
2026.02.18	02:16:58.856	0.60491	0.60493			6
2026.02.18	02:17:00.160	0.60491				2
2026.02.18	02:17:02.423	0.60492	0.60494			6
2026.02.18	02:17:03.122	0.60491	0.60493			6
2026.02.18	02:17:04.776	0.60493	0.60495			6
2026.02.18	02:17:08.790	0.60494	0.60496			6
2026.02.18	02:17:11.351	0.60493	0.60495			6
2026.02.18	02:17:12.956	0.60492	0.60494			6
2026.02.18	02:17:15.171	0.60491	0.60493			6
2026.02.18	02:17:16.168	0.60492	0.60494			6
2026.02.18	02:17:16.516	0.60491	0.60493			6
2026.02.18	02:17:17.470	0.60492	0.60494			6
2026.02.18	02:17:20.076	0.60493	0.60495			6
2026.02.18	02:17:20.378	0.60494				2
2026.02.18	02:17:20.680	0.60493				2
2026.02.18	02:17:21.717	0.60494	0.60496			6
2026.02.18	02:17:23.433	0.60495	0.60497			6
2026.02.18	02:17:25.840	0.60494	0.60496			6
2026.02.18	02:17:28.096	0.60495	0.60497			6
2026.02.18	02:17:29.753	0.60496	0.60498			6
2026.02.18	02:17:36.669	0.60494	0.60496			6
2026.02.18	02:17:43.807	0.60493	0.60495			6
2026.02.18	02:17:49.008	0.60492	0.60494			6
2026.02.18	02:17:49.312	0.60493	0.60495			6
2026.02.18	02:17:52.520	0.60492	0.60494			6
2026.02.18	02:17:52.870	0.60491	0.60493			6
2026.02.18	02:18:00.043	0.60491				2
2026.02.18	02:18:02.446	0.60490	0.60492			6
2026.02.18	02:18:02.798	0.60488	0.60490			6
2026.02.18	02:18:03.839	0.60491	0.60493			6
2026.02.18	02:18:14.232	0.60493	0.60495			6
2026.02.18	02:18:31.133	0.60494				2
2026.02.18	02:18:32.087	0.60493				2
2026.02.18	02:18:37.859	0.60494				2
2026.02.18	02:18:39.415	0.60493				2
2026.02.18	02:18:45.184	0.60492	0.60494			6
2026.02.18	02:18:45.490	0.60493	0.60495			6
2026.02.18	02:18:46.435	0.60492	0.60494			6
2026.02.18	02:18:47.695	0.60490	0.60491			6
2026.02.18	02:18:47.999	0.60488	0.60490			6
2026.02.18	02:18:48.343	0.60487	0.60488			6
2026.02.18	02:18:48.970	0.60486	0.60487			6
2026.02.18	02:18:49.302	0.60485				2
2026.02.18	02:18:52.509	0.60486	0.60488			6
2026.02.18	02:18:52.816	0.60487	0.60489			6
2026.02.18	02:18:58.934	0.60486	0.60488			6
2026.02.18	02:18:59.587	0.60487	0.60489			6
2026.02.18	02:19:00.239	0.60487				2
2026.02.18	02:19:00.940	0.60486	0.60488			6
2026.02.18	02:19:03.504	0.60487	0.60489			6
2026.02.18	02:19:04.458	0.60488	0.60490			6
2026.02.18	02:19:11.283	0.60489				2
2026.02.18	02:19:11.906	0.60492	0.60493			6
2026.02.18	02:19:12.233		0.60494			4
2026.02.18	02:19:14.143	0.60491	0.60493			6
2026.02.18	02:19:14.447	0.60492	0.60494			6
2026.02.18	02:19:15.445	0.60491	0.60493			6
2026.02.18	02:19:17.019	0.60493	0.60495			6
2026.02.18	02:19:18.623	0.60492	0.60494			6
2026.02.18	02:19:18.960	0.60491	0.60493			6
2026.02.18	02:19:20.263	0.60490	0.60492			6
2026.02.18	02:19:20.566	0.60491	0.60493			6
2026.02.18	02:19:21.217	0.60490	0.60492			6
2026.02.18	02:19:23.428	0.60491	0.60493			6
2026.02.18	02:19:24.081	0.60490	0.60492			6
2026.02.18	02:19:24.732	0.60491	0.60493			6
2026.02.18	02:19:25.687	0.60490	0.60492			6
2026.02.18	02:19:31.801	0.60489	0.60491			6
2026.02.18	02:19:35.663	0.60488	0.60490			6
2026.02.18	02:19:40.132	0.60486	0.60488			6
2026.02.18	02:19:40.480	0.60487	0.60489			6
2026.02.18	02:19:41.434		0.60488			4
2026.02.18	02:19:41.737		0.60489			4
2026.02.18	02:19:44.296	0.60486	0.60488			6
2026.02.18	02:19:44.949	0.60489	0.60491			6
2026.02.18	02:19:45.279	0.60487	0.60489			6
2026.02.18	02:19:48.813	0.60488	0.60490			6
2026.02.18	02:19:49.116	0.60487	0.60489			6
2026.02.18	02:19:55.242	0.60488				2
2026.02.18	02:19:55.860	0.60487	0.60488			6
2026.02.18	02:20:00.211	0.60487				2
2026.02.18	02:20:01.765	0.60486				2
2026.02.18	02:20:09.491		0.60487			4
2026.02.18	02:20:14.809	0.60485				2
2026.02.18	02:20:15.766	0.60483	0.60485			6
2026.02.18	02:20:18.068	0.60484				2
2026.02.18	02:20:23.494	0.60483				2
2026.02.18	02:20:27.107	0.60482	0.60483			6
2026.02.18	02:20:28.676		0.60484			4
2026.02.18	02:20:29.360	0.60481	0.60483			6
2026.02.18	02:20:30.314	0.60480	0.60482			6
2026.02.18	02:20:33.627	0.60482	0.60484			6
2026.02.18	02:20:33.931	0.60484	0.60485			6
2026.02.18	02:20:38.314	0.60483				2
2026.02.18	02:20:42.813	0.60482	0.60484			6
2026.02.18	02:20:48.981	0.60481	0.60483			6
2026.02.18	02:20:49.283	0.60480	0.60482			6
2026.02.18	02:20:49.631	0.60479	0.60480			6
2026.02.18	02:20:49.935	0.60475	0.60477			6
2026.02.18	02:20:50.586		0.60476			4
2026.02.18	02:20:51.210		0.60477			4
2026.02.18	02:21:00.215	0.60475				2
2026.02.18	02:21:00.562	0.60481	0.60483			6
2026.02.18	02:21:10.801	0.60482	0.60484			6
2026.02.18	02:21:18.828	0.60481	0.60483			6
2026.02.18	02:21:22.988	0.60482	0.60484			6
2026.02.18	02:21:24.594	0.60477	0.60479			6
2026.02.18	02:21:25.594	0.60481	0.60483			6
2026.02.18	02:21:31.665		0.60482			4
2026.02.18	02:21:36.181	0.60479	0.60481			6
2026.02.18	02:21:37.411	0.60478	0.60480			6
2026.02.18	02:21:37.720	0.60479				2
2026.02.18	02:21:38.039	0.60478				2
2026.02.18	02:21:38.994	0.60477	0.60478			6
2026.02.18	02:21:39.307		0.60479			4
2026.02.18	02:21:39.943	0.60478	0.60480			6
2026.02.18	02:21:40.896	0.60479	0.60481			6
2026.02.18	02:21:43.759	0.60481	0.60483			6
2026.02.18	02:21:44.410	0.60482	0.60484			6
2026.02.18	02:21:48.275	0.60481	0.60483			6
2026.02.18	02:21:51.791	0.60482	0.60484			6
2026.02.18	02:22:00.215	0.60482				2
2026.02.18	02:22:02.776	0.60483	0.60485			6
2026.02.18	02:22:03.734	0.60482	0.60484			6
2026.02.18	02:22:12.160	0.60483	0.60485			6
2026.02.18	02:22:17.278	0.60482	0.60484			6
2026.02.18	02:22:18.234	0.60485	0.60487			6
2026.02.18	02:22:18.567	0.60487	0.60489			6
2026.02.18	02:22:20.795	0.60483	0.60484			6
2026.02.18	02:22:21.112	0.60482				2
2026.02.18	02:22:22.703	0.60481	0.60483			6
2026.02.18	02:22:27.171	0.60483	0.60485			6
2026.02.18	02:22:33.690	0.60484	0.60486			6
2026.02.18	02:22:33.994	0.60485	0.60487			6
2026.02.18	02:22:34.296	0.60486	0.60488			6
2026.02.18	02:22:39.478	0.60484	0.60486			6
2026.02.18	02:22:43.981	0.60483	0.60485			6
2026.02.18	02:22:48.498	0.60482	0.60484			6
2026.02.18	02:22:48.802	0.60481	0.60483			6
2026.02.18	02:22:50.107	0.60480	0.60482			6
2026.02.18	02:22:50.758		0.60481			4
2026.02.18	02:22:53.366		0.60482			4
2026.02.18	02:22:55.579		0.60481			4
2026.02.18	02:23:00.092	0.60480				2
2026.02.18	02:23:01.701	0.60477	0.60479			6
2026.02.18	02:23:02.049	0.60476	0.60478			6
2026.02.18	02:23:14.947	0.60477	0.60479			6
2026.02.18	02:23:15.902	0.60476				2
2026.02.18	02:23:16.553	0.60475	0.60478			6
2026.02.18	02:23:17.858	0.60476				2
2026.02.18	02:23:18.465	0.60477	0.60479			6
2026.02.18	02:23:19.117	0.60476	0.60478			6
2026.02.18	02:23:20.469	0.60477	0.60479			6
2026.02.18	02:23:22.074	0.60476	0.60478			6
2026.02.18	02:23:24.633	0.60477	0.60479			6
2026.02.18	02:23:25.588	0.60476	0.60478			6
2026.02.18	02:23:30.756	0.60477	0.60479			6
2026.02.18	02:23:33.014	0.60476	0.60478			6
2026.02.18	02:23:36.529	0.60474	0.60476			6
2026.02.18	02:23:46.262	0.60473	0.60475			6
2026.02.18	02:23:49.125	0.60474	0.60476			6
2026.02.18	02:23:57.295		0.60475			4
2026.02.18	02:23:57.900		0.60476			4
2026.02.18	02:24:00.205	0.60474				2
2026.02.18	02:24:01.489	0.60476	0.60478			6
2026.02.18	02:24:09.944	0.60472	0.60473			6
2026.02.18	02:24:10.291	0.60471				2
2026.02.18	02:24:16.064	0.60472	0.60474			6
2026.02.18	02:24:21.186	0.60471	0.60473			6
2026.02.18	02:24:25.094	0.60470	0.60471			6
2026.02.18	02:24:26.052	0.60469				2
2026.02.18	02:24:26.701	0.60471	0.60473			6
2026.02.18	02:24:27.700	0.60472				2
2026.02.18	02:24:28.360	0.60471				2
2026.02.18	02:24:29.356	0.60472	0.60474			6
2026.02.18	02:24:34.924	0.60471	0.60473			6
2026.02.18	02:24:37.485	0.60470	0.60472			6
2026.02.18	02:24:38.742	0.60471	0.60473			6
2026.02.18	02:24:45.164		0.60472			4
2026.02.18	02:24:45.483		0.60473			4
2026.02.18	02:24:45.817	0.60470	0.60472			6
2026.02.18	02:24:46.167	0.60471	0.60473			6
2026.02.18	02:24:46.519	0.60470	0.60472			6
2026.02.18	02:24:47.474	0.60471	0.60473			6
2026.02.18	02:24:56.505	0.60470	0.60472			6
2026.02.18	02:24:57.504	0.60471	0.60473			6
2026.02.18	02:24:59.415	0.60470	0.60472			6
2026.02.18	02:24:59.717	0.60469	0.60471			6
2026.02.18	02:25:00.027	0.60471	0.60472			6
2026.02.18	02:25:00.671	0.60472	0.60473			6
2026.02.18	02:25:01.296	0.60471	0.60472			6
2026.02.18	02:25:01.928	0.60470				2
2026.02.18	02:25:02.577		0.60471			4
2026.02.18	02:25:02.880	0.60468	0.60470			6
2026.02.18	02:25:03.879		0.60469			4
2026.02.18	02:25:04.185	0.60461	0.60463			6
2026.02.18	02:25:09.003	0.60459	0.60461			6
2026.02.18	02:25:09.306	0.60460	0.60462			6
2026.02.18	02:25:09.653	0.60461	0.60463			6
2026.02.18	02:25:10.305	0.60462	0.60464			6
2026.02.18	02:25:11.913	0.60464	0.60465			6
2026.02.18	02:25:12.224	0.60465	0.60468			6
2026.02.18	02:25:16.434		0.60467			4
2026.02.18	02:25:17.732		0.60466			4
2026.02.18	02:25:18.037	0.60464				2
2026.02.18	02:25:20.647	0.60463	0.60465			6
2026.02.18	02:25:24.860	0.60461	0.60463			6
2026.02.18	02:25:31.987	0.60462	0.60464			6
2026.02.18	02:25:33.896	0.60463	0.60465			6
2026.02.18	02:25:34.546	0.60464				2
2026.02.18	02:25:36.205	0.60463				2
2026.02.18	02:25:38.864	0.60462	0.60464			6
2026.02.18	02:25:39.212	0.60461	0.60463			6
2026.02.18	02:25:42.727	0.60463	0.60465			6
2026.02.18	02:25:43.029	0.60464				2
2026.02.18	02:25:43.379	0.60462				2
2026.02.18	02:25:46.891	0.60463	0.60466			6
2026.02.18	02:25:47.197	0.60462	0.60465			6
2026.02.18	02:25:50.723	0.60461	0.60464			6
2026.02.18	02:25:53.667	0.60462	0.60465			6
2026.02.18	02:25:53.971	0.60463	0.60466			6
2026.02.18	02:25:54.923	0.60462	0.60465			6
2026.02.18	02:25:55.272	0.60463	0.60466			6
2026.02.18	02:25:55.880	0.60462	0.60465			6
2026.02.18	02:25:58.136	0.60463				2
2026.02.18	02:26:00.091	0.60464	0.60466			6
2026.02.18	02:26:01.396	0.60465	0.60467			6
2026.02.18	02:26:01.745	0.60464	0.60466			6
2026.02.18	02:26:02.699	0.60465	0.60467			6
2026.02.18	02:26:03.352	0.60464	0.60466			6
2026.02.18	02:26:11.031	0.60465				2
2026.02.18	02:26:11.378		0.60467			4
2026.02.18	02:26:28.190	0.60466	0.60468			6
2026.02.18	02:26:39.731	0.60467	0.60469			6
2026.02.18	02:26:40.034	0.60468	0.60470			6
2026.02.18	02:26:42.293	0.60467	0.60469			6
2026.02.18	02:26:45.204	0.60466	0.60468			6
2026.02.18	02:26:50.374	0.60467				2
2026.02.18	02:26:50.723	0.60466				2
2026.02.18	02:26:56.497	0.60465	0.60467			6
2026.02.18	02:26:57.754		0.60466			4
2026.02.18	02:27:00.010	0.60465				2
2026.02.18	02:27:00.311		0.60467			4
2026.02.18	02:27:00.634	0.60472	0.60474			6
2026.02.18	02:27:02.264	0.60471				2
2026.02.18	02:27:02.919	0.60473	0.60475			6
2026.02.18	02:27:03.223	0.60474				2
2026.02.18	02:27:04.176	0.60473				2
2026.02.18	02:27:05.175		0.60476			4
2026.02.18	02:27:05.478	0.60474	0.60477			6
2026.02.18	02:27:09.342	0.60473	0.60475			6
2026.02.18	02:27:11.602	0.60472				2
2026.02.18	02:27:25.107	0.60473				2
2026.02.18	02:27:40.408	0.60472	0.60474			6
2026.02.18	02:27:40.712	0.60473	0.60475			6
2026.02.18	02:27:45.349	0.60474	0.60476			6
2026.02.18	02:27:47.237	0.60473	0.60475			6
2026.02.18	02:27:50.397	0.60474	0.60476			6
2026.02.18	02:27:50.700	0.60473	0.60475			6
2026.02.18	02:27:55.212	0.60474	0.60476			6
2026.02.18	02:28:00.028	0.60474				2
2026.02.18	02:28:00.332	0.60473	0.60475			6
2026.02.18	02:28:00.682	0.60472	0.60474			6
2026.02.18	02:28:06.203	0.60471	0.60473			6
2026.02.18	02:28:12.029	0.60472	0.60474			6
2026.02.18	02:28:30.148	0.60474	0.60475			6
2026.02.18	02:28:30.752		0.60476			4
2026.02.18	02:28:31.102		0.60475			4
2026.02.18	02:28:31.708	0.60476	0.60478			6
2026.02.18	02:28:33.965	0.60477				2
2026.02.18	02:28:34.617	0.60476				2
2026.02.18	02:28:44.554		0.60477			4
2026.02.18	02:28:55.543	0.60475	0.60476			6
2026.02.18	02:29:00.058	0.60475				2
2026.02.18	02:29:05.995	0.60477	0.60479			6
2026.02.18	02:29:06.322	0.60478				2
2026.02.18	02:29:08.182	0.60477				2
2026.02.18	02:29:14.253	0.60480	0.60481			6
2026.02.18	02:29:14.572	0.60479				2
2026.02.18	02:29:15.254	0.60478	0.60480			6
2026.02.18	02:29:18.464	0.60479				2
2026.02.18	02:29:19.689	0.60478				2
2026.02.18	02:29:25.441	0.60479				2
2026.02.18	02:29:25.757	0.60480	0.60481			6
2026.02.18	02:29:26.063	0.60479				2
2026.02.18	02:29:30.205	0.60478	0.60480			6
2026.02.18	02:29:31.819	0.60480	0.60482			6
2026.02.18	02:29:35.402	0.60475	0.60477			6
2026.02.18	02:29:35.724	0.60476	0.60478			6
2026.02.18	02:29:45.409	0.60475	0.60477			6
2026.02.18	02:29:50.576	0.60476	0.60478			6
2026.02.18	02:29:52.486	0.60477				2
2026.02.18	02:29:52.789	0.60476				2
2026.02.18	02:29:53.136	0.60477	0.60479			6
2026.02.18	02:29:54.442	0.60475	0.60477			6
2026.02.18	02:29:54.791	0.60476	0.60478			6
2026.02.18	02:29:55.092	0.60477				2
2026.02.18	02:29:55.442	0.60475	0.60477			6
2026.02.18	02:29:56.398	0.60476	0.60478			6
2026.02.18	02:29:59.059	0.60473	0.60474			6
2026.02.18	02:29:59.363	0.60465	0.60467			6
2026.02.18	02:29:59.712	0.60466	0.60468			6
2026.02.18	02:30:00.015	0.60466				2
2026.02.18	02:30:00.362	0.60468	0.60472			6
2026.02.18	02:30:01.014	0.60469	0.60473			6
2026.02.18	02:30:01.317	0.60470	0.60474			6
2026.02.18	02:30:01.619	0.60466	0.60470			6
2026.02.18	02:30:02.921	0.60468	0.60472			6
2026.02.18	02:30:07.785	0.60469	0.60473			6
2026.02.18	02:30:09.137	0.60468	0.60472			6
2026.02.18	02:30:11.343	0.60469	0.60473			6
2026.02.18	02:30:12.946	0.60468	0.60472			6
2026.02.18	02:30:17.858	0.60470				2
2026.02.18	02:30:21.168		0.60471			4
2026.02.18	02:30:31.794	0.60469	0.60472			6
2026.02.18	02:30:33.703	0.60468	0.60471			6
2026.02.18	02:30:35.052	0.60469	0.60472			6
2026.02.18	02:30:35.703	0.60474	0.60475			6
2026.02.18	02:30:36.008	0.60480	0.60483			6
2026.02.18	02:30:36.313	0.60479				2
2026.02.18	02:30:36.652	0.60480				2
2026.02.18	02:30:38.265	0.60479				2
2026.02.18	02:30:38.612	0.60480				2
2026.02.18	02:30:41.817	0.60479				2
2026.02.18	02:30:51.520	0.60477	0.60481			6
2026.02.18	02:30:51.860	0.60478				2
2026.02.18	02:30:53.773	0.60479				2
2026.02.18	02:30:54.078	0.60478				2
2026.02.18	02:30:57.385		0.60480			4
2026.02.18	02:30:59.637	0.60479				2
2026.02.18	02:31:00.251	0.60479				2
2026.02.18	02:31:00.598	0.60478				2
2026.02.18	02:31:01.552		0.60481			4
2026.02.18	02:31:03.184	0.60479	0.60482			6
2026.02.18	02:31:03.497	0.60481	0.60485			6
2026.02.18	02:31:28.934	0.60480	0.60484			6
2026.02.18	02:31:34.098	0.60482				2
2026.02.18	02:31:34.401	0.60479	0.60483			6
2026.02.18	02:31:38.263	0.60480	0.60484			6
2026.02.18	02:31:39.869	0.60481				2
2026.02.18	02:31:40.171	0.60480				2
2026.02.18	02:31:45.946	0.60482	0.60486			6
2026.02.18	02:31:49.505	0.60481	0.60485			6
2026.02.18	02:31:55.322		0.60484			4
2026.02.18	02:31:55.627	0.60482	0.60485			6
2026.02.18	02:31:58.835		0.60486			4
2026.02.18	02:31:59.185	0.60481	0.60485			6
2026.02.18	02:32:00.138	0.60481				2
2026.02.18	02:32:05.007	0.60483	0.60487			6
2026.02.18	02:32:05.353	0.60484				2
2026.02.18	02:32:05.658		0.60488			4
2026.02.18	02:32:07.918		0.60487			4
2026.02.18	02:32:08.569		0.60488			4
2026.02.18	02:32:09.428	0.60482	0.60485			6
2026.02.18	02:32:10.119		0.60486			4
2026.02.18	02:32:15.295	0.60481	0.60485			6
2026.02.18	02:32:20.722	0.60482	0.60486			6
2026.02.18	02:32:21.725	0.60481	0.60485			6
2026.02.18	02:32:22.030	0.60482	0.60486			6
2026.02.18	02:32:23.027	0.60481	0.60485			6
2026.02.18	02:32:25.893	0.60482	0.60486			6
2026.02.18	02:32:26.241	0.60481	0.60485			6
2026.02.18	02:32:26.846		0.60484			4
2026.02.18	02:32:30.058	0.60480				2
2026.02.18	02:32:30.362	0.60479	0.60482			6
2026.02.18	02:32:34.574		0.60483			4
2026.02.18	02:32:46.814	0.60478	0.60482			6
2026.02.18	02:32:49.073	0.60479	0.60483			6
2026.02.18	02:32:54.292	0.60480	0.60484			6
2026.02.18	02:32:57.709	0.60481	0.60485			6
2026.02.18	02:33:00.267	0.60481				2
2026.02.18	02:33:00.619	0.60482	0.60486			6
2026.02.18	02:33:01.658		0.60485			4
2026.02.18	02:33:01.970		0.60486			4
2026.02.18	02:33:04.231		0.60485			4
2026.02.18	02:33:06.745	0.60481	0.60484			6
2026.02.18	02:33:07.668	0.60483	0.60486			6
2026.02.18	02:33:08.001	0.60481	0.60484			6
2026.02.18	02:33:09.256	0.60479	0.60482			6
2026.02.18	02:33:13.643	0.60480				2
2026.02.18	02:33:13.973	0.60479	0.60481			6
2026.02.18	02:33:16.784		0.60482			4
2026.02.18	02:33:17.088	0.60480				2
2026.02.18	02:33:17.392	0.60479	0.60481			6
2026.02.18	02:33:17.711		0.60482			4
2026.02.18	02:33:21.481	0.60480	0.60483			6
2026.02.18	02:33:23.032	0.60479	0.60482			6
2026.02.18	02:33:25.568	0.60480	0.60483			6
2026.02.18	02:33:25.889		0.60482			4
2026.02.18	02:33:26.217	0.60479				2
2026.02.18	02:33:29.632	0.60480	0.60483			6
2026.02.18	02:33:30.335	0.60479	0.60482			6
2026.02.18	02:33:31.259	0.60480	0.60483			6
2026.02.18	02:33:31.590	0.60479	0.60482			6
2026.02.18	02:33:33.766	0.60480	0.60483			6
2026.02.18	02:33:35.374	0.60481				2
2026.02.18	02:33:35.706	0.60480				2
2026.02.18	02:33:37.913	0.60479	0.60482			6
2026.02.18	02:33:45.598	0.60480				2
2026.02.18	02:33:47.509	0.60479				2
2026.02.18	02:33:49.461	0.60480				2
2026.02.18	02:33:50.418		0.60483			4
2026.02.18	02:33:50.916		0.60482			4
2026.02.18	02:33:52.523	0.60479				2
2026.02.18	02:34:00.249	0.60479				2
2026.02.18	02:34:01.202	0.60480				2
2026.02.18	02:34:06.493	0.60478	0.60480			6
2026.02.18	02:34:07.747	0.60479	0.60481			6
2026.02.18	02:34:09.302	0.60478	0.60480			6
2026.02.18	02:34:10.238	0.60473	0.60475			6
2026.02.18	02:34:10.540	0.60471	0.60473			6
2026.02.18	02:34:11.162	0.60470	0.60474			6
2026.02.18	02:34:11.505	0.60467	0.60471			6
2026.02.18	02:34:14.151	0.60468	0.60470			6
2026.02.18	02:34:14.455	0.60465	0.60468			6
2026.02.18	02:34:16.637	0.60467	0.60469			6
2026.02.18	02:34:17.516		0.60470			4
2026.02.18	02:34:18.182	0.60468	0.60471			6
2026.02.18	02:34:19.032	0.60469	0.60473			6
2026.02.18	02:34:19.982	0.60466	0.60469			6
2026.02.18	02:34:20.297	0.60464	0.60468			6
2026.02.18	02:34:21.283	0.60465	0.60469			6
2026.02.18	02:34:22.937	0.60462	0.60465			6
2026.02.18	02:34:27.671	0.60463	0.60466			6
2026.02.18	02:34:28.046	0.60465	0.60467			6
2026.02.18	02:34:28.352		0.60468			4
2026.02.18	02:34:30.322	0.60464				2
2026.02.18	02:34:34.122	0.60465				2
2026.02.18	02:34:35.294	0.60464				2
2026.02.18	02:34:37.412	0.60467	0.60470			6
2026.02.18	02:34:38.393	0.60466	0.60468			6
2026.02.18	02:34:38.711	0.60467	0.60470			6
2026.02.18	02:34:40.012		0.60471			4
2026.02.18	02:34:40.449		0.60470			4
2026.02.18	02:34:41.056		0.60471			4
2026.02.18	02:34:50.325	0.60468	0.60472			6
2026.02.18	02:34:50.626	0.60467	0.60471			6
2026.02.18	02:34:50.931	0.60468				2
2026.02.18	02:34:53.870	0.60467				2
2026.02.18	02:34:54.628	0.60468				2
2026.02.18	02:34:56.203	0.60465	0.60468			6
2026.02.18	02:34:58.631	0.60461	0.60465			6
2026.02.18	02:34:59.658	0.60463	0.60467			6
2026.02.18	02:34:59.963		0.60466			4
2026.02.18	02:35:00.265	0.60463				2
2026.02.18	02:35:00.591		0.60467			4
2026.02.18	02:35:01.267		0.60466			4
2026.02.18	02:35:10.297	0.60461	0.60465			6
2026.02.18	02:35:11.257	0.60464	0.60468			6
2026.02.18	02:35:11.718	0.60465				2
2026.02.18	02:35:12.038	0.60464				2
2026.02.18	02:35:12.680	0.60465				2
2026.02.18	02:35:17.243	0.60466	0.60469			6
2026.02.18	02:35:17.557	0.60465				2
2026.02.18	02:35:22.487		0.60468			4
2026.02.18	02:35:24.929	0.60466	0.60470			6
2026.02.18	02:35:26.667	0.60465	0.60468			6
2026.02.18	02:35:27.006	0.60464				2
2026.02.18	02:35:27.314	0.60461	0.60465			6
2026.02.18	02:35:27.922	0.60462				2
2026.02.18	02:35:31.394	0.60463				2
2026.02.18	02:35:31.699		0.60466			4
2026.02.18	02:35:33.811	0.60462				2
2026.02.18	02:35:34.595	0.60463				2
2026.02.18	02:35:34.930	0.60462				2
2026.02.18	02:35:35.241	0.60463				2
2026.02.18	02:35:40.152		0.60467			4
2026.02.18	02:35:40.890	0.60464				2
2026.02.18	02:35:43.169	0.60465	0.60468			6
2026.02.18	02:35:43.797		0.60469			4
2026.02.18	02:35:44.300		0.60468			4
2026.02.18	02:35:44.926	0.60464				2
2026.02.18	02:35:50.729	0.60466	0.60469			6
2026.02.18	02:35:53.094		0.60470			4
2026.02.18	02:35:54.273		0.60469			4
2026.02.18	02:35:55.871	0.60468	0.60471			6
2026.02.18	02:35:56.547	0.60467				2
2026.02.18	02:35:59.893	0.60466	0.60470			6
2026.02.18	02:36:00.407	0.60467				2
2026.02.18	02:36:01.690	0.60466				2
2026.02.18	02:36:05.066	0.60464	0.60467			6
2026.02.18	02:36:14.602	0.60461	0.60465			6
2026.02.18	02:36:15.395	0.60462	0.60466			6
2026.02.18	02:36:15.698	0.60461	0.60465			6
2026.02.18	02:36:27.844	0.60462	0.60466			6
2026.02.18	02:36:29.797	0.60461	0.60465			6
2026.02.18	02:36:34.217		0.60464			4
2026.02.18	02:36:40.764	0.60452	0.60455			6
2026.02.18	02:36:41.394		0.60456			4
2026.02.18	02:36:42.695	0.60450	0.60454			6
2026.02.18	02:36:43.146		0.60453			4
2026.02.18	02:36:44.102		0.60454			4
2026.02.18	02:36:48.571	0.60451	0.60455			6
2026.02.18	02:36:53.087	0.60449	0.60453			6
2026.02.18	02:37:00.161	0.60449				2
2026.02.18	02:37:00.464	0.60451	0.60454			6
2026.02.18	02:37:00.766	0.60452	0.60456			6
2026.02.18	02:37:01.417	0.60451	0.60455			6
2026.02.18	02:37:01.767	0.60452	0.60456			6
2026.02.18	02:37:24.857		0.60453			4
2026.02.18	02:37:25.165	0.60449				2
2026.02.18	02:37:32.184	0.60452				2
2026.02.18	02:37:32.488		0.60455			4
2026.02.18	02:37:33.187		0.60456			4
2026.02.18	02:37:35.049		0.60455			4
2026.02.18	02:37:36.652	0.60453				2
2026.02.18	02:37:37.004	0.60452	0.60456			6
2026.02.18	02:37:37.305		0.60455			4
2026.02.18	02:37:37.610		0.60456			4
2026.02.18	02:37:40.667	0.60451	0.60455			6
2026.02.18	02:37:41.319	0.60452	0.60456			6
2026.02.18	02:37:42.273	0.60451	0.60455			6
2026.02.18	02:37:54.651	0.60452				2
2026.02.18	02:37:57.858	0.60451				2
2026.02.18	02:37:58.856	0.60454	0.60457			6
2026.02.18	02:37:59.163	0.60455	0.60459			6
2026.02.18	02:37:59.506	0.60456	0.60460			6
2026.02.18	02:38:00.113	0.60454	0.60457			6
2026.02.18	02:38:01.064		0.60458			4
2026.02.18	02:38:01.714		0.60457			4
2026.02.18	02:38:03.671	0.60452	0.60456			6
2026.02.18	02:38:06.841	0.60454				2
2026.02.18	02:38:11.982	0.60453	0.60455			6
2026.02.18	02:38:12.392	0.60452				2
2026.02.18	02:38:15.639	0.60455	0.60459			6
2026.02.18	02:38:18.188	0.60457	0.60461			6
2026.02.18	02:38:21.197	0.60455	0.60459			6
2026.02.18	02:38:21.500		0.60458			4
2026.02.18	02:38:21.803		0.60459			4
2026.02.18	02:38:22.453		0.60458			4
2026.02.18	02:38:26.620	0.60453	0.60457			6
2026.02.18	02:38:29.526	0.60454				2
2026.02.18	02:38:31.831	0.60453	0.60456			6
2026.02.18	02:38:41.091	0.60454	0.60457			6
2026.02.18	02:38:42.373	0.60455	0.60458			6
2026.02.18	02:38:54.539	0.60456				2
2026.02.18	02:38:55.426		0.60457			4
2026.02.18	02:38:59.797	0.60455				2
2026.02.18	02:39:00.112	0.60455				2
2026.02.18	02:39:00.443	0.60454	0.60456			6
2026.02.18	02:39:01.051	0.60460	0.60463			6
2026.02.18	02:39:01.365	0.60462	0.60464			6
2026.02.18	02:39:02.003	0.60461				2
2026.02.18	02:39:02.321	0.60460				2
2026.02.18	02:39:29.399	0.60461				2
2026.02.18	02:39:29.703	0.60460				2
2026.02.18	02:39:44.858	0.60461				2
2026.02.18	02:40:00.289	0.60461				2
2026.02.18	02:40:01.536		0.60464			4
2026.02.18	02:40:19.013	0.60460	0.60463			6
2026.02.18	02:40:19.960	0.60459	0.60462			6
2026.02.18	02:40:23.102	0.60457	0.60458			6
2026.02.18	02:40:23.405	0.60453	0.60456			6
2026.02.18	02:40:24.025	0.60454				2
2026.02.18	02:40:30.370	0.60456	0.60459			6
2026.02.18	02:40:30.683	0.60457				2
2026.02.18	02:40:31.303	0.60458	0.60461			6
2026.02.18	02:40:35.703	0.60456	0.60458			6
2026.02.18	02:40:36.010	0.60455				2
2026.02.18	02:40:39.827	0.60456	0.60460			6
2026.02.18	02:40:41.107	0.60454	0.60457			6
2026.02.18	02:40:41.411	0.60453				2
2026.02.18	02:40:43.283	0.60454				2
2026.02.18	02:40:57.440	0.60456				2
2026.02.18	02:40:57.760	0.60457	0.60460			6
2026.02.18	02:40:59.697		0.60459			4
2026.02.18	02:41:00.349	0.60457	0.60460			6
2026.02.18	02:41:01.000	0.60456				2
2026.02.18	02:41:01.304		0.60459			4
2026.02.18	02:41:01.955	0.60457				2
2026.02.18	02:41:06.826		0.60460			4
2026.02.18	02:41:08.432		0.60459			4
2026.02.18	02:41:09.684		0.60460			4
2026.02.18	02:41:09.985		0.60459			4
2026.02.18	02:41:11.238	0.60458				2
2026.02.18	02:41:12.464	0.60457				2
2026.02.18	02:41:13.446	0.60458				2
2026.02.18	02:41:17.510	0.60456				2
2026.02.18	02:41:26.291	0.60457	0.60460			6
2026.02.18	02:41:26.603	0.60458				2
2026.02.18	02:41:34.515	0.60460	0.60462			6
2026.02.18	02:41:34.832	0.60459	0.60461			6
2026.02.18	02:41:35.168	0.60458				2
2026.02.18	02:41:36.472		0.60460			4
2026.02.18	02:41:40.682	0.60459				2
2026.02.18	02:41:41.031		0.60461			4
2026.02.18	02:41:48.400	0.60460				2
2026.02.18	02:41:49.021	0.60459				2
2026.02.18	02:41:56.173	0.60458	0.60460			6
2026.02.18	02:41:56.490	0.60459	0.60461			6
2026.02.18	02:41:58.046	0.60458	0.60460			6
2026.02.18	02:42:00.206	0.60458				2
2026.02.18	02:42:02.693	0.60459	0.60461			6
2026.02.18	02:42:03.644	0.60458	0.60460			6
2026.02.18	02:42:13.288	0.60457	0.60459			6
2026.02.18	02:42:14.526	0.60458				2
2026.02.18	02:42:15.148	0.60457	0.60458			6
2026.02.18	02:42:17.006	0.60454	0.60455			6
2026.02.18	02:42:17.338		0.60456			4
2026.02.18	02:42:18.591	0.60453	0.60455			6
2026.02.18	02:42:21.067	0.60454	0.60456			6
2026.02.18	02:42:27.012	0.60453	0.60455			6
2026.02.18	02:42:27.316	0.60454				2
2026.02.18	02:42:30.131		0.60456			4
2026.02.18	02:43:00.104	0.60454				2
2026.02.18	02:43:30.141		0.60456			4
2026.02.18	02:43:51.636	0.60453	0.60455			6
2026.02.18	02:43:55.847	0.60454				2
2026.02.18	02:43:57.103	0.60453				2
2026.02.18	02:43:57.451	0.60454				2
2026.02.18	02:44:00.229	0.60454				2
2026.02.18	02:44:02.723	0.60453	0.60454			6
2026.02.18	02:44:03.026	0.60452	0.60453			6
2026.02.18	02:44:03.461	0.60455	0.60457			6
2026.02.18	02:44:05.376	0.60456				2
2026.02.18	02:44:05.983	0.60455	0.60456			6
2026.02.18	02:44:06.301	0.60454				2
2026.02.18	02:44:09.194	0.60455				2
2026.02.18	02:44:09.513	0.60454				2
2026.02.18	02:44:11.453	0.60453	0.60455			6
2026.02.18	02:44:15.620	0.60454				2
2026.02.18	02:44:16.569	0.60453				2
2026.02.18	02:44:20.737	0.60454	0.60456			6
2026.02.18	02:44:21.343	0.60453	0.60455			6
2026.02.18	02:44:21.994	0.60454	0.60456			6
2026.02.18	02:44:22.644	0.60453	0.60455			6
2026.02.18	02:44:24.250	0.60454	0.60456			6
2026.02.18	02:44:24.551	0.60453	0.60455			6
2026.02.18	02:44:30.415	0.60454				2
2026.02.18	02:44:31.670	0.60453				2
2026.02.18	02:44:31.982	0.60454	0.60456			6
2026.02.18	02:44:32.672	0.60453	0.60455			6
2026.02.18	02:44:35.584	0.60454	0.60456			6
2026.02.18	02:44:36.886	0.60453	0.60455			6
2026.02.18	02:44:44.923		0.60454			4
2026.02.18	02:44:48.990	0.60454	0.60455			6
2026.02.18	02:44:49.293	0.60453				2
2026.02.18	02:44:50.294	0.60454				2
2026.02.18	02:44:51.852		0.60456			4
2026.02.18	02:44:52.457	0.60453	0.60455			6
2026.02.18	02:44:54.714	0.60454	0.60456			6
2026.02.18	02:44:55.019	0.60453	0.60455			6
2026.02.18	02:44:57.922	0.60454	0.60456			6
2026.02.18	02:44:58.573		0.60455			4
2026.02.18	02:45:00.149	0.60454				2
2026.02.18	02:45:00.783	0.60452	0.60454			6
2026.02.18	02:45:01.132	0.60453	0.60455			6
2026.02.18	02:45:02.091	0.60452	0.60454			6
2026.02.18	02:45:06.441	0.60454	0.60455			6
2026.02.18	02:45:07.363	0.60453				2
2026.02.18	02:45:07.697	0.60454				2
2026.02.18	02:45:10.827		0.60456			4
2026.02.18	02:45:11.153	0.60453	0.60455			6
2026.02.18	02:45:12.408	0.60454	0.60456			6
2026.02.18	02:45:13.708	0.60453	0.60455			6
2026.02.18	02:45:15.313	0.60454	0.60456			6
2026.02.18	02:45:15.615	0.60456	0.60458			6
2026.02.18	02:45:15.921	0.60457	0.60459			6
2026.02.18	02:45:18.878	0.60456	0.60458			6
2026.02.18	02:45:19.231	0.60455	0.60457			6
2026.02.18	02:45:19.540	0.60453	0.60455			6
2026.02.18	02:45:19.879	0.60454				2
2026.02.18	02:45:21.132	0.60453				2
2026.02.18	02:45:24.036	0.60454				2
2026.02.18	02:45:24.647	0.60453				2
2026.02.18	02:45:30.457	0.60454	0.60456			6
2026.02.18	02:45:31.714	0.60453	0.60455			6
2026.02.18	02:45:33.317	0.60454				2
2026.02.18	02:45:35.826	0.60453				2
2026.02.18	02:45:36.129	0.60454	0.60456			6
2026.02.18	02:45:36.477		0.60455			4
2026.02.18	02:45:36.780	0.60452	0.60454			6
2026.02.18	02:45:41.947	0.60453	0.60455			6
2026.02.18	02:45:42.598	0.60454				2
2026.02.18	02:45:43.857	0.60453				2
2026.02.18	02:45:48.423	0.60452	0.60454			6
2026.02.18	02:45:55.158	0.60453	0.60455			6
2026.02.18	02:45:56.759	0.60454				2
2026.02.18	02:45:58.628	0.60453	0.60454			6
2026.02.18	02:46:00.185	0.60453				2
2026.02.18	02:46:00.819		0.60455			4
2026.02.18	02:46:07.598	0.60454				2
2026.02.18	02:46:08.550		0.60456			4
2026.02.18	02:46:09.502	0.60462	0.60464			6
2026.02.18	02:46:09.818	0.60463				2
2026.02.18	02:46:10.124	0.60462				2
2026.02.18	02:46:11.456	0.60461	0.60462			6
2026.02.18	02:46:11.759	0.60459	0.60461			6
2026.02.18	02:46:23.494	0.60458	0.60460			6
2026.02.18	02:46:23.798	0.60459				2
2026.02.18	02:46:24.417		0.60461			4
2026.02.18	02:46:24.737		0.60460			4
2026.02.18	02:46:26.577	0.60458				2
2026.02.18	02:46:27.859	0.60459				2
2026.02.18	02:46:29.733	0.60460	0.60461			6
2026.02.18	02:46:36.389	0.60459				2
2026.02.18	02:46:36.738	0.60460				2
2026.02.18	02:46:39.247	0.60461	0.60463			6
2026.02.18	02:46:39.596	0.60462	0.60464			6
2026.02.18	02:46:40.552	0.60463				2
2026.02.18	02:46:41.172	0.60464	0.60465			6
2026.02.18	02:46:46.491	0.60463				2
2026.02.18	02:46:47.123	0.60464	0.60466			6
2026.02.18	02:47:00.069	0.60464				2
2026.02.18	02:47:00.722	0.60465				2
2026.02.18	02:47:03.550	0.60463	0.60465			6
2026.02.18	02:47:04.185	0.60464	0.60466			6
2026.02.18	02:47:05.187	0.60463	0.60465			6
2026.02.18	02:47:06.797		0.60464			4
2026.02.18	02:47:07.117	0.60464	0.60465			6
2026.02.18	02:47:07.767	0.60463	0.60464			6
2026.02.18	02:47:08.070	0.60464	0.60465			6
