<DATE>	<TIME>	<BID>	<ASK>	<LAST>	<VOLUME>	<FLAGS>
2026.05.27	00:03:30.881	0.58355	0.58379			6
2026.05.27	00:04:00.070	0.58355				2
2026.05.27	00:04:31.084		0.58379			4
2026.05.27	00:05:00.003	0.58355				2
2026.05.27	00:05:02.413	0.58354				2
2026.05.27	00:05:06.018	0.58355				2
2026.05.27	00:05:06.619	0.58354				2
2026.05.27	00:05:07.219	0.58355				2
2026.05.27	00:05:07.519	0.58353				2
2026.05.27	00:05:14.146	0.58354				2
2026.05.27	00:05:31.295		0.58379			4
2026.05.27	00:06:00.180	0.58354				2
2026.05.27	00:06:10.709	0.58353				2
2026.05.27	00:06:14.918	0.58354				2
2026.05.27	00:06:15.519	0.58353				2
2026.05.27	00:06:31.469		0.58379			4
2026.05.27	00:06:31.769	0.58355				2
2026.05.27	00:06:32.371	0.58354				2
2026.05.27	00:06:32.671	0.58353				2
2026.05.27	00:06:53.730	0.58355				2
2026.05.27	00:06:54.641	0.58353				2
2026.05.27	00:06:55.243	0.58355				2
2026.05.27	00:06:55.846	0.58353				2
2026.05.27	00:07:00.062	0.58353				2
2026.05.27	00:07:31.668		0.58379			4
2026.05.27	00:08:00.272	0.58353				2
2026.05.27	00:08:31.888		0.58379			4
2026.05.27	00:08:48.753		0.58369			4
2026.05.27	00:08:49.053	0.58361	0.58379			6
2026.05.27	00:08:49.354	0.58353	0.58369			6
2026.05.27	00:08:49.654	0.58361	0.58379			6
2026.05.27	00:08:49.955	0.58353	0.58369			6
2026.05.27	00:08:50.257	0.58361	0.58379			6
2026.05.27	00:08:50.557	0.58353	0.58369			6
2026.05.27	00:08:50.864	0.58361	0.58379			6
2026.05.27	00:08:51.159	0.58353	0.58369			6
2026.05.27	00:08:51.462	0.58361	0.58379			6
2026.05.27	00:08:51.759	0.58353	0.58369			6
2026.05.27	00:08:52.065	0.58361	0.58379			6
2026.05.27	00:08:52.360	0.58353				2
2026.05.27	00:09:00.181	0.58353				2
2026.05.27	00:09:52.254		0.58379			4
2026.05.27	00:10:00.082	0.58353				2
2026.05.27	00:10:00.682	0.58354				2
2026.05.27	00:10:01.284	0.58355				2
2026.05.27	00:10:13.018	0.58352				2
2026.05.27	00:10:52.442		0.58379			4
2026.05.27	00:10:54.547	0.58353				2
2026.05.27	00:10:55.752	0.58355				2
2026.05.27	00:11:00.272	0.58355				2
2026.05.27	00:11:47.816	0.58353				2
2026.05.27	00:11:51.723	0.58355				2
2026.05.27	00:11:52.627	0.58353	0.58379			6
2026.05.27	00:11:55.344	0.58355				2
2026.05.27	00:11:58.660	0.58353				2
2026.05.27	00:12:00.165	0.58353				2
2026.05.27	00:12:04.073	0.58355				2
2026.05.27	00:12:05.276	0.58353				2
2026.05.27	00:12:10.090	0.58355				2
2026.05.27	00:12:13.398	0.58353				2
2026.05.27	00:12:22.122	0.58354				2
2026.05.27	00:12:22.422	0.58353				2
2026.05.27	00:12:29.643	0.58354				2
2026.05.27	00:12:30.245	0.58353				2
2026.05.27	00:12:34.171	0.58354				2
2026.05.27	00:12:34.772	0.58353				2
2026.05.27	00:12:37.179	0.58354				2
2026.05.27	00:12:37.480	0.58353				2
2026.05.27	00:12:43.194	0.58354				2
2026.05.27	00:12:43.494	0.58353				2
2026.05.27	00:12:52.811		0.58379			4
2026.05.27	00:12:53.416	0.58354				2
2026.05.27	00:12:54.017	0.58353				2
2026.05.27	00:12:58.218	0.58354				2
2026.05.27	00:12:58.519	0.58353				2
2026.05.27	00:13:00.022	0.58353				2
2026.05.27	00:13:52.969		0.58379			4
2026.05.27	00:14:00.177	0.58353				2
2026.05.27	00:14:53.083		0.58379			4
2026.05.27	00:15:00.000	0.58353				2
2026.05.27	00:15:53.266		0.58379			4
2026.05.27	00:16:00.175	0.58353				2
2026.05.27	00:16:28.750		0.58371			4
2026.05.27	00:16:35.616		0.58379			4
2026.05.27	00:17:00.269	0.58353				2
2026.05.27	00:17:11.998	0.58354	0.58381			6
2026.05.27	00:17:25.531	0.58353	0.58379			6
2026.05.27	00:18:00.166	0.58353				2
2026.05.27	00:18:25.721		0.58379			4
2026.05.27	00:19:00.018	0.58353				2
2026.05.27	00:19:25.910		0.58379			4
2026.05.27	00:20:00.215	0.58356	0.58386			6
2026.05.27	00:21:00.092	0.58356				2
2026.05.27	00:21:00.393		0.58386			4
2026.05.27	00:22:00.293	0.58356				2
2026.05.27	00:22:00.593		0.58386			4
2026.05.27	00:23:00.142	0.58356				2
2026.05.27	00:23:00.743		0.58386			4
2026.05.27	00:24:00.017	0.58356				2
2026.05.27	00:24:00.918		0.58386			4
2026.05.27	00:25:00.171	0.58356				2
2026.05.27	00:25:01.072		0.58386			4
2026.05.27	00:26:00.063	0.58356				2
2026.05.27	00:26:01.267		0.58386			4
2026.05.27	00:26:36.183		0.58387			4
2026.05.27	00:26:44.904		0.58392			4
2026.05.27	00:26:47.918		0.58387			4
2026.05.27	00:26:58.133		0.58369			4
2026.05.27	00:26:58.433	0.58361	0.58386			6
2026.05.27	00:26:58.734	0.58356	0.58369			6
2026.05.27	00:26:59.034	0.58361	0.58386			6
2026.05.27	00:26:59.336	0.58356	0.58369			6
2026.05.27	00:26:59.637	0.58361	0.58386			6
2026.05.27	00:26:59.939	0.58356	0.58369			6
2026.05.27	00:27:00.241	0.58356				2
2026.05.27	00:27:00.542	0.58361	0.58386			6
2026.05.27	00:27:00.842	0.58356	0.58369			6
2026.05.27	00:27:01.143	0.58361	0.58386			6
2026.05.27	00:27:01.443	0.58356	0.58369			6
2026.05.27	00:27:01.744	0.58361	0.58386			6
2026.05.27	00:27:02.046	0.58356				2
2026.05.27	00:27:47.178	0.58355				2
2026.05.27	00:28:00.117	0.58355				2
2026.05.27	00:28:01.921		0.58386			4
2026.05.27	00:28:24.492	0.58353				2
2026.05.27	00:28:45.344	0.58357				2
2026.05.27	00:29:00.070	0.58357				2
2026.05.27	00:29:02.173		0.58386			4
2026.05.27	00:30:00.269	0.58357				2
2026.05.27	00:30:00.568	0.58358				2
2026.05.27	00:30:02.370		0.58386			4
2026.05.27	00:30:06.280	0.58353				2
2026.05.27	00:30:38.909	0.58355				2
2026.05.27	00:30:49.761	0.58353	0.58385			6
2026.05.27	00:30:53.670	0.58354	0.58386			6
2026.05.27	00:30:56.975	0.58353				2
2026.05.27	00:31:01.409	0.58353				2
2026.05.27	00:31:03.212	0.58356				2
2026.05.27	00:31:53.763		0.58386			4
2026.05.27	00:31:54.364	0.58353	0.58379			6
2026.05.27	00:31:59.774		0.58382			4
2026.05.27	00:32:00.077	0.58353				2
2026.05.27	00:32:00.981		0.58380			4
2026.05.27	00:32:19.653		0.58385			4
2026.05.27	00:32:19.953		0.58383			4
2026.05.27	00:32:29.877	0.58357	0.58386			6
2026.05.27	00:33:00.290	0.58357				2
2026.05.27	00:33:05.097	0.58358				2
2026.05.27	00:33:05.396		0.58385			4
2026.05.27	00:33:06.300		0.58382			4
2026.05.27	00:33:11.419		0.58385			4
2026.05.27	00:33:27.376	0.58353	0.58386			6
2026.05.27	00:33:28.584	0.58354				2
2026.05.27	00:33:28.886		0.58382			4
2026.05.27	00:33:33.391	0.58355				2
2026.05.27	00:33:34.594	0.58354	0.58385			6
2026.05.27	00:33:34.898		0.58381			4
2026.05.27	00:33:38.505		0.58382			4
2026.05.27	00:33:42.123		0.58383			4
2026.05.27	00:33:42.421	0.58353				2
2026.05.27	00:33:43.023	0.58354				2
2026.05.27	00:33:43.324	0.58353	0.58386			6
2026.05.27	00:33:43.625	0.58355				2
2026.05.27	00:33:52.652	0.58354	0.58385			6
2026.05.27	00:33:52.954		0.58381			4
2026.05.27	00:33:53.860	0.58353				2
2026.05.27	00:33:54.162		0.58379			4
2026.05.27	00:33:54.467		0.58382			4
2026.05.27	00:33:57.773	0.58354				2
2026.05.27	00:33:58.975	0.58356	0.58385			6
2026.05.27	00:34:00.182	0.58356				2
2026.05.27	00:34:22.446		0.58384			4
2026.05.27	00:34:40.209		0.58385			4
2026.05.27	00:35:00.076	0.58356				2
2026.05.27	00:35:00.673	0.58355				2
2026.05.27	00:35:01.575		0.58384			4
2026.05.27	00:35:06.790	0.58356				2
2026.05.27	00:35:07.092		0.58383			4
2026.05.27	00:35:07.393		0.58382			4
2026.05.27	00:35:09.198	0.58355				2
2026.05.27	00:35:11.902	0.58356				2
2026.05.27	00:35:17.019	0.58355	0.58384			6
2026.05.27	00:35:17.622	0.58356	0.58383			6
2026.05.27	00:35:24.511	0.58355				2
2026.05.27	00:35:29.623	0.58357	0.58384			6
2026.05.27	00:35:30.526		0.58383			4
2026.05.27	00:35:37.450	0.58356	0.58381			6
2026.05.27	00:35:43.774	0.58355				2
2026.05.27	00:35:47.682	0.58356	0.58383			6
2026.05.27	00:35:53.910	0.58355	0.58384			6
2026.05.27	00:36:00.214	0.58355				2
2026.05.27	00:36:03.051		0.58383			4
2026.05.27	00:36:03.353		0.58380			4
2026.05.27	00:36:07.869		0.58381			4
2026.05.27	00:36:34.954	0.58354	0.58379			6
2026.05.27	00:36:35.255		0.58378			4
2026.05.27	00:36:36.759	0.58355				2
2026.05.27	00:36:38.261	0.58354				2
2026.05.27	00:36:45.188		0.58379			4
2026.05.27	00:36:45.790		0.58378			4
2026.05.27	00:36:51.508		0.58379			4
2026.05.27	00:36:51.813		0.58380			4
2026.05.27	00:36:52.413	0.58355				2
2026.05.27	00:36:55.717	0.58354				2
2026.05.27	00:36:56.918	0.58355	0.58381			6
2026.05.27	00:36:58.723	0.58354				2
2026.05.27	00:37:00.226	0.58354				2
2026.05.27	00:37:03.536		0.58379			4
2026.05.27	00:37:08.967		0.58378			4
2026.05.27	00:37:17.695		0.58377			4
2026.05.27	00:37:27.926		0.58381			4
2026.05.27	00:37:35.157		0.58377			4
2026.05.27	00:37:36.060		0.58376			4
2026.05.27	00:37:36.964		0.58377			4
2026.05.27	00:37:42.071	0.58353				2
2026.05.27	00:37:42.974		0.58380			4
2026.05.27	00:37:43.276	0.58354				2
2026.05.27	00:37:44.480		0.58377			4
2026.05.27	00:37:46.587	0.58353				2
2026.05.27	00:37:47.790		0.58378			4
2026.05.27	00:37:48.092	0.58354				2
2026.05.27	00:37:52.915		0.58380			4
2026.05.27	00:37:53.215	0.58353				2
2026.05.27	00:37:53.816	0.58354				2
2026.05.27	00:38:00.126	0.58354				2
2026.05.27	00:38:04.043		0.58379			4
2026.05.27	00:38:07.359		0.58381			4
2026.05.27	00:38:07.960		0.58377			4
2026.05.27	00:38:08.864		0.58379			4
2026.05.27	00:38:17.586		0.58380			4
2026.05.27	00:38:18.793		0.58379			4
2026.05.27	00:38:19.093	0.58353	0.58377			6
2026.05.27	00:38:22.399	0.58354	0.58379			6
2026.05.27	00:38:22.699		0.58380			4
2026.05.27	00:38:23.301		0.58378			4
2026.05.27	00:38:25.407	0.58353				2
2026.05.27	00:38:28.718		0.58379			4
2026.05.27	00:38:30.218	0.58354				2
2026.05.27	00:38:36.229	0.58353	0.58378			6
2026.05.27	00:38:36.830	0.58356	0.58382			6
2026.05.27	00:38:38.034	0.58357				2
2026.05.27	00:38:44.009	0.58356				2
2026.05.27	00:38:44.911	0.58357				2
2026.05.27	00:38:45.212	0.58358	0.58381			6
2026.05.27	00:38:46.623	0.58357	0.58382			6
2026.05.27	00:38:49.964	0.58359				2
2026.05.27	00:38:55.983		0.58381			4
2026.05.27	00:38:56.284	0.58358				2
2026.05.27	00:38:56.885	0.58357	0.58382			6
2026.05.27	00:39:00.210	0.58357				2
2026.05.27	00:39:04.625	0.58356				2
2026.05.27	00:39:06.428		0.58381			4
2026.05.27	00:39:06.729	0.58355				2
2026.05.27	00:39:08.241		0.58380			4
2026.05.27	00:39:18.172		0.58381			4
2026.05.27	00:39:32.917		0.58380			4
2026.05.27	00:39:38.024		0.58382			4
2026.05.27	00:39:47.650		0.58381			4
2026.05.27	00:39:59.681	0.58356				2
2026.05.27	00:40:00.281	0.58356				2
2026.05.27	00:40:07.498		0.58383			4
2026.05.27	00:40:08.911	0.58355				2
2026.05.27	00:40:56.438		0.58369			4
2026.05.27	00:40:56.738	0.58361	0.58383			6
2026.05.27	00:40:57.041	0.58355	0.58369			6
2026.05.27	00:40:57.342	0.58361	0.58383			6
2026.05.27	00:40:57.642	0.58355	0.58369			6
2026.05.27	00:40:57.943	0.58361	0.58383			6
2026.05.27	00:40:58.243	0.58355	0.58369			6
2026.05.27	00:40:58.543	0.58361	0.58383			6
2026.05.27	00:40:58.845	0.58355	0.58369			6
2026.05.27	00:40:59.144	0.58361	0.58383			6
2026.05.27	00:40:59.446	0.58355	0.58369			6
2026.05.27	00:40:59.750	0.58361	0.58383			6
2026.05.27	00:41:00.050	0.58355				2
2026.05.27	00:41:10.880	0.58357	0.58382			6
2026.05.27	00:41:18.464	0.58356	0.58383			6
2026.05.27	00:41:18.764	0.58354				2
2026.05.27	00:41:19.364		0.58384			4
2026.05.27	00:41:21.770	0.58355				2
2026.05.27	00:41:22.711	0.58354				2
2026.05.27	00:41:35.042		0.58383			4
2026.05.27	00:41:43.770	0.58355	0.58384			6
2026.05.27	00:41:44.070	0.58354				2
2026.05.27	00:41:49.186	0.58355				2
2026.05.27	00:41:49.551	0.58354				2
2026.05.27	00:42:00.104	0.58354				2
2026.05.27	00:42:13.947		0.58383			4
2026.05.27	00:42:27.182		0.58384			4
2026.05.27	00:42:35.905		0.58383			4
2026.05.27	00:42:56.980	0.58356				2
2026.05.27	00:42:57.281	0.58355	0.58384			6
2026.05.27	00:42:59.011	0.58354				2
2026.05.27	00:43:00.215	0.58354				2
2026.05.27	00:43:06.227	0.58355				2
2026.05.27	00:43:08.442	0.58368				2
2026.05.27	00:43:08.742		0.58385			4
2026.05.27	00:43:17.082		0.58386			4
2026.05.27	00:43:17.684		0.58385			4
2026.05.27	00:43:21.057	0.58357	0.58382			6
2026.05.27	00:43:22.162	0.58356	0.58383			6
2026.05.27	00:43:26.613	0.58355	0.58384			6
2026.05.27	00:43:43.509	0.58356	0.58383			6
2026.05.27	00:43:43.810	0.58355	0.58384			6
2026.05.27	00:43:44.878	0.58354				2
2026.05.27	00:43:48.187	0.58355				2
2026.05.27	00:43:51.116	0.58356				2
2026.05.27	00:44:00.136	0.58356				2
2026.05.27	00:44:44.045		0.58384			4
2026.05.27	00:45:00.297	0.58356				2
2026.05.27	00:45:44.222		0.58384			4
2026.05.27	00:45:55.664		0.58381			4
2026.05.27	00:45:55.968	0.58355				2
2026.05.27	00:45:57.170	0.58354				2
2026.05.27	00:46:02.609	0.58354				2
2026.05.27	00:46:06.060		0.58378			4
2026.05.27	00:46:06.964		0.58379			4
2026.05.27	00:46:11.782		0.58380			4
2026.05.27	00:46:13.282		0.58381			4
2026.05.27	00:46:14.875		0.58379			4
2026.05.27	00:46:18.488		0.58381			4
2026.05.27	00:46:19.993	0.58353				2
2026.05.27	00:46:20.772	0.58354				2
2026.05.27	00:46:21.673	0.58353				2
2026.05.27	00:46:23.782	0.58354				2
2026.05.27	00:46:48.881	0.58356	0.58379			6
2026.05.27	00:46:49.911		0.58380			4
2026.05.27	00:47:00.761	0.58356				2
2026.05.27	00:47:01.062	0.58357	0.58382			6
2026.05.27	00:47:02.511	0.58358				2
2026.05.27	00:47:02.813		0.58387			4
2026.05.27	00:47:04.918		0.58382			4
2026.05.27	00:47:05.518	0.58357				2
2026.05.27	00:47:12.598	0.58358	0.58381			6
2026.05.27	00:47:12.898	0.58360	0.58382			6
2026.05.27	00:47:14.101		0.58383			4
2026.05.27	00:47:17.118	0.58361				2
2026.05.27	00:47:17.418	0.58360				2
2026.05.27	00:47:21.023		0.58382			4
2026.05.27	00:47:21.927	0.58359				2
2026.05.27	00:47:29.157	0.58358				2
2026.05.27	00:47:38.483		0.58383			4
2026.05.27	00:47:45.712		0.58382			4
2026.05.27	00:47:53.236	0.58357				2
2026.05.27	00:47:56.362		0.58383			4
2026.05.27	00:48:00.272	0.58357				2
2026.05.27	00:48:10.798		0.58382			4
2026.05.27	00:48:38.313	0.58360				2
2026.05.27	00:48:38.613	0.58359				2
2026.05.27	00:48:39.214		0.58383			4
2026.05.27	00:48:40.117		0.58382			4
2026.05.27	00:48:47.035	0.58358				2
2026.05.27	00:49:00.275	0.58358				2
2026.05.27	00:49:16.516		0.58383			4
2026.05.27	00:49:17.717		0.58382			4
2026.05.27	00:49:35.168	0.58359				2
2026.05.27	00:49:45.092	0.58358				2
2026.05.27	00:49:46.894		0.58383			4
2026.05.27	00:49:58.921	0.58357				2
2026.05.27	00:49:59.522		0.58382			4
2026.05.27	00:50:02.909	0.58357				2
2026.05.27	00:50:04.712	0.58360				2
2026.05.27	00:50:08.018	0.58359				2
2026.05.27	00:50:15.229	0.58360				2
2026.05.27	00:50:45.004	0.58361	0.58383			6
2026.05.27	00:50:45.304	0.58360				2
2026.05.27	00:50:46.808		0.58382			4
2026.05.27	00:50:56.743	0.58359				2
2026.05.27	00:51:00.058	0.58359				2
2026.05.27	00:51:05.168		0.58383			4
2026.05.27	00:52:00.227	0.58359				2
2026.05.27	00:52:05.352		0.58383			4
2026.05.27	00:52:13.492		0.58382			4
2026.05.27	00:52:31.548	0.58361	0.58383			6
2026.05.27	00:52:44.186	0.58360				2
2026.05.27	00:53:00.138	0.58360				2
2026.05.27	00:53:31.727		0.58383			4
2026.05.27	00:54:00.018	0.58360				2
2026.05.27	00:54:28.612		0.58389			4
2026.05.27	00:54:28.913		0.58392			4
2026.05.27	00:54:30.116	0.58363				2
2026.05.27	00:54:36.729	0.58362				2
2026.05.27	00:54:40.349	0.58364				2
2026.05.27	00:54:43.968	0.58361				2
2026.05.27	00:54:46.971	0.58360	0.58391			6
2026.05.27	00:54:49.239	0.58364				2
2026.05.27	00:54:50.740		0.58393			4
2026.05.27	00:54:51.041	0.58360				2
2026.05.27	00:54:55.253	0.58363				2
2026.05.27	00:54:57.965		0.58388			4
2026.05.27	00:54:58.265	0.58391	0.58497			6
2026.05.27	00:54:58.565	0.58390	0.58490			6
2026.05.27	00:54:58.868	0.58369				2
2026.05.27	00:54:59.168		0.58480			4
2026.05.27	00:55:00.072	0.58369				2
2026.05.27	00:55:03.979	0.58374				2
2026.05.27	00:55:04.879	0.58360				2
2026.05.27	00:55:06.985	0.58359				2
2026.05.27	00:55:13.210	0.58377	0.58398			6
2026.05.27	00:55:14.732	0.58375	0.58395			6
2026.05.27	00:55:15.017	0.58374				2
2026.05.27	00:55:15.616	0.58370	0.58396			6
2026.05.27	00:55:15.916		0.58397			4
2026.05.27	00:55:16.219		0.58398			4
2026.05.27	00:55:16.518		0.58399			4
2026.05.27	00:55:16.819	0.58369				2
2026.05.27	00:55:21.025	0.58372	0.58394			6
2026.05.27	00:55:25.235	0.58374	0.58395			6
2026.05.27	00:55:27.052	0.58375				2
2026.05.27	00:55:28.861	0.58370	0.58396			6
2026.05.27	00:55:29.462		0.58397			4
2026.05.27	00:55:29.763		0.58398			4
2026.05.27	00:55:30.064		0.58399			4
2026.05.27	00:55:31.268	0.58372	0.58394			6
2026.05.27	00:55:37.281	0.58370	0.58397			6
2026.05.27	00:55:37.584		0.58398			4
2026.05.27	00:55:37.883		0.58399			4
2026.05.27	00:55:38.185	0.58369				2
2026.05.27	00:55:45.400	0.58370	0.58396			6
2026.05.27	00:55:45.703		0.58397			4
2026.05.27	00:55:46.004		0.58398			4
2026.05.27	00:55:46.305		0.58399			4
2026.05.27	00:55:46.604	0.58369				2
2026.05.27	00:55:50.219	0.58360	0.58387			6
2026.05.27	00:55:50.522		0.58385			4
2026.05.27	00:55:57.747		0.58387			4
2026.05.27	00:56:00.163	0.58360				2
2026.05.27	00:56:03.471		0.58386			4
2026.05.27	00:56:04.973		0.58385			4
2026.05.27	00:56:13.695		0.58387			4
2026.05.27	00:56:24.820	0.58357				2
2026.05.27	00:56:25.719	0.58368	0.58393			6
2026.05.27	00:56:26.019	0.58357	0.58387			6
2026.05.27	00:56:28.120	0.58356	0.58386			6
2026.05.27	00:56:30.225		0.58384			4
2026.05.27	00:56:31.128		0.58386			4
2026.05.27	00:56:32.329		0.58385			4
2026.05.27	00:56:38.061		0.58387			4
2026.05.27	00:56:38.358	0.58354	0.58383			6
2026.05.27	00:56:40.166	0.58353	0.58382			6
2026.05.27	00:56:40.769	0.58354	0.58383			6
2026.05.27	00:56:43.475	0.58353	0.58382			6
2026.05.27	00:56:45.279		0.58381			4
2026.05.27	00:56:45.582		0.58382			4
2026.05.27	00:56:50.392		0.58383			4
2026.05.27	00:56:50.695		0.58385			4
2026.05.27	00:56:57.607	0.58354	0.58387			6
2026.05.27	00:57:00.023	0.58354				2
2026.05.27	00:57:02.125		0.58390			4
2026.05.27	00:57:03.630		0.58387			4
2026.05.27	00:57:04.531	0.58355				2
2026.05.27	00:57:05.443	0.58354	0.58386			6
2026.05.27	00:57:08.453	0.58355	0.58387			6
2026.05.27	00:57:10.559	0.58354	0.58386			6
2026.05.27	00:57:13.264	0.58356	0.58388			6
2026.05.27	00:57:17.475		0.58390			4
2026.05.27	00:57:17.773	0.58357	0.58389			6
2026.05.27	00:57:23.791	0.58359	0.58390			6
2026.05.27	00:57:24.098	0.58358	0.58389			6
2026.05.27	00:57:26.501	0.58360	0.58388			6
2026.05.27	00:57:26.799	0.58362	0.58392			6
2026.05.27	00:57:27.705	0.58363	0.58393			6
2026.05.27	00:57:34.023	0.58364				2
2026.05.27	00:57:35.527		0.58392			4
2026.05.27	00:57:40.936	0.58366	0.58396			6
2026.05.27	00:57:41.541	0.58365	0.58394			6
2026.05.27	00:57:50.274	0.58364	0.58392			6
2026.05.27	00:57:52.075	0.58367	0.58394			6
2026.05.27	00:57:52.377	0.58368	0.58396			6
2026.05.27	00:57:53.580	0.58369	0.58395			6
2026.05.27	00:57:54.480	0.58370	0.58397			6
2026.05.27	00:57:59.595	0.58371				2
2026.05.27	00:58:00.200	0.58371				2
2026.05.27	00:58:00.498	0.58369	0.58395			6
2026.05.27	00:58:04.408	0.58368	0.58394			6
2026.05.27	00:58:09.221		0.58393			4
2026.05.27	00:58:10.125	0.58367	0.58392			6
2026.05.27	00:58:11.929	0.58370	0.58394			6
2026.05.27	00:58:12.225	0.58367	0.58392			6
2026.05.27	00:58:13.431		0.58394			4
2026.05.27	00:58:13.731	0.58365	0.58392			6
2026.05.27	00:58:17.649	0.58363	0.58395			6
2026.05.27	00:58:22.765		0.58394			4
2026.05.27	00:58:25.170		0.58385			4
2026.05.27	00:58:25.472		0.58384			4
2026.05.27	00:58:25.774		0.58385			4
2026.05.27	00:58:26.072		0.58384			4
2026.05.27	00:58:26.372		0.58386			4
2026.05.27	00:58:32.085		0.58382			4
2026.05.27	00:58:35.685		0.58385			4
2026.05.27	00:58:35.987		0.58387			4
2026.05.27	00:58:36.287		0.58388			4
2026.05.27	00:58:37.489		0.58387			4
2026.05.27	00:58:40.197		0.58385			4
2026.05.27	00:58:40.798		0.58386			4
2026.05.27	00:58:45.602		0.58385			4
2026.05.27	00:58:50.110		0.58388			4
2026.05.27	00:58:52.211		0.58387			4
2026.05.27	00:58:53.716		0.58385			4
2026.05.27	00:58:58.523	0.58358				2
2026.05.27	00:58:59.424		0.58382			4
2026.05.27	00:59:00.027	0.58358	0.58385			6
2026.05.27	00:59:04.846	0.58364	0.58386			6
2026.05.27	00:59:08.161		0.58384			4
2026.05.27	00:59:11.771		0.58386			4
2026.05.27	00:59:12.372	0.58362				2
2026.05.27	00:59:12.972		0.58384			4
2026.05.27	00:59:16.271	0.58356	0.58387			6
2026.05.27	00:59:17.174		0.58386			4
2026.05.27	00:59:18.374		0.58388			4
2026.05.27	00:59:19.877		0.58387			4
2026.05.27	00:59:22.885		0.58386			4
2026.05.27	00:59:23.785		0.58384			4
2026.05.27	00:59:30.101	0.58362				2
2026.05.27	00:59:31.001	0.58355	0.58386			6
2026.05.27	00:59:31.604	0.58351				2
2026.05.27	00:59:31.903	0.58361				2
2026.05.27	00:59:33.108		0.58387			4
2026.05.27	00:59:35.519	0.58360				2
2026.05.27	00:59:36.121		0.58389			4
2026.05.27	00:59:37.623		0.58388			4
2026.05.27	00:59:37.922	0.58358	0.58384			6
2026.05.27	00:59:38.525		0.58387			4
2026.05.27	00:59:41.531	0.58362				2
2026.05.27	00:59:42.131		0.58388			4
2026.05.27	00:59:47.551	0.58361				2
2026.05.27	00:59:51.167		0.58387			4
2026.05.27	00:59:52.371		0.58390			4
2026.05.27	01:00:00.191	0.58361				2
2026.05.27	01:00:00.485	0.58354				2
2026.05.27	01:00:00.788	0.58355				2
2026.05.27	01:00:01.090	0.58354	0.58389			6
2026.05.27	01:00:01.388		0.58384			4
2026.05.27	01:00:01.686	0.58357				2
2026.05.27	01:00:01.985	0.58361	0.58387			6
2026.05.27	01:00:02.283	0.58358	0.58382			6
2026.05.27	01:00:02.585	0.58367	0.58384			6
2026.05.27	01:00:02.888	0.58369	0.58385			6
2026.05.27	01:00:03.188		0.58386			4
2026.05.27	01:00:03.486		0.58385			4
2026.05.27	01:00:03.791	0.58373	0.58387			6
2026.05.27	01:00:04.087	0.58378	0.58388			6
2026.05.27	01:00:04.390	0.58372	0.58386			6
2026.05.27	01:00:04.691	0.58370	0.58387			6
2026.05.27	01:00:04.992	0.58364				2
2026.05.27	01:00:05.292		0.58386			4
2026.05.27	01:00:05.593	0.58374	0.58385			6
2026.05.27	01:00:05.889	0.58376				2
2026.05.27	01:00:06.194	0.58365	0.58384			6
2026.05.27	01:00:06.489	0.58364	0.58386			6
2026.05.27	01:00:06.790	0.58369	0.58384			6
2026.05.27	01:00:07.092	0.58375	0.58385			6
2026.05.27	01:00:07.391	0.58369	0.58384			6
2026.05.27	01:00:07.693	0.58366				2
2026.05.27	01:00:07.991	0.58369	0.58385			6
2026.05.27	01:00:08.292		0.58384			4
2026.05.27	01:00:08.594	0.58365	0.58385			6
2026.05.27	01:00:08.892	0.58366				2
2026.05.27	01:00:09.197	0.58369	0.58383			6
2026.05.27	01:00:09.495	0.58368	0.58386			6
2026.05.27	01:00:09.796		0.58385			4
2026.05.27	01:00:11.597	0.58365				2
2026.05.27	01:00:11.898		0.58383			4
2026.05.27	01:00:12.199	0.58366				2
2026.05.27	01:00:12.498	0.58364	0.58385			6
2026.05.27	01:00:12.797		0.58384			4
2026.05.27	01:00:13.098	0.58365				2
2026.05.27	01:00:13.396	0.58364				2
2026.05.27	01:00:13.695	0.58365	0.58383			6
2026.05.27	01:00:13.997		0.58385			4
2026.05.27	01:00:14.298	0.58364	0.58384			6
2026.05.27	01:00:14.599		0.58383			4
2026.05.27	01:00:14.897		0.58386			4
2026.05.27	01:00:15.204	0.58365	0.58383			6
2026.05.27	01:00:15.501		0.58382			4
2026.05.27	01:00:16.101		0.58383			4
2026.05.27	01:00:16.398	0.58362	0.58386			6
2026.05.27	01:00:16.702		0.58385			4
2026.05.27	01:00:18.199		0.58386			4
2026.05.27	01:00:19.101		0.58385			4
2026.05.27	01:00:20.002		0.58386			4
2026.05.27	01:00:20.603		0.58384			4
2026.05.27	01:00:21.204		0.58386			4
2026.05.27	01:00:22.704		0.58385			4
2026.05.27	01:00:24.509		0.58376			4
2026.05.27	01:00:24.811		0.58384			4
2026.05.27	01:00:26.921	0.58365	0.58382			6
2026.05.27	01:00:32.626	0.58364				2
2026.05.27	01:00:33.225	0.58370	0.58377			6
2026.05.27	01:00:33.525	0.58371	0.58378			6
2026.05.27	01:00:34.726	0.58372	0.58379			6
2026.05.27	01:00:36.230	0.58369	0.58376			6
2026.05.27	01:00:36.531	0.58370	0.58377			6
2026.05.27	01:00:37.731	0.58371	0.58378			6
2026.05.27	01:00:40.140	0.58373	0.58376			6
2026.05.27	01:00:45.251	0.58370	0.58373			6
2026.05.27	01:00:48.557	0.58371	0.58374			6
2026.05.27	01:00:48.855	0.58375	0.58376			6
2026.05.27	01:00:49.157	0.58377	0.58380			6
2026.05.27	01:00:49.454	0.58378	0.58381			6
2026.05.27	01:00:54.566	0.58376	0.58379			6
2026.05.27	01:00:56.068	0.58374	0.58377			6
2026.05.27	01:00:56.670	0.58373	0.58376			6
2026.05.27	01:01:00.277	0.58373				2
2026.05.27	01:01:12.586	0.58379	0.58382			6
2026.05.27	01:01:15.292	0.58378	0.58381			6
2026.05.27	01:01:15.592	0.58377	0.58380			6
2026.05.27	01:01:17.095	0.58378	0.58381			6
2026.05.27	01:01:20.402	0.58377	0.58380			6
2026.05.27	01:01:21.002	0.58373	0.58376			6
2026.05.27	01:01:21.302	0.58372	0.58375			6
2026.05.27	01:01:21.600	0.58369	0.58372			6
2026.05.27	01:01:22.202	0.58368	0.58371			6
2026.05.27	01:01:27.911	0.58372	0.58373			6
2026.05.27	01:01:28.208	0.58374	0.58377			6
2026.05.27	01:01:28.809	0.58375	0.58378			6
2026.05.27	01:01:33.620	0.58376	0.58379			6
2026.05.27	01:01:34.219	0.58378	0.58381			6
2026.05.27	01:01:36.022	0.58377	0.58380			6
2026.05.27	01:01:47.736	0.58378	0.58381			6
2026.05.27	01:01:48.040	0.58377	0.58380			6
2026.05.27	01:01:53.747	0.58378	0.58381			6
2026.05.27	01:01:54.046	0.58377	0.58380			6
2026.05.27	01:01:55.248	0.58378	0.58381			6
2026.05.27	01:02:00.059	0.58378				2
2026.05.27	01:02:02.766	0.58377	0.58380			6
2026.05.27	01:02:06.072	0.58378	0.58381			6
2026.05.27	01:02:10.280		0.58380			4
2026.05.27	01:02:12.081	0.58377	0.58379			6
2026.05.27	01:02:13.283	0.58376				2
2026.05.27	01:02:14.184	0.58377				2
2026.05.27	01:02:18.087	0.58378	0.58380			6
2026.05.27	01:02:29.801	0.58377	0.58379			6
2026.05.27	01:02:32.200	0.58372	0.58374			6
2026.05.27	01:02:32.499	0.58371	0.58373			6
2026.05.27	01:02:33.105		0.58374			4
2026.05.27	01:02:33.402	0.58368	0.58371			6
2026.05.27	01:02:34.005	0.58367	0.58370			6
2026.05.27	01:02:34.306	0.58368	0.58371			6
2026.05.27	01:02:35.813	0.58369	0.58372			6
2026.05.27	01:02:38.816	0.58368	0.58371			6
2026.05.27	01:02:40.920	0.58369	0.58372			6
2026.05.27	01:02:41.519	0.58370	0.58373			6
2026.05.27	01:02:42.722	0.58371	0.58374			6
2026.05.27	01:02:45.127	0.58368	0.58371			6
2026.05.27	01:02:48.429	0.58367	0.58370			6
2026.05.27	01:02:54.745	0.58366	0.58369			6
2026.05.27	01:02:55.647	0.58368	0.58371			6
2026.05.27	01:02:55.946	0.58369	0.58372			6
2026.05.27	01:03:00.165	0.58369				2
2026.05.27	01:03:12.187		0.58371			4
2026.05.27	01:03:13.088	0.58368	0.58370			6
2026.05.27	01:03:14.288	0.58369	0.58371			6
2026.05.27	01:03:14.590	0.58370	0.58372			6
2026.05.27	01:03:15.191	0.58369	0.58371			6
2026.05.27	01:03:16.392	0.58367	0.58369			6
2026.05.27	01:03:19.396	0.58368	0.58370			6
2026.05.27	01:03:30.517	0.58369	0.58371			6
2026.05.27	01:03:31.722	0.58370	0.58372			6
2026.05.27	01:03:45.533	0.58371	0.58373			6
2026.05.27	01:03:53.645	0.58372	0.58374			6
2026.05.27	01:03:53.945	0.58370	0.58372			6
2026.05.27	01:03:56.650	0.58372	0.58374			6
2026.05.27	01:04:00.260	0.58372				2
2026.05.27	01:04:00.564	0.58371	0.58373			6
2026.05.27	01:04:10.767	0.58372	0.58374			6
2026.05.27	01:04:12.873	0.58373	0.58375			6
2026.05.27	01:04:13.173	0.58372	0.58374			6
2026.05.27	01:04:15.276	0.58374	0.58376			6
2026.05.27	01:04:15.574	0.58373	0.58375			6
2026.05.27	01:04:16.178	0.58374	0.58376			6
2026.05.27	01:04:19.780	0.58375	0.58377			6
2026.05.27	01:04:27.594	0.58374	0.58376			6
2026.05.27	01:04:35.702	0.58373	0.58375			6
2026.05.27	01:04:46.224	0.58378	0.58380			6
2026.05.27	01:04:46.524	0.58379	0.58381			6
2026.05.27	01:04:47.125	0.58378				2
2026.05.27	01:04:48.628	0.58377	0.58380			6
2026.05.27	01:04:53.433	0.58376	0.58379			6
2026.05.27	01:04:55.239		0.58378			4
2026.05.27	01:04:57.346	0.58377	0.58379			6
2026.05.27	01:04:57.644	0.58376	0.58378			6
2026.05.27	01:04:58.245		0.58379			4
2026.05.27	01:05:00.055	0.58377	0.58380			6
2026.05.27	01:05:02.756	0.58375	0.58378			6
2026.05.27	01:05:03.657	0.58377	0.58380			6
2026.05.27	01:05:03.959	0.58378	0.58381			6
2026.05.27	01:05:05.167	0.58377	0.58380			6
2026.05.27	01:05:09.977	0.58376	0.58379			6
2026.05.27	01:05:10.275	0.58370	0.58373			6
2026.05.27	01:05:11.474	0.58369	0.58372			6
2026.05.27	01:05:31.901	0.58370	0.58373			6
2026.05.27	01:05:37.010	0.58371	0.58374			6
2026.05.27	01:05:45.117	0.58370	0.58373			6
2026.05.27	01:05:46.020	0.58367	0.58370			6
2026.05.27	01:05:55.032	0.58368	0.58371			6
2026.05.27	01:05:56.232	0.58371	0.58373			6
2026.05.27	01:06:00.149	0.58371				2
2026.05.27	01:06:03.146	0.58367	0.58370			6
2026.05.27	01:06:03.444	0.58369	0.58372			6
2026.05.27	01:06:04.349	0.58370	0.58373			6
2026.05.27	01:06:09.161	0.58368	0.58371			6
2026.05.27	01:06:09.460	0.58369	0.58372			6
2026.05.27	01:06:17.267	0.58370	0.58373			6
2026.05.27	01:06:31.394	0.58367	0.58370			6
2026.05.27	01:06:31.693	0.58368	0.58371			6
2026.05.27	01:06:36.204	0.58372	0.58373			6
2026.05.27	01:06:38.905	0.58371				2
2026.05.27	01:06:44.616	0.58370				2
2026.05.27	01:06:45.817	0.58374	0.58377			6
2026.05.27	01:06:46.120	0.58375				2
2026.05.27	01:06:46.422	0.58374				2
2026.05.27	01:06:47.620	0.58375				2
2026.05.27	01:06:54.826	0.58373	0.58376			6
2026.05.27	01:06:56.027	0.58372	0.58375			6
2026.05.27	01:06:56.327	0.58373	0.58376			6
2026.05.27	01:06:57.229	0.58374	0.58377			6
2026.05.27	01:06:57.529	0.58373	0.58376			6
2026.05.27	01:07:00.242	0.58373				2
2026.05.27	01:07:11.375	0.58374	0.58377			6
2026.05.27	01:07:29.402		0.58376			4
2026.05.27	01:08:00.070	0.58374				2
2026.05.27	01:08:03.974	0.58373	0.58375			6
2026.05.27	01:08:04.575	0.58374	0.58376			6
2026.05.27	01:08:23.803	0.58373	0.58375			6
2026.05.27	01:08:24.407		0.58376			4
2026.05.27	01:08:25.307		0.58375			4
2026.05.27	01:08:33.421	0.58374	0.58376			6
2026.05.27	01:08:34.324	0.58373				2
2026.05.27	01:08:36.423	0.58374				2
2026.05.27	01:08:37.026	0.58373	0.58375			6
2026.05.27	01:08:37.325		0.58376			4
2026.05.27	01:08:37.927	0.58374	0.58377			6
2026.05.27	01:08:45.142		0.58376			4
2026.05.27	01:08:46.342	0.58373	0.58375			6
2026.05.27	01:08:47.245	0.58372				2
2026.05.27	01:08:48.150	0.58368	0.58369			6
2026.05.27	01:08:48.452	0.58366	0.58368			6
2026.05.27	01:08:49.359		0.58367			4
2026.05.27	01:08:50.560	0.58365	0.58366			6
2026.05.27	01:08:51.766	0.58364	0.58365			6
2026.05.27	01:08:52.064		0.58366			4
2026.05.27	01:08:53.868	0.58365				2
2026.05.27	01:08:54.468	0.58364	0.58365			6
2026.05.27	01:08:54.769	0.58363				2
2026.05.27	01:08:55.071		0.58366			4
2026.05.27	01:08:56.874	0.58364				2
2026.05.27	01:09:00.179	0.58364				2
2026.05.27	01:09:03.481	0.58366	0.58367			6
2026.05.27	01:09:07.084	0.58364	0.58365			6
2026.05.27	01:09:17.304	0.58363				2
2026.05.27	01:09:17.604	0.58362				2
2026.05.27	01:09:25.419	0.58365	0.58368			6
2026.05.27	01:09:26.322	0.58366	0.58369			6
2026.05.27	01:09:26.924	0.58365	0.58368			6
2026.05.27	01:09:36.234	0.58364	0.58367			6
2026.05.27	01:09:56.075	0.58365	0.58368			6
2026.05.27	01:09:58.780	0.58364	0.58367			6
2026.05.27	01:09:59.384	0.58365	0.58368			6
2026.05.27	01:09:59.989	0.58364	0.58367			6
2026.05.27	01:10:00.283	0.58364				2
2026.05.27	01:10:00.586	0.58363	0.58366			6
2026.05.27	01:10:05.697	0.58364	0.58367			6
2026.05.27	01:10:06.298	0.58365	0.58368			6
2026.05.27	01:10:12.003	0.58366	0.58369			6
2026.05.27	01:10:12.604	0.58367	0.58370			6
2026.05.27	01:10:14.705	0.58368	0.58371			6
2026.05.27	01:10:18.915	0.58367	0.58370			6
2026.05.27	01:10:27.333	0.58366	0.58369			6
2026.05.27	01:10:35.748	0.58367	0.58370			6
2026.05.27	01:10:44.171	0.58366	0.58369			6
2026.05.27	01:10:45.370	0.58368	0.58371			6
2026.05.27	01:10:46.874	0.58367	0.58370			6
2026.05.27	01:10:52.281	0.58366	0.58369			6
2026.05.27	01:10:55.585	0.58367	0.58370			6
2026.05.27	01:11:00.089	0.58367				2
2026.05.27	01:11:01.285		0.58369			4
2026.05.27	01:11:07.296	0.58368	0.58370			6
2026.05.27	01:11:16.608	0.58367	0.58369			6
2026.05.27	01:11:23.220	0.58366	0.58368			6
2026.05.27	01:11:53.867	0.58368	0.58370			6
2026.05.27	01:11:54.170	0.58367	0.58369			6
2026.05.27	01:12:00.183	0.58367				2
2026.05.27	01:12:18.216	0.58366	0.58368			6
2026.05.27	01:12:24.821	0.58365	0.58367			6
2026.05.27	01:12:25.422	0.58366	0.58368			6
2026.05.27	01:12:26.322	0.58368	0.58370			6
2026.05.27	01:12:26.622	0.58367	0.58369			6
2026.05.27	01:12:27.521	0.58366	0.58368			6
2026.05.27	01:12:28.122		0.58369			4
2026.05.27	01:12:29.021	0.58365	0.58368			6
2026.05.27	01:12:29.322	0.58366				2
2026.05.27	01:12:30.223	0.58365				2
2026.05.27	01:12:31.123	0.58366				2
2026.05.27	01:12:31.424	0.58367	0.58369			6
2026.05.27	01:12:33.824	0.58366	0.58368			6
2026.05.27	01:12:47.059	0.58367	0.58369			6
2026.05.27	01:12:50.365	0.58368	0.58370			6
2026.05.27	01:12:51.265		0.58371			4
2026.05.27	01:12:55.775	0.58366	0.58369			6
2026.05.27	01:12:59.379	0.58371	0.58372			6
2026.05.27	01:13:00.275	0.58371				2
2026.05.27	01:13:18.308	0.58372	0.58373			6
2026.05.27	01:13:25.822	0.58371	0.58372			6
2026.05.27	01:13:36.349	0.58372	0.58373			6
2026.05.27	01:13:37.551	0.58371	0.58372			6
2026.05.27	01:13:38.449	0.58372	0.58373			6
2026.05.27	01:13:42.668	0.58371	0.58372			6
2026.05.27	01:13:48.374	0.58372	0.58373			6
2026.05.27	01:13:53.483	0.58371	0.58372			6
2026.05.27	01:13:58.588	0.58372	0.58373			6
2026.05.27	01:13:59.489	0.58371	0.58372			6
2026.05.27	01:14:00.090	0.58371				2
2026.05.27	01:14:00.692	0.58372	0.58373			6
2026.05.27	01:14:10.621	0.58371	0.58372			6
2026.05.27	01:14:11.222	0.58372	0.58373			6
2026.05.27	01:14:15.426	0.58371	0.58372			6
2026.05.27	01:14:16.024	0.58372	0.58373			6
2026.05.27	01:14:22.932	0.58371	0.58372			6
2026.05.27	01:14:23.233	0.58372	0.58373			6
2026.05.27	01:14:56.896	0.58373	0.58375			6
2026.05.27	01:14:57.194	0.58375	0.58376			6
2026.05.27	01:14:57.496	0.58376	0.58377			6
2026.05.27	01:14:59.300	0.58374	0.58375			6
2026.05.27	01:14:59.601	0.58372	0.58373			6
2026.05.27	01:15:00.201	0.58371	0.58372			6
2026.05.27	01:15:01.101	0.58372	0.58373			6
2026.05.27	01:15:15.225	0.58373	0.58374			6
2026.05.27	01:15:19.740	0.58374	0.58375			6
2026.05.27	01:15:54.921	0.58375	0.58376			6
2026.05.27	01:16:00.036	0.58375				2
2026.05.27	01:16:11.455	0.58373	0.58374			6
2026.05.27	01:16:12.659	0.58374	0.58375			6
2026.05.27	01:16:14.768	0.58373	0.58374			6
2026.05.27	01:16:19.275	0.58372				2
2026.05.27	01:16:24.988	0.58373				2
2026.05.27	01:16:58.344	0.58374	0.58375			6
2026.05.27	01:17:00.151	0.58374				2
2026.05.27	01:17:11.575	0.58372	0.58373			6
2026.05.27	01:18:00.279	0.58372				2
2026.05.27	01:18:11.702		0.58373			4
2026.05.27	01:18:22.822	0.58371	0.58372			6
2026.05.27	01:18:33.651	0.58372	0.58373			6
2026.05.27	01:18:42.072	0.58373	0.58374			6
2026.05.27	01:18:47.777	0.58372	0.58373			6
2026.05.27	01:19:00.105	0.58372				2
2026.05.27	01:19:06.410	0.58371	0.58372			6
2026.05.27	01:19:08.221	0.58372	0.58373			6
2026.05.27	01:19:09.121	0.58371	0.58372			6
2026.05.27	01:19:10.626	0.58369	0.58370			6
2026.05.27	01:19:27.775	0.58368	0.58369			6
2026.05.27	01:19:50.924	0.58369	0.58370			6
2026.05.27	01:19:51.222	0.58368	0.58369			6
2026.05.27	01:20:00.242	0.58368				2
2026.05.27	01:20:13.173	0.58367	0.58368			6
2026.05.27	01:20:48.025	0.58368	0.58369			6
2026.05.27	01:20:50.732	0.58366	0.58367			6
2026.05.27	01:21:00.058	0.58366				2
2026.05.27	01:21:08.776	0.58364	0.58365			6
2026.05.27	01:21:18.993	0.58363	0.58364			6
2026.05.27	01:21:20.496	0.58362	0.58363			6
2026.05.27	01:21:21.398	0.58363	0.58364			6
2026.05.27	01:21:31.020	0.58364	0.58367			6
2026.05.27	01:21:31.321		0.58365			4
2026.05.27	01:21:31.922	0.58365	0.58366			6
2026.05.27	01:21:35.528	0.58364	0.58367			6
2026.05.27	01:21:35.828		0.58366			4
2026.05.27	01:21:36.730		0.58365			4
2026.05.27	01:21:44.248	0.58363	0.58364			6
2026.05.27	01:21:50.272	0.58364	0.58365			6
2026.05.27	01:21:50.572	0.58363	0.58364			6
2026.05.27	01:22:00.196	0.58363				2
2026.05.27	01:22:01.396	0.58362	0.58363			6
2026.05.27	01:22:01.695	0.58363	0.58364			6
2026.05.27	01:22:01.994	0.58369	0.58371			6
2026.05.27	01:22:03.494	0.58370	0.58372			6
2026.05.27	01:22:03.799	0.58367	0.58368			6
2026.05.27	01:22:04.101	0.58369	0.58371			6
2026.05.27	01:22:07.404	0.58368	0.58369			6
2026.05.27	01:22:08.904	0.58367	0.58368			6
2026.05.27	01:22:09.201	0.58368	0.58369			6
2026.05.27	01:22:16.721	0.58367	0.58368			6
2026.05.27	01:22:18.221	0.58368	0.58369			6
2026.05.27	01:22:18.522	0.58367	0.58368			6
2026.05.27	01:22:19.122	0.58368	0.58369			6
2026.05.27	01:22:21.523	0.58367	0.58368			6
2026.05.27	01:22:22.424	0.58365	0.58366			6
2026.05.27	01:22:22.723	0.58363	0.58364			6
2026.05.27	01:22:28.132	0.58362	0.58363			6
2026.05.27	01:22:29.339	0.58363	0.58364			6
2026.05.27	01:22:32.646	0.58364	0.58365			6
2026.05.27	01:22:38.361	0.58365	0.58366			6
2026.05.27	01:22:40.771	0.58364	0.58365			6
2026.05.27	01:22:41.068	0.58363	0.58364			6
2026.05.27	01:22:49.485	0.58364	0.58367			6
2026.05.27	01:22:55.797	0.58365	0.58366			6
2026.05.27	01:22:56.095		0.58367			4
2026.05.27	01:22:57.000		0.58366			4
2026.05.27	01:22:57.299	0.58364				2
2026.05.27	01:23:00.004	0.58364				2
2026.05.27	01:23:01.505		0.58365			4
2026.05.27	01:23:03.009		0.58366			4
2026.05.27	01:23:03.308		0.58367			4
2026.05.27	01:23:04.211		0.58366			4
2026.05.27	01:23:05.113	0.58365				2
2026.05.27	01:23:06.915		0.58367			4
2026.05.27	01:23:10.222	0.58366				2
2026.05.27	01:23:10.522		0.58368			4
2026.05.27	01:23:10.824	0.58365	0.58367			6
2026.05.27	01:23:12.327		0.58366			4
2026.05.27	01:23:18.340	0.58366	0.58367			6
2026.05.27	01:23:30.975	0.58365	0.58366			6
2026.05.27	01:23:32.776	0.58366	0.58367			6
2026.05.27	01:23:33.381	0.58365	0.58366			6
2026.05.27	01:23:38.185	0.58364	0.58365			6
2026.05.27	01:23:38.785	0.58363	0.58364			6
2026.05.27	01:23:41.789	0.58364	0.58365			6
2026.05.27	01:23:42.086	0.58363	0.58364			6
2026.05.27	01:23:49.599	0.58364	0.58365			6
2026.05.27	01:23:52.605	0.58363	0.58364			6
2026.05.27	01:24:00.126	0.58363				2
2026.05.27	01:24:00.726	0.58359	0.58360			6
2026.05.27	01:24:01.019	0.58360	0.58363			6
2026.05.27	01:24:01.922		0.58364			4
2026.05.27	01:24:03.123		0.58363			4
2026.05.27	01:24:03.423		0.58364			4
2026.05.27	01:24:05.225		0.58363			4
2026.05.27	01:24:15.139	0.58361				2
2026.05.27	01:24:15.742		0.58362			4
2026.05.27	01:24:18.750	0.58360	0.58363			6
2026.05.27	01:24:19.051		0.58362			4
2026.05.27	01:24:19.651		0.58363			4
2026.05.27	01:24:24.166		0.58361			4
2026.05.27	01:24:40.403		0.58363			4
2026.05.27	01:25:00.238	0.58360				2
2026.05.27	01:25:02.640		0.58362			4
2026.05.27	01:25:04.441		0.58363			4
2026.05.27	01:25:04.742		0.58362			4
2026.05.27	01:25:05.043		0.58363			4
2026.05.27	01:25:17.386	0.58361				2
2026.05.27	01:25:18.285	0.58360	0.58361			6
2026.05.27	01:25:20.088	0.58361	0.58363			6
2026.05.27	01:25:38.715	0.58360	0.58362			6
2026.05.27	01:25:41.123	0.58361	0.58363			6
2026.05.27	01:25:42.321	0.58362	0.58364			6
2026.05.27	01:25:43.525	0.58363	0.58365			6
2026.05.27	01:25:45.329	0.58362				2
2026.05.27	01:25:50.149	0.58363				2
2026.05.27	01:25:59.176		0.58364			4
2026.05.27	01:26:00.081	0.58363				2
2026.05.27	01:26:04.588	0.58364	0.58366			6
2026.05.27	01:26:04.888		0.58365			4
2026.05.27	01:26:06.395	0.58363				2
2026.05.27	01:26:15.115	0.58364				2
2026.05.27	01:26:23.230	0.58363	0.58364			6
2026.05.27	01:26:23.533		0.58365			4
2026.05.27	01:27:00.208	0.58363				2
2026.05.27	01:27:00.805		0.58364			4
2026.05.27	01:27:04.123		0.58365			4
2026.05.27	01:28:00.039	0.58363				2
2026.05.27	01:28:00.939	0.58364	0.58366			6
2026.05.27	01:28:02.144	0.58363	0.58365			6
2026.05.27	01:28:31.323		0.58364			4
2026.05.27	01:28:34.623	0.58361	0.58363			6
2026.05.27	01:29:00.177	0.58361				2
2026.05.27	01:29:01.980	0.58359	0.58361			6
2026.05.27	01:29:02.275		0.58362			4
2026.05.27	01:29:13.098		0.58361			4
2026.05.27	01:29:18.808		0.58362			4
2026.05.27	01:29:19.412		0.58361			4
2026.05.27	01:29:21.823		0.58362			4
2026.05.27	01:29:34.146		0.58361			4
2026.05.27	01:29:35.347		0.58362			4
2026.05.27	01:29:45.273	0.58360	0.58363			6
2026.05.27	01:29:50.381	0.58359	0.58362			6
2026.05.27	01:29:50.681	0.58360	0.58363			6
2026.05.27	01:29:51.881	0.58358	0.58361			6
2026.05.27	01:30:00.290	0.58359	0.58362			6
2026.05.27	01:30:02.997	0.58360	0.58363			6
2026.05.27	01:30:03.294	0.58359	0.58362			6
2026.05.27	01:30:03.897	0.58360	0.58363			6
2026.05.27	01:30:05.400	0.58362				2
2026.05.27	01:30:09.904	0.58361				2
2026.05.27	01:30:10.204		0.58364			4
2026.05.27	01:30:30.036	0.58362	0.58365			6
2026.05.27	01:30:57.990	0.58363				2
2026.05.27	01:31:00.093	0.58363				2
2026.05.27	01:31:02.798	0.58362				2
2026.05.27	01:31:04.900		0.58364			4
2026.05.27	01:31:05.802		0.58365			4
2026.05.27	01:31:09.107		0.58364			4
2026.05.27	01:31:15.122	0.58360	0.58363			6
2026.05.27	01:31:15.424	0.58361	0.58364			6
2026.05.27	01:31:34.063	0.58362				2
2026.05.27	01:31:37.371	0.58361				2
2026.05.27	01:31:43.077	0.58362				2
2026.05.27	01:31:43.377		0.58365			4
2026.05.27	01:31:44.277	0.58361	0.58364			6
2026.05.27	01:31:51.493	0.58364	0.58367			6
2026.05.27	01:31:52.396	0.58363	0.58366			6
2026.05.27	01:31:55.404	0.58366	0.58367			6
2026.05.27	01:31:55.705	0.58363	0.58366			6
2026.05.27	01:31:56.004	0.58366	0.58367			6
2026.05.27	01:31:56.302	0.58363	0.58366			6
2026.05.27	01:31:56.905	0.58366	0.58367			6
2026.05.27	01:31:57.203	0.58363	0.58366			6
2026.05.27	01:31:57.505	0.58366	0.58367			6
2026.05.27	01:31:57.806	0.58363	0.58366			6
2026.05.27	01:31:58.105	0.58366	0.58367			6
2026.05.27	01:31:58.406	0.58363	0.58366			6
2026.05.27	01:31:58.707	0.58366	0.58367			6
2026.05.27	01:31:59.006	0.58363	0.58366			6
2026.05.27	01:32:00.210	0.58363				2
2026.05.27	01:32:01.409	0.58364	0.58367			6
2026.05.27	01:32:04.114	0.58365	0.58368			6
2026.05.27	01:32:11.634	0.58364	0.58367			6
2026.05.27	01:32:11.937	0.58363	0.58366			6
2026.05.27	01:32:13.139		0.58367			4
2026.05.27	01:32:15.246	0.58364				2
2026.05.27	01:32:17.052	0.58363	0.58366			6
2026.05.27	01:32:17.953	0.58364	0.58367			6
2026.05.27	01:32:21.264	0.58365	0.58368			6
2026.05.27	01:32:27.575	0.58362	0.58364			6
2026.05.27	01:32:27.875		0.58365			4
2026.05.27	01:32:29.378		0.58366			4
2026.05.27	01:32:31.480	0.58361	0.58365			6
2026.05.27	01:32:43.202	0.58362				2
2026.05.27	01:32:44.402	0.58361	0.58364			6
2026.05.27	01:32:45.603	0.58364	0.58367			6
2026.05.27	01:32:45.899	0.58365	0.58368			6
2026.05.27	01:32:46.502	0.58364	0.58367			6
2026.05.27	01:32:47.405	0.58365	0.58369			6
2026.05.27	01:32:49.506	0.58366	0.58370			6
2026.05.27	01:33:00.034	0.58366				2
2026.05.27	01:33:15.375	0.58367				2
2026.05.27	01:33:21.385	0.58366	0.58369			6
2026.05.27	01:33:32.201	0.58367	0.58370			6
2026.05.27	01:33:32.499	0.58366	0.58369			6
2026.05.27	01:33:32.800	0.58367	0.58370			6
2026.05.27	01:33:34.905		0.58369			4
2026.05.27	01:33:35.201	0.58365	0.58368			6
2026.05.27	01:33:35.503	0.58364	0.58367			6
2026.05.27	01:33:36.404		0.58368			4
2026.05.27	01:33:36.705	0.58363	0.58367			6
2026.05.27	01:33:37.910	0.58364	0.58368			6
2026.05.27	01:33:42.117		0.58367			4
2026.05.27	01:33:44.523	0.58365	0.58368			6
2026.05.27	01:33:46.323	0.58364	0.58367			6
2026.05.27	01:33:46.924	0.58365	0.58368			6
2026.05.27	01:33:47.227	0.58364	0.58367			6
2026.05.27	01:33:48.123	0.58365	0.58368			6
2026.05.27	01:33:49.326	0.58364	0.58367			6
2026.05.27	01:33:52.331	0.58365	0.58368			6
2026.05.27	01:33:52.633	0.58364	0.58367			6
2026.05.27	01:34:00.150	0.58364				2
2026.05.27	01:34:01.347	0.58363	0.58366			6
2026.05.27	01:34:06.768	0.58364	0.58367			6
2026.05.27	01:34:10.374	0.58363	0.58366			6
2026.05.27	01:34:11.271	0.58364	0.58367			6
2026.05.27	01:34:11.875	0.58363	0.58366			6
2026.05.27	01:34:12.176	0.58364	0.58367			6
2026.05.27	01:34:12.476	0.58363	0.58366			6
2026.05.27	01:34:12.775	0.58364	0.58367			6
2026.05.27	01:34:25.998	0.58365				2
2026.05.27	01:34:30.501	0.58364				2
2026.05.27	01:34:34.714	0.58365				2
2026.05.27	01:34:35.915	0.58364				2
2026.05.27	01:34:43.725	0.58363	0.58366			6
2026.05.27	01:34:44.025	0.58364	0.58367			6
2026.05.27	01:34:44.325	0.58363	0.58366			6
2026.05.27	01:34:44.927	0.58365	0.58367			6
2026.05.27	01:34:45.228	0.58364				2
2026.05.27	01:34:52.441	0.58366	0.58369			6
2026.05.27	01:34:54.244		0.58368			4
2026.05.27	01:35:00.264	0.58366				2
2026.05.27	01:35:19.500		0.58367			4
2026.05.27	01:35:20.099	0.58365				2
2026.05.27	01:35:21.304	0.58364				2
2026.05.27	01:35:24.001	0.58365				2
2026.05.27	01:35:24.602	0.58364				2
2026.05.27	01:35:25.508	0.58365				2
2026.05.27	01:35:30.021	0.58364				2
2026.05.27	01:35:32.127	0.58363	0.58366			6
2026.05.27	01:35:43.246	0.58362	0.58365			6
2026.05.27	01:35:43.550	0.58363	0.58366			6
2026.05.27	01:35:45.053		0.58365			4
2026.05.27	01:35:45.354		0.58366			4
2026.05.27	01:35:51.077		0.58365			4
2026.05.27	01:35:52.580		0.58366			4
2026.05.27	01:35:55.588	0.58362	0.58365			6
2026.05.27	01:36:00.104	0.58362				2
2026.05.27	01:36:05.212	0.58363				2
2026.05.27	01:36:27.476	0.58362	0.58364			6
2026.05.27	01:36:36.494	0.58363	0.58365			6
2026.05.27	01:36:55.721	0.58362	0.58364			6
2026.05.27	01:37:00.235	0.58362				2
2026.05.27	01:37:04.131	0.58363	0.58365			6
2026.05.27	01:37:54.632	0.58364	0.58366			6
2026.05.27	01:38:00.042	0.58364				2
2026.05.27	01:38:05.456	0.58363	0.58365			6
2026.05.27	01:38:08.162	0.58364	0.58366			6
2026.05.27	01:38:11.166	0.58365	0.58367			6
2026.05.27	01:38:12.373	0.58366	0.58368			6
2026.05.27	01:38:16.272	0.58365				2
2026.05.27	01:38:53.274	0.58366				2
2026.05.27	01:39:00.188	0.58366				2
2026.05.27	01:39:03.195	0.58367	0.58369			6
2026.05.27	01:39:03.494	0.58368	0.58370			6
2026.05.27	01:39:04.393	0.58367				2
2026.05.27	01:39:25.146	0.58368	0.58371			6
2026.05.27	01:39:25.447	0.58369	0.58372			6
2026.05.27	01:39:37.773	0.58367	0.58370			6
2026.05.27	01:39:42.587	0.58368	0.58371			6
2026.05.27	01:39:46.195		0.58370			4
2026.05.27	01:39:49.201	0.58369	0.58371			6
2026.05.27	01:39:57.010	0.58368	0.58370			6
2026.05.27	01:40:00.022	0.58368				2
2026.05.27	01:40:00.322	0.58369	0.58371			6
2026.05.27	01:40:00.620	0.58371	0.58373			6
2026.05.27	01:40:01.221	0.58370				2
2026.05.27	01:40:05.430		0.58372			4
2026.05.27	01:40:05.728	0.58371	0.58373			6
2026.05.27	01:40:06.329	0.58370				2
2026.05.27	01:40:06.629	0.58371	0.58374			6
2026.05.27	01:40:07.233		0.58375			4
2026.05.27	01:40:11.140	0.58372				2
2026.05.27	01:40:33.388	0.58373	0.58376			6
2026.05.27	01:40:40.602		0.58375			4
2026.05.27	01:40:46.016	0.58372				2
2026.05.27	01:40:51.127	0.58373				2
2026.05.27	01:40:56.837	0.58372	0.58374			6
2026.05.27	01:41:00.148	0.58372				2
2026.05.27	01:41:50.936		0.58373			4
2026.05.27	01:41:51.233	0.58371				2
2026.05.27	01:42:00.257	0.58371				2
2026.05.27	01:42:16.188		0.58372			4
2026.05.27	01:42:17.693		0.58373			4
2026.05.27	01:43:00.102	0.58371				2
2026.05.27	01:43:17.832		0.58373			4
2026.05.27	01:43:40.398	0.58372	0.58374			6
2026.05.27	01:43:41.904	0.58373	0.58375			6
2026.05.27	01:43:42.203	0.58374	0.58376			6
2026.05.27	01:43:46.408	0.58373				2
2026.05.27	01:44:00.235	0.58373				2
2026.05.27	01:44:00.529	0.58372	0.58375			6
2026.05.27	01:44:01.136		0.58376			4
2026.05.27	01:44:02.338		0.58375			4
2026.05.27	01:44:04.141		0.58376			4
2026.05.27	01:44:12.261		0.58375			4
2026.05.27	01:44:16.472	0.58371	0.58374			6
2026.05.27	01:44:23.679	0.58372	0.58375			6
2026.05.27	01:44:49.537	0.58371	0.58374			6
2026.05.27	01:45:00.067	0.58371				2
2026.05.27	01:45:05.176	0.58372	0.58375			6
2026.05.27	01:45:05.774	0.58371	0.58374			6
2026.05.27	01:45:10.658	0.58372	0.58375			6
2026.05.27	01:45:18.179		0.58374			4
2026.05.27	01:45:21.486	0.58373	0.58375			6
2026.05.27	01:45:22.387	0.58372				2
2026.05.27	01:45:22.688	0.58373				2
2026.05.27	01:45:25.995		0.58376			4
2026.05.27	01:45:26.897	0.58374	0.58377			6
2026.05.27	01:45:27.197	0.58373	0.58376			6
2026.05.27	01:45:36.812		0.58375			4
2026.05.27	01:45:38.619	0.58372	0.58374			6
2026.05.27	01:45:47.628		0.58375			4
2026.05.27	01:45:50.030		0.58374			4
2026.05.27	01:45:56.957	0.58373				2
2026.05.27	01:45:57.259	0.58370	0.58372			6
2026.05.27	01:45:57.559	0.58371	0.58373			6
2026.05.27	01:45:57.860	0.58370	0.58372			6
2026.05.27	01:45:58.159	0.58369	0.58373			6
2026.05.27	01:46:00.269	0.58369				2
2026.05.27	01:46:00.865	0.58368	0.58372			6
2026.05.27	01:46:01.172	0.58369	0.58373			6
2026.05.27	01:46:06.881	0.58368	0.58372			6
2026.05.27	01:46:07.483		0.58371			4
2026.05.27	01:46:07.785		0.58370			4
2026.05.27	01:46:09.287	0.58366				2
2026.05.27	01:46:11.087	0.58365	0.58369			6
2026.05.27	01:46:11.392	0.58364	0.58368			6
2026.05.27	01:46:11.691	0.58365	0.58369			6
2026.05.27	01:46:18.609	0.58366				2
2026.05.27	01:46:18.909	0.58365				2
2026.05.27	01:46:19.210	0.58366				2
2026.05.27	01:46:19.512	0.58365				2
2026.05.27	01:46:19.813	0.58366				2
2026.05.27	01:46:20.115	0.58365				2
2026.05.27	01:46:20.416	0.58366				2
2026.05.27	01:46:20.718	0.58365				2
2026.05.27	01:46:21.020	0.58366				2
2026.05.27	01:46:21.319	0.58365				2
2026.05.27	01:46:21.620	0.58366				2
2026.05.27	01:46:45.072	0.58365				2
2026.05.27	01:46:58.300		0.58368			4
2026.05.27	01:47:00.106	0.58365				2
2026.05.27	01:47:25.373	0.58366				2
2026.05.27	01:47:53.330	0.58365	0.58366			6
2026.05.27	01:47:53.631	0.58366	0.58368			6
2026.05.27	01:48:00.271	0.58366				2
2026.05.27	01:48:01.167		0.58367			4
2026.05.27	01:48:04.173		0.58368			4
2026.05.27	01:48:08.676	0.58367	0.58369			6
2026.05.27	01:48:11.680	0.58366	0.58368			6
2026.05.27	01:48:12.280	0.58365				2
2026.05.27	01:48:23.411	0.58366				2
2026.05.27	01:48:26.120	0.58365	0.58367			6
2026.05.27	01:48:36.631	0.58364	0.58366			6
2026.05.27	01:48:37.833	0.58365	0.58367			6
2026.05.27	01:48:43.557	0.58364	0.58366			6
2026.05.27	01:48:43.855	0.58366	0.58368			6
2026.05.27	01:48:44.155	0.58365	0.58367			6
2026.05.27	01:48:53.483	0.58364	0.58366			6
2026.05.27	01:49:00.106	0.58364	0.58367			6
2026.05.27	01:49:22.350	0.58365				2
2026.05.27	01:49:50.614	0.58364	0.58366			6
2026.05.27	01:50:00.232	0.58364				2
2026.05.27	01:50:00.533	0.58365	0.58367			6
2026.05.27	01:50:00.831	0.58367	0.58369			6
2026.05.27	01:50:01.132	0.58366				2
2026.05.27	01:50:06.553	0.58365	0.58368			6
2026.05.27	01:50:12.878	0.58366	0.58370			6
2026.05.27	01:50:13.175	0.58367				2
2026.05.27	01:50:13.777	0.58368				2
2026.05.27	01:50:23.998		0.58371			4
2026.05.27	01:50:39.627	0.58367				2
2026.05.27	01:50:40.230		0.58370			4
2026.05.27	01:50:45.955	0.58368	0.58371			6
2026.05.27	01:50:49.266	0.58369	0.58372			6
2026.05.27	01:50:49.565	0.58368				2
2026.05.27	01:51:00.084	0.58368				2
2026.05.27	01:51:03.388	0.58369	0.58373			6
2026.05.27	01:51:03.689	0.58368	0.58372			6
2026.05.27	01:51:07.894	0.58369	0.58373			6
2026.05.27	01:51:10.602		0.58372			4
2026.05.27	01:51:19.314	0.58370				2
2026.05.27	01:51:34.342	0.58369				2
2026.05.27	01:51:35.244	0.58370				2
2026.05.27	01:51:50.576	0.58371	0.58373			6
2026.05.27	01:51:50.872	0.58369	0.58371			6
2026.05.27	01:52:00.198	0.58369				2
2026.05.27	01:52:05.302	0.58370	0.58372			6
2026.05.27	01:52:06.804	0.58369	0.58371			6
2026.05.27	01:52:09.513	0.58366	0.58368			6
2026.05.27	01:52:09.813	0.58367	0.58369			6
2026.05.27	01:52:10.413	0.58366				2
2026.05.27	01:52:19.126		0.58370			4
2026.05.27	01:52:19.421	0.58367	0.58371			6
2026.05.27	01:52:25.132	0.58366	0.58370			6
2026.05.27	01:52:33.261	0.58367	0.58371			6
2026.05.27	01:52:48.887	0.58368				2
2026.05.27	01:52:50.691	0.58367				2
2026.05.27	01:52:52.196	0.58368				2
2026.05.27	01:52:57.000	0.58367				2
2026.05.27	01:52:59.405	0.58368				2
2026.05.27	01:53:00.011	0.58368				2
2026.05.27	01:53:00.308	0.58367				2
2026.05.27	01:53:00.612	0.58368	0.58372			6
2026.05.27	01:53:01.216		0.58371			4
2026.05.27	01:53:05.722		0.58372			4
2026.05.27	01:53:09.026	0.58369	0.58373			6
2026.05.27	01:53:09.327	0.58370				2
2026.05.27	01:53:09.625	0.58371				2
2026.05.27	01:53:20.765		0.58374			4
2026.05.27	01:53:45.710		0.58375			4
2026.05.27	01:53:46.312		0.58374			4
2026.05.27	01:54:00.142	0.58371				2
2026.05.27	01:54:02.245	0.58372				2
2026.05.27	01:54:27.499	0.58371	0.58373			6
2026.05.27	01:54:32.305		0.58372			4
2026.05.27	01:54:47.034		0.58373			4
2026.05.27	01:54:49.741	0.58370	0.58372			6
2026.05.27	01:54:56.049	0.58369	0.58371			6
2026.05.27	01:55:00.258	0.58369				2
2026.05.27	01:55:05.375	0.58370	0.58372			6
2026.05.27	01:55:18.893	0.58369	0.58371			6
2026.05.27	01:55:23.400	0.58370	0.58372			6
2026.05.27	01:55:24.002	0.58371	0.58373			6
2026.05.27	01:55:25.505	0.58370	0.58372			6
2026.05.27	01:55:26.405	0.58369				2
2026.05.27	01:55:31.217	0.58370				2
2026.05.27	01:55:31.815	0.58369	0.58371			6
2026.05.27	01:56:00.106	0.58369				2
2026.05.27	01:56:01.607	0.58371	0.58373			6
2026.05.27	01:56:02.207		0.58374			4
2026.05.27	01:56:20.237	0.58372				2
2026.05.27	01:56:23.849	0.58373	0.58375			6
2026.05.27	01:56:24.149	0.58372				2
2026.05.27	01:56:25.352	0.58373				2
2026.05.27	01:56:28.364	0.58372	0.58374			6
2026.05.27	01:56:30.169		0.58375			4
2026.05.27	01:56:31.374		0.58376			4
2026.05.27	01:56:32.272	0.58371	0.58375			6
2026.05.27	01:56:33.172	0.58372				2
2026.05.27	01:56:43.693	0.58373	0.58376			6
2026.05.27	01:56:43.991	0.58372	0.58375			6
2026.05.27	01:56:45.795	0.58373	0.58376			6
2026.05.27	01:56:46.397		0.58377			4
2026.05.27	01:56:48.201		0.58376			4
2026.05.27	01:56:49.402	0.58374	0.58377			6
2026.05.27	01:56:52.406		0.58378			4
2026.05.27	01:56:53.615	0.58373	0.58377			6
2026.05.27	01:57:00.229	0.58373				2
2026.05.27	01:57:02.632		0.58376			4
2026.05.27	01:57:05.037	0.58372				2
2026.05.27	01:57:08.948	0.58371	0.58375			6
2026.05.27	01:57:12.257	0.58372				2
2026.05.27	01:57:28.193	0.58371				2
2026.05.27	01:57:30.301	0.58372	0.58376			6
2026.05.27	01:57:50.740	0.58373				2
2026.05.27	01:57:51.942	0.58372				2
2026.05.27	01:57:52.240	0.58373				2
2026.05.27	01:57:57.648		0.58377			4
2026.05.27	01:58:00.054	0.58373				2
2026.05.27	01:58:03.362	0.58374				2
2026.05.27	01:58:08.176	0.58373	0.58376			6
2026.05.27	01:58:09.376	0.58372				2
2026.05.27	01:58:10.884	0.58373	0.58377			6
2026.05.27	01:58:13.588		0.58376			4
2026.05.27	01:58:19.298	0.58372				2
2026.05.27	01:58:20.202	0.58373	0.58377			6
2026.05.27	01:58:20.503		0.58376			4
2026.05.27	01:58:22.607	0.58372				2
2026.05.27	01:58:23.509	0.58373				2
2026.05.27	01:58:24.416	0.58372				2
2026.05.27	01:58:34.330		0.58375			4
2026.05.27	01:58:50.874	0.58373	0.58376			6
2026.05.27	01:58:51.175		0.58375			4
2026.05.27	01:59:00.193	0.58373				2
2026.05.27	01:59:01.996	0.58372	0.58374			6
2026.05.27	01:59:09.515	0.58373	0.58375			6
2026.05.27	01:59:13.422		0.58374			4
2026.05.27	01:59:14.925		0.58375			4
2026.05.27	01:59:22.137		0.58374			4
2026.05.27	01:59:30.245	0.58372				2
2026.05.27	01:59:35.059	0.58373	0.58375			6
2026.05.27	01:59:51.598		0.58374			4
2026.05.27	02:00:00.022	0.58373				2
2026.05.27	02:00:00.621		0.58375			4
2026.05.27	02:00:00.921	0.58374				2
2026.05.27	02:00:06.024	0.58373				2
2026.05.27	02:00:09.332	0.58374				2
2026.05.27	02:00:11.436	0.58373	0.58374			6
2026.05.27	02:00:11.736	0.58372				2
2026.05.27	02:00:12.933	0.58373	0.58375			6
2026.05.27	02:00:13.234	0.58374				2
2026.05.27	02:00:14.140		0.58376			4
2026.05.27	02:00:15.039	0.58373	0.58375			6
2026.05.27	02:00:18.647		0.58374			4
2026.05.27	02:00:18.945	0.58374	0.58375			6
2026.05.27	02:00:21.654		0.58376			4
2026.05.27	02:00:22.257	0.58373	0.58374			6
2026.05.27	02:00:22.556		0.58375			4
2026.05.27	02:00:23.469	0.58374	0.58376			6
2026.05.27	02:00:23.766	0.58373	0.58375			6
2026.05.27	02:00:24.367	0.58372				2
2026.05.27	02:00:25.273		0.58376			4
2026.05.27	02:00:25.872		0.58373			4
2026.05.27	02:00:26.173		0.58376			4
2026.05.27	02:00:36.686	0.58373	0.58377			6
2026.05.27	02:00:36.989	0.58372	0.58376			6
2026.05.27	02:00:37.292	0.58373	0.58377			6
2026.05.27	02:00:37.586	0.58374				2
2026.05.27	02:00:38.191	0.58375	0.58379			6
2026.05.27	02:00:40.599	0.58376	0.58380			6
2026.05.27	02:00:42.437	0.58374	0.58378			6
2026.05.27	02:00:42.737	0.58375				2
2026.05.27	02:00:47.248	0.58376	0.58379			6
2026.05.27	02:00:47.549	0.58377	0.58380			6
2026.05.27	02:00:47.850		0.58381			4
2026.05.27	02:00:48.149	0.58376	0.58380			6
2026.05.27	02:01:00.175	0.58376				2
2026.05.27	02:01:03.189		0.58379			4
2026.05.27	02:01:07.693	0.58375				2
2026.05.27	02:01:09.197	0.58376	0.58380			6
2026.05.27	02:01:20.637	0.58377				2
2026.05.27	02:01:21.538	0.58376				2
2026.05.27	02:01:22.742	0.58377				2
2026.05.27	02:01:23.042	0.58376				2
2026.05.27	02:01:23.987	0.58377				2
2026.05.27	02:01:24.890	0.58376				2
2026.05.27	02:01:51.118		0.58379			4
2026.05.27	02:02:00.135	0.58376				2
2026.05.27	02:02:04.042	0.58377	0.58380			6
2026.05.27	02:02:04.342		0.58379			4
2026.05.27	02:02:25.400	0.58378	0.58380			6
2026.05.27	02:02:32.321		0.58379			4
2026.05.27	02:02:33.528		0.58380			4
2026.05.27	02:02:33.829		0.58379			4
2026.05.27	02:02:41.344	0.58377				2
2026.05.27	02:02:49.167	0.58378	0.58380			6
2026.05.27	02:02:49.467	0.58379	0.58381			6
2026.05.27	02:02:50.368	0.58378				2
2026.05.27	02:02:55.770	0.58379	0.58382			6
2026.05.27	02:02:56.071	0.58377	0.58380			6
2026.05.27	02:03:00.281	0.58377				2
2026.05.27	02:03:00.881	0.58378	0.58381			6
2026.05.27	02:03:08.697	0.58377	0.58380			6
2026.05.27	02:03:12.001	0.58378				2
2026.05.27	02:03:15.607	0.58377	0.58379			6
2026.05.27	02:03:19.218	0.58378	0.58380			6
2026.05.27	02:03:24.020	0.58377	0.58379			6
2026.05.27	02:03:24.321	0.58378	0.58381			6
2026.05.27	02:03:24.621	0.58376	0.58379			6
2026.05.27	02:03:30.634	0.58375				2
2026.05.27	02:03:44.086		0.58378			4
2026.05.27	02:03:52.796	0.58376	0.58379			6
2026.05.27	02:03:56.400	0.58375	0.58378			6
2026.05.27	02:04:00.014	0.58375				2
2026.05.27	02:04:02.419	0.58376				2
2026.05.27	02:04:04.221	0.58375				2
2026.05.27	02:04:05.422	0.58376				2
2026.05.27	02:04:09.332	0.58375				2
2026.05.27	02:04:11.134	0.58376				2
2026.05.27	02:04:13.236	0.58377				2
2026.05.27	02:04:13.538	0.58376				2
2026.05.27	02:04:13.841	0.58377				2
2026.05.27	02:04:14.141	0.58376				2
2026.05.27	02:04:14.442	0.58377				2
2026.05.27	02:04:14.742	0.58376				2
2026.05.27	02:04:15.043	0.58377				2
2026.05.27	02:04:15.344	0.58376				2
2026.05.27	02:04:15.644	0.58377				2
2026.05.27	02:04:15.945	0.58376				2
2026.05.27	02:04:16.245	0.58377				2
2026.05.27	02:04:16.545	0.58376				2
2026.05.27	02:04:23.165		0.58377			4
2026.05.27	02:04:46.303	0.58377	0.58378			6
2026.05.27	02:04:51.717	0.58376	0.58377			6
2026.05.27	02:05:00.139	0.58376				2
2026.05.27	02:05:02.241		0.58378			4
2026.05.27	02:06:00.293	0.58376				2
2026.05.27	02:06:02.397		0.58378			4
2026.05.27	02:06:05.101		0.58377			4
2026.05.27	02:06:12.309	0.58377	0.58379			6
2026.05.27	02:06:20.418	0.58378				2
2026.05.27	02:06:26.141	0.58377				2
2026.05.27	02:06:32.168	0.58378	0.58380			6
2026.05.27	02:06:32.468	0.58379	0.58381			6
2026.05.27	02:06:33.369	0.58378				2
2026.05.27	02:06:35.169	0.58377				2
2026.05.27	02:06:40.464		0.58380			4
2026.05.27	02:06:40.764	0.58376				2
2026.05.27	02:06:48.130	0.58377				2
2026.05.27	02:06:57.590	0.58379	0.58381			6
2026.05.27	02:06:58.192	0.58378				2
2026.05.27	02:07:03.136	0.58378				2
2026.05.27	02:07:03.436	0.58379				2
2026.05.27	02:07:11.883	0.58378				2
2026.05.27	02:07:12.486	0.58377				2
2026.05.27	02:07:13.696		0.58380			4
2026.05.27	02:07:14.897		0.58381			4
2026.05.27	02:07:15.197		0.58380			4
2026.05.27	02:07:17.006	0.58376				2
2026.05.27	02:07:23.480	0.58377				2
2026.05.27	02:07:24.081	0.58376				2
2026.05.27	02:07:33.426		0.58379			4
2026.05.27	02:07:33.726	0.58375				2
2026.05.27	02:07:41.479	0.58376	0.58380			6
2026.05.27	02:07:45.411	0.58377				2
2026.05.27	02:07:59.241	0.58378				2
2026.05.27	02:08:00.142	0.58378				2
2026.05.27	02:08:00.744	0.58377	0.58379			6
2026.05.27	02:08:01.345		0.58380			4
2026.05.27	02:08:05.263		0.58379			4
2026.05.27	02:08:27.221		0.58378			4
2026.05.27	02:08:31.126		0.58379			4
2026.05.27	02:08:47.970	0.58379	0.58381			6
2026.05.27	02:08:48.269	0.58378	0.58380			6
2026.05.27	02:08:52.581	0.58377				2
2026.05.27	02:08:59.282	0.58376				2
2026.05.27	02:08:59.583	0.58377				2
2026.05.27	02:08:59.883		0.58381			4
2026.05.27	02:09:00.397	0.58377				2
2026.05.27	02:09:00.697		0.58380			4
2026.05.27	02:09:02.675	0.58378				2
2026.05.27	02:09:02.976	0.58377				2
2026.05.27	02:09:30.133		0.58379			4
2026.05.27	02:09:30.734		0.58380			4
2026.05.27	02:09:31.038		0.58379			4
2026.05.27	02:09:32.542		0.58380			4
2026.05.27	02:09:42.927		0.58381			4
2026.05.27	02:09:43.960		0.58380			4
2026.05.27	02:09:46.370	0.58376				2
2026.05.27	02:09:46.670	0.58377				2
2026.05.27	02:09:58.710	0.58376				2
2026.05.27	02:10:00.468	0.58377				2
2026.05.27	02:10:16.293		0.58381			4
2026.05.27	02:10:19.679	0.58378				2
2026.05.27	02:10:20.280	0.58377	0.58380			6
2026.05.27	02:10:20.579	0.58378				2
2026.05.27	02:10:20.880	0.58377				2
2026.05.27	02:10:24.382	0.58378				2
2026.05.27	02:10:24.685	0.58377	0.58381			6
2026.05.27	02:10:24.985	0.58378				2
2026.05.27	02:10:25.285	0.58377				2
2026.05.27	02:10:31.118		0.58380			4
2026.05.27	02:10:39.237		0.58381			4
2026.05.27	02:10:41.167		0.58380			4
2026.05.27	02:10:44.273		0.58381			4
2026.05.27	02:10:45.777		0.58380			4
2026.05.27	02:10:51.959	0.58378				2
2026.05.27	02:10:59.352	0.58377				2
2026.05.27	02:11:00.253	0.58377				2
2026.05.27	02:11:00.553	0.58378	0.58381			6
2026.05.27	02:11:01.494		0.58380			4
2026.05.27	02:11:04.807	0.58377				2
2026.05.27	02:11:06.240		0.58379			4
2026.05.27	02:11:08.954	0.58376	0.58380			6
2026.05.27	02:11:10.393	0.58377				2
2026.05.27	02:11:12.313	0.58378				2
2026.05.27	02:11:14.417	0.58377				2
2026.05.27	02:11:25.017	0.58376				2
2026.05.27	02:11:26.242	0.58377				2
2026.05.27	02:11:50.172	0.58378				2
2026.05.27	02:11:57.082	0.58377				2
2026.05.27	02:12:00.143	0.58378				2
2026.05.27	02:12:00.444	0.58377				2
2026.05.27	02:12:01.346	0.58378				2
2026.05.27	02:12:09.171		0.58380			4
2026.05.27	02:12:13.376	0.58379				2
2026.05.27	02:12:14.581	0.58378	0.58379			6
2026.05.27	02:12:15.782	0.58377				2
2026.05.27	02:12:24.192	0.58378				2
2026.05.27	02:12:26.594	0.58377	0.58378			6
2026.05.27	02:12:28.396	0.58376				2
2026.05.27	02:12:28.697	0.58377	0.58379			6
2026.05.27	02:12:35.317	0.58378				2
2026.05.27	02:12:35.616		0.58380			4
2026.05.27	02:12:36.217	0.58377				2
2026.05.27	02:12:39.224	0.58378				2
2026.05.27	02:12:41.931	0.58377				2
2026.05.27	02:12:42.231	0.58378				2
2026.05.27	02:13:00.290	0.58378				2
2026.05.27	02:13:01.491		0.58379			4
2026.05.27	02:13:03.296		0.58380			4
2026.05.27	02:13:08.701		0.58379			4
2026.05.27	02:13:10.504		0.58380			4
2026.05.27	02:13:23.151		0.58379			4
2026.05.27	02:13:26.463		0.58380			4
2026.05.27	02:13:29.770	0.58377	0.58378			6
2026.05.27	02:13:33.074	0.58378	0.58380			6
2026.05.27	02:13:33.974	0.58379				2
2026.05.27	02:13:35.478	0.58378				2
2026.05.27	02:13:44.192		0.58379			4
2026.05.27	02:13:44.493		0.58380			4
2026.05.27	02:13:59.822		0.58379			4
2026.05.27	02:14:00.122	0.58378				2
2026.05.27	02:14:02.824	0.58379	0.58380			6
2026.05.27	02:14:09.440	0.58378				2
2026.05.27	02:14:30.485		0.58379			4
2026.05.27	02:14:43.716		0.58380			4
2026.05.27	02:14:44.016	0.58379				2
2026.05.27	02:15:00.250	0.58378				2
2026.05.27	02:15:05.367	0.58377	0.58379			6
2026.05.27	02:15:05.668	0.58378	0.58380			6
2026.05.27	02:15:06.269	0.58379	0.58381			6
2026.05.27	02:15:08.369		0.58380			4
2026.05.27	02:15:08.670		0.58381			4
2026.05.27	02:15:23.095		0.58380			4
2026.05.27	02:15:24.597	0.58378	0.58379			6
2026.05.27	02:15:30.304	0.58377				2
2026.05.27	02:15:31.807	0.58380	0.58381			6
2026.05.27	02:15:32.409	0.58378				2
2026.05.27	02:15:34.054	0.58379				2
2026.05.27	02:15:34.355	0.58378				2
2026.05.27	02:15:48.794	0.58379				2
2026.05.27	02:15:49.095	0.58378	0.58379			6
2026.05.27	02:15:49.997		0.58381			4
2026.05.27	02:15:57.093	0.58379				2
2026.05.27	02:16:00.096	0.58379				2
2026.05.27	02:16:07.916	0.58380	0.58383			6
2026.05.27	02:16:14.585	0.58382	0.58386			6
2026.05.27	02:16:15.188		0.58385			4
2026.05.27	02:16:16.691		0.58386			4
2026.05.27	02:16:18.781		0.58385			4
2026.05.27	02:16:19.681		0.58386			4
2026.05.27	02:16:23.427		0.58385			4
2026.05.27	02:16:35.219	0.58383	0.58386			6
2026.05.27	02:16:36.720	0.58382				2
2026.05.27	02:16:42.509	0.58383				2
2026.05.27	02:16:46.823	0.58382				2
2026.05.27	02:17:01.049	0.58382				2
2026.05.27	02:17:03.102		0.58385			4
2026.05.27	02:17:08.508	0.58383				2
2026.05.27	02:18:00.219	0.58383				2
2026.05.27	02:18:00.819	0.58382	0.58383			6
2026.05.27	02:18:12.244		0.58384			4
2026.05.27	02:18:15.261	0.58383				2
2026.05.27	02:18:18.570		0.58385			4
2026.05.27	02:18:35.421		0.58384			4
2026.05.27	02:18:48.969	0.58382	0.58383			6
2026.05.27	02:19:00.085	0.58382				2
2026.05.27	02:19:00.986	0.58383	0.58384			6
2026.05.27	02:19:09.399	0.58382				2
2026.05.27	02:19:30.467	0.58383				2
2026.05.27	02:19:30.768	0.58382				2
2026.05.27	02:19:31.067	0.58383				2
2026.05.27	02:19:31.369	0.58382				2
2026.05.27	02:19:31.669	0.58383				2
2026.05.27	02:19:31.969	0.58382				2
2026.05.27	02:19:32.270	0.58383				2
2026.05.27	02:19:32.871		0.58385			4
2026.05.27	02:19:37.076		0.58384			4
2026.05.27	02:19:39.787	0.58384	0.58386			6
2026.05.27	02:19:40.988	0.58385				2
2026.05.27	02:19:41.588	0.58384				2
2026.05.27	02:19:41.889		0.58385			4
2026.05.27	02:19:42.190		0.58386			4
2026.05.27	02:19:45.496	0.58383				2
2026.05.27	02:19:47.930	0.58384	0.58387			6
2026.05.27	02:19:48.232	0.58385	0.58388			6
2026.05.27	02:19:49.135	0.58384				2
2026.05.27	02:20:00.863	0.58384				2
2026.05.27	02:20:02.120	0.58385				2
2026.05.27	02:20:10.836		0.58387			4
2026.05.27	02:20:15.353	0.58386				2
2026.05.27	02:20:17.161	0.58385				2
2026.05.27	02:20:17.461		0.58386			4
2026.05.27	02:20:21.370		0.58387			4
2026.05.27	02:20:22.271		0.58388			4
2026.05.27	02:20:34.295	0.58386				2
2026.05.27	02:20:35.197	0.58385				2
2026.05.27	02:20:37.298	0.58386				2
2026.05.27	02:21:00.128	0.58386				2
2026.05.27	02:21:01.632		0.58387			4
2026.05.27	02:21:03.133	0.58387	0.58388			6
2026.05.27	02:21:03.433	0.58390	0.58391			6
2026.05.27	02:21:03.733		0.58392			4
2026.05.27	02:21:04.338	0.58389				2
2026.05.27	02:21:09.549	0.58388	0.58391			6
2026.05.27	02:21:43.137	0.58386	0.58390			6
2026.05.27	02:21:47.802		0.58389			4
2026.05.27	02:21:59.191	0.58387				2
2026.05.27	02:21:59.491		0.58391			4
2026.05.27	02:22:00.791	0.58387				2
2026.05.27	02:22:02.071		0.58390			4
2026.05.27	02:22:02.972	0.58388	0.58391			6
2026.05.27	02:22:03.273	0.58387	0.58390			6
2026.05.27	02:22:04.774		0.58391			4
2026.05.27	02:22:05.375	0.58388				2
2026.05.27	02:22:05.675	0.58387				2
2026.05.27	02:22:06.277	0.58388				2
2026.05.27	02:22:12.286	0.58387	0.58390			6
2026.05.27	02:22:14.997		0.58391			4
2026.05.27	02:22:22.883		0.58390			4
2026.05.27	02:22:23.184		0.58391			4
2026.05.27	02:22:30.068	0.58388				2
2026.05.27	02:22:30.930	0.58387				2
2026.05.27	02:22:32.577	0.58388				2
2026.05.27	02:22:48.731	0.58387				2
2026.05.27	02:22:58.045	0.58386	0.58390			6
2026.05.27	02:22:58.946	0.58387	0.58391			6
2026.05.27	02:23:00.151	0.58387				2
2026.05.27	02:23:00.450	0.58388				2
2026.05.27	02:23:01.053		0.58390			4
2026.05.27	02:23:03.163	0.58387				2
2026.05.27	02:23:03.464	0.58386				2
2026.05.27	02:23:15.882	0.58387				2
2026.05.27	02:23:20.092		0.58391			4
2026.05.27	02:23:20.692	0.58386	0.58390			6
2026.05.27	02:23:21.593	0.58387	0.58391			6
2026.05.27	02:23:32.122	0.58388				2
2026.05.27	02:23:36.942	0.58387	0.58390			6
2026.05.27	02:23:37.242		0.58391			4
2026.05.27	02:23:40.254		0.58390			4
2026.05.27	02:23:55.584	0.58388	0.58391			6
2026.05.27	02:23:56.786	0.58387	0.58390			6
2026.05.27	02:23:57.391	0.58386				2
2026.05.27	02:24:00.096	0.58386				2
2026.05.27	02:24:00.698	0.58387	0.58391			6
2026.05.27	02:24:00.997	0.58386	0.58390			6
2026.05.27	02:24:02.199	0.58387				2
2026.05.27	02:24:04.003	0.58386	0.58389			6
2026.05.27	02:24:11.519	0.58387	0.58390			6
2026.05.27	02:24:11.818	0.58388	0.58391			6
2026.05.27	02:24:12.119	0.58389				2
2026.05.27	02:24:16.427	0.58390	0.58394			6
2026.05.27	02:24:16.726	0.58391				2
2026.05.27	02:24:17.027		0.58395			4
2026.05.27	02:24:23.039		0.58394			4
2026.05.27	02:24:24.541	0.58390				2
2026.05.27	02:24:28.200	0.58391				2
2026.05.27	02:24:29.703		0.58395			4
2026.05.27	02:24:40.930	0.58392	0.58396			6
2026.05.27	02:24:47.245	0.58393	0.58397			6
2026.05.27	02:24:49.651	0.58398	0.58399			6
2026.05.27	02:24:49.951	0.58400	0.58404			6
2026.05.27	02:24:50.249	0.58401	0.58405			6
2026.05.27	02:24:50.551	0.58400	0.58404			6
2026.05.27	02:24:50.852	0.58399	0.58403			6
2026.05.27	02:24:51.455	0.58400				2
2026.05.27	02:24:51.756	0.58398	0.58402			6
2026.05.27	02:24:52.054	0.58396	0.58400			6
2026.05.27	02:24:52.356		0.58399			4
2026.05.27	02:24:52.960		0.58398			4
2026.05.27	02:24:53.863		0.58400			4
2026.05.27	02:24:54.223		0.58398			4
2026.05.27	02:25:00.238	0.58396				2
2026.05.27	02:25:03.249	0.58395				2
2026.05.27	02:25:21.283	0.58396	0.58399			6
2026.05.27	02:25:23.082	0.58398	0.58402			6
2026.05.27	02:25:24.584	0.58399				2
2026.05.27	02:25:28.197		0.58403			4
2026.05.27	02:25:28.684		0.58402			4
2026.05.27	02:25:34.995	0.58398				2
2026.05.27	02:25:35.595	0.58396	0.58400			6
2026.05.27	02:25:40.120	0.58397				2
2026.05.27	02:25:40.721		0.58399			4
2026.05.27	02:25:41.321	0.58396	0.58400			6
2026.05.27	02:25:41.622		0.58399			4
2026.05.27	02:25:51.850		0.58400			4
2026.05.27	02:26:01.573	0.58396				2
2026.05.27	02:26:04.740		0.58399			4
2026.05.27	02:26:14.360	0.58395				2
2026.05.27	02:26:19.468	0.58396				2
2026.05.27	02:26:20.970		0.58400			4
2026.05.27	02:26:21.570	0.58397	0.58401			6
2026.05.27	02:26:24.276	0.58396	0.58399			6
2026.05.27	02:26:25.178	0.58397	0.58401			6
2026.05.27	02:26:29.992	0.58396	0.58400			6
2026.05.27	02:26:34.497	0.58398	0.58402			6
2026.05.27	02:26:41.115		0.58401			4
2026.05.27	02:26:53.439	0.58397	0.58400			6
2026.05.27	02:27:00.054	0.58397				2
2026.05.27	02:27:01.855	0.58398	0.58401			6
2026.05.27	02:27:09.971	0.58397	0.58400			6
2026.05.27	02:27:14.479	0.58398	0.58401			6
2026.05.27	02:27:15.381	0.58397	0.58400			6
2026.05.27	02:27:24.392		0.58399			4
2026.05.27	02:27:37.321	0.58399	0.58401			6
2026.05.27	02:27:37.925	0.58400	0.58402			6
2026.05.27	02:27:38.225		0.58403			4
2026.05.27	02:27:47.240		0.58402			4
2026.05.27	02:27:59.871	0.58401	0.58403			6
2026.05.27	02:28:00.171	0.58401				2
2026.05.27	02:28:07.986	0.58400	0.58402			6
2026.05.27	02:28:08.287	0.58401	0.58403			6
2026.05.27	02:28:08.888	0.58402	0.58404			6
2026.05.27	02:28:09.189	0.58401	0.58403			6
2026.05.27	02:28:13.397	0.58400	0.58402			6
2026.05.27	02:28:16.100	0.58404	0.58406			6
2026.05.27	02:28:17.302	0.58403	0.58407			6
2026.05.27	02:28:22.104		0.58406			4
2026.05.27	02:28:22.704	0.58404	0.58407			6
2026.05.27	02:28:23.304	0.58405	0.58408			6
2026.05.27	02:28:24.475		0.58407			4
2026.05.27	02:28:24.779	0.58404				2
2026.05.27	02:28:25.681	0.58402	0.58404			6
2026.05.27	02:28:25.980	0.58401				2
2026.05.27	02:28:28.375	0.58402				2
2026.05.27	02:28:30.908	0.58405	0.58407			6
2026.05.27	02:28:31.208	0.58404	0.58408			6
2026.05.27	02:28:32.412	0.58405				2
2026.05.27	02:28:35.721		0.58409			4
2026.05.27	02:28:50.749	0.58406				2
2026.05.27	02:29:00.078	0.58406				2
2026.05.27	02:29:00.382	0.58405	0.58408			6
2026.05.27	02:29:00.679	0.58406	0.58409			6
2026.05.27	02:29:12.771	0.58407	0.58410			6
2026.05.27	02:29:13.974	0.58410	0.58413			6
2026.05.27	02:29:14.276	0.58409	0.58412			6
2026.05.27	02:29:30.810	0.58410	0.58413			6
2026.05.27	02:29:32.913	0.58411	0.58414			6
2026.05.27	02:29:36.818		0.58413			4
2026.05.27	02:29:37.119	0.58409	0.58412			6
2026.05.27	02:29:43.140		0.58411			4
2026.05.27	02:29:43.440		0.58412			4
2026.05.27	02:29:49.160		0.58411			4
2026.05.27	02:30:00.280	0.58409				2
2026.05.27	02:30:00.581	0.58408	0.58410			6
2026.05.27	02:30:01.181		0.58411			4
2026.05.27	02:30:09.298		0.58410			4
2026.05.27	02:30:17.415	0.58409	0.58411			6
2026.05.27	02:30:24.333	0.58408	0.58410			6
2026.05.27	02:30:27.342	0.58409	0.58411			6
2026.05.27	02:30:37.267	0.58408	0.58410			6
2026.05.27	02:30:39.670	0.58409	0.58411			6
2026.05.27	02:30:40.875	0.58408	0.58410			6
2026.05.27	02:30:41.177	0.58410	0.58412			6
2026.05.27	02:30:42.078	0.58409	0.58411			6
2026.05.27	02:30:44.184	0.58413	0.58415			6
2026.05.27	02:30:44.483	0.58414	0.58416			6
2026.05.27	02:30:45.385	0.58413	0.58417			6
2026.05.27	02:30:52.899	0.58414				2
2026.05.27	02:30:54.337	0.58413				2
2026.05.27	02:31:00.060	0.58413				2
2026.05.27	02:31:04.270	0.58414				2
2026.05.27	02:31:12.384	0.58413	0.58416			6
2026.05.27	02:31:15.394	0.58414	0.58417			6
2026.05.27	02:31:19.002	0.58413	0.58416			6
2026.05.27	02:31:27.717	0.58412	0.58415			6
2026.05.27	02:31:40.334	0.58413	0.58416			6
2026.05.27	02:31:43.342		0.58415			4
2026.05.27	02:31:58.386	0.58414	0.58416			6
2026.05.27	02:32:00.190	0.58414				2
2026.05.27	02:32:15.222	0.58413	0.58415			6
2026.05.27	02:32:21.835	0.58414	0.58416			6
2026.05.27	02:32:22.135	0.58415	0.58417			6
2026.05.27	02:32:22.435	0.58416	0.58418			6
2026.05.27	02:32:23.336		0.58419			4
2026.05.27	02:32:27.247	0.58415	0.58417			6
2026.05.27	02:32:49.498	0.58416	0.58418			6
2026.05.27	02:32:56.420	0.58415	0.58417			6
2026.05.27	02:32:58.523	0.58416				2
2026.05.27	02:32:59.426		0.58418			4
2026.05.27	02:33:00.026	0.58416				2
2026.05.27	02:33:27.387	0.58417	0.58419			6
2026.05.27	02:33:27.686		0.58418			4
2026.05.27	02:33:27.987		0.58419			4
2026.05.27	02:33:28.287	0.58418				2
2026.05.27	02:33:29.190	0.58417				2
2026.05.27	02:33:30.692	0.58421	0.58423			6
2026.05.27	02:33:30.992	0.58422	0.58424			6
2026.05.27	02:33:31.293	0.58421				2
2026.05.27	02:33:31.895		0.58422			4
2026.05.27	02:33:32.197	0.58420	0.58423			6
2026.05.27	02:33:33.400	0.58419	0.58422			6
2026.05.27	02:33:50.532	0.58420	0.58423			6
2026.05.27	02:33:52.036	0.58419	0.58421			6
2026.05.27	02:33:56.247	0.58420	0.58423			6
2026.05.27	02:34:00.160	0.58420	0.58422			6
2026.05.27	02:34:00.461	0.58421	0.58423			6
2026.05.27	02:34:00.763	0.58420				2
2026.05.27	02:34:06.170	0.58422	0.58425			6
2026.05.27	02:34:06.471	0.58423	0.58426			6
2026.05.27	02:34:06.770	0.58422	0.58424			6
2026.05.27	02:34:11.574	0.58421				2
2026.05.27	02:34:16.382		0.58423			4
2026.05.27	02:34:23.897	0.58423	0.58425			6
2026.05.27	02:34:24.498		0.58426			4
2026.05.27	02:34:24.798	0.58422	0.58425			6
2026.05.27	02:34:33.518	0.58423	0.58426			6
2026.05.27	02:34:35.920	0.58422	0.58425			6
2026.05.27	02:34:46.140	0.58424	0.58426			6
2026.05.27	02:34:47.341	0.58423				2
2026.05.27	02:34:50.343	0.58424				2
2026.05.27	02:34:50.944	0.58423	0.58425			6
2026.05.27	02:34:56.656	0.58422	0.58424			6
2026.05.27	02:34:56.956	0.58423	0.58425			6
2026.05.27	02:34:57.256	0.58422	0.58424			6
2026.05.27	02:34:57.561	0.58421	0.58422			6
2026.05.27	02:34:58.163		0.58423			4
2026.05.27	02:34:59.368		0.58424			4
2026.05.27	02:35:00.256	0.58421				2
2026.05.27	02:35:23.156		0.58423			4
2026.05.27	02:35:30.672	0.58420	0.58422			6
2026.05.27	02:35:45.101	0.58421	0.58423			6
2026.05.27	02:35:45.401		0.58422			4
2026.05.27	02:35:58.328	0.58420				2
2026.05.27	02:36:00.138	0.58420				2
2026.05.27	02:36:00.439	0.58421				2
2026.05.27	02:36:11.871	0.58420				2
2026.05.27	02:36:13.972	0.58421	0.58423			6
2026.05.27	02:36:19.682		0.58422			4
2026.05.27	02:36:33.504		0.58423			4
2026.05.27	02:36:59.369		0.58422			4
2026.05.27	02:37:00.269	0.58421				2
2026.05.27	02:37:16.195		0.58423			4
2026.05.27	02:37:18.898	0.58422				2
2026.05.27	02:37:22.804	0.58420	0.58422			6
2026.05.27	02:37:33.928	0.58419	0.58420			6
2026.05.27	02:37:34.229		0.58421			4
2026.05.27	02:37:36.338	0.58420	0.58422			6
2026.05.27	02:38:07.555	0.58420				2
2026.05.27	02:38:21.027	0.58425	0.58426			6
2026.05.27	02:38:22.228	0.58424	0.58428			6
2026.05.27	02:38:22.528	0.58425	0.58429			6
2026.05.27	02:38:22.830		0.58428			4
2026.05.27	02:38:23.777	0.58424	0.58427			6
2026.05.27	02:38:24.682	0.58423				2
2026.05.27	02:38:30.795	0.58425				2
2026.05.27	02:38:31.905		0.58428			4
2026.05.27	02:38:43.312	0.58424	0.58427			6
2026.05.27	02:38:43.614	0.58425	0.58426			6
2026.05.27	02:38:43.916	0.58424				2
2026.05.27	02:38:44.216	0.58425				2
2026.05.27	02:38:44.516	0.58424				2
2026.05.27	02:38:44.816	0.58425				2
2026.05.27	02:38:45.116	0.58424				2
2026.05.27	02:38:45.416	0.58425				2
2026.05.27	02:38:45.716	0.58424				2
2026.05.27	02:38:46.017	0.58425				2
2026.05.27	02:38:46.318	0.58424				2
2026.05.27	02:38:46.919	0.58425				2
2026.05.27	02:38:47.220	0.58424				2
2026.05.27	02:38:49.924	0.58423				2
2026.05.27	02:38:50.525		0.58427			4
2026.05.27	02:38:50.826		0.58426			4
2026.05.27	02:38:56.846		0.58427			4
2026.05.27	02:39:01.061	0.58423				2
2026.05.27	02:39:01.710		0.58426			4
2026.05.27	02:39:03.644		0.58427			4
2026.05.27	02:39:03.944	0.58424				2
2026.05.27	02:39:07.852		0.58428			4
2026.05.27	02:39:15.362	0.58425	0.58429			6
2026.05.27	02:39:22.118	0.58426				2
2026.05.27	02:39:31.656		0.58428			4
2026.05.27	02:40:00.208	0.58426				2
2026.05.27	02:40:13.139	0.58427				2
2026.05.27	02:40:14.040	0.58428	0.58430			6
2026.05.27	02:40:31.179		0.58429			4
2026.05.27	02:40:32.680		0.58430			4
2026.05.27	02:40:32.981	0.58427	0.58429			6
2026.05.27	02:40:37.792	0.58428	0.58430			6
2026.05.27	02:40:52.818		0.58429			4
2026.05.27	02:40:55.222		0.58430			4
2026.05.27	02:41:00.027	0.58428				2
2026.05.27	02:41:00.628	0.58429				2
2026.05.27	02:41:00.928	0.58428				2
2026.05.27	02:41:13.562		0.58429			4
2026.05.27	02:41:13.862		0.58430			4
2026.05.27	02:41:15.969	0.58429				2
2026.05.27	02:41:17.169		0.58431			4
2026.05.27	02:41:19.271		0.58430			4
2026.05.27	02:41:19.571		0.58431			4
2026.05.27	02:41:23.178	0.58428	0.58430			6
2026.05.27	02:41:28.282		0.58429			4
2026.05.27	02:41:28.583	0.58429	0.58431			6
2026.05.27	02:41:30.683	0.58430	0.58432			6
2026.05.27	02:41:36.693	0.58429	0.58431			6
2026.05.27	02:41:51.124		0.58430			4
2026.05.27	02:42:00.151	0.58429				2
2026.05.27	02:42:04.961	0.58430	0.58431			6
2026.05.27	02:42:19.689		0.58432			4
2026.05.27	02:42:27.201		0.58431			4
2026.05.27	02:42:29.905		0.58432			4
2026.05.27	02:42:38.627	0.58431				2
2026.05.27	02:42:38.927	0.58430	0.58431			6
2026.05.27	02:42:43.137	0.58429				2
2026.05.27	02:43:00.292	0.58429				2
2026.05.27	02:43:06.606	0.58430				2
2026.05.27	02:43:26.142		0.58432			4
2026.05.27	02:43:26.445	0.58431	0.58433			6
2026.05.27	02:43:26.743	0.58432				2
2026.05.27	02:43:27.347		0.58434			4
2026.05.27	02:43:29.154		0.58435			4
2026.05.27	02:43:29.454	0.58433				2
2026.05.27	02:43:29.754	0.58432				2
2026.05.27	02:43:46.298	0.58436	0.58439			6
2026.05.27	02:43:46.600	0.58437	0.58440			6
2026.05.27	02:43:46.901	0.58436	0.58439			6
2026.05.27	02:43:47.200		0.58440			4
2026.05.27	02:43:53.214		0.58439			4
2026.05.27	02:43:54.115		0.58440			4
2026.05.27	02:43:55.616	0.58435	0.58439			6
2026.05.27	02:43:55.918	0.58436				2
2026.05.27	02:44:00.126	0.58436				2
2026.05.27	02:44:01.328		0.58440			4
2026.05.27	02:44:10.988	0.58435	0.58438			6
2026.05.27	02:44:12.792		0.58439			4
2026.05.27	02:44:13.503	0.58436	0.58440			6
2026.05.27	02:44:14.793		0.58439			4
2026.05.27	02:44:15.453		0.58440			4
2026.05.27	02:44:16.943	0.58437				2
2026.05.27	02:44:19.648	0.58436	0.58439			6
2026.05.27	02:44:19.949		0.58440			4
2026.05.27	02:44:20.248		0.58439			4
2026.05.27	02:44:22.837		0.58440			4
2026.05.27	02:44:23.440	0.58437				2
2026.05.27	02:44:31.218	0.58436				2
2026.05.27	02:44:31.518	0.58437				2
2026.05.27	02:44:44.387	0.58436				2
2026.05.27	02:44:44.689	0.58437	0.58441			6
2026.05.27	02:44:46.128		0.58440			4
2026.05.27	02:44:46.429	0.58438				2
2026.05.27	02:44:46.728	0.58439	0.58442			6
2026.05.27	02:44:47.028	0.58440	0.58443			6
2026.05.27	02:44:50.037		0.58444			4
2026.05.27	02:44:50.639	0.58439	0.58442			6
2026.05.27	02:44:50.939		0.58443			4
2026.05.27	02:44:51.239		0.58442			4
2026.05.27	02:45:00.490	0.58439				2
2026.05.27	02:45:01.410	0.58441	0.58445			6
2026.05.27	02:45:01.708	0.58442				2
2026.05.27	02:45:02.009	0.58443				2
2026.05.27	02:45:02.310	0.58444	0.58447			6
2026.05.27	02:45:02.611	0.58447	0.58450			6
2026.05.27	02:45:03.210		0.58449			4
2026.05.27	02:45:04.156	0.58445				2
2026.05.27	02:45:04.456	0.58446				2
2026.05.27	02:45:07.526	0.58444	0.58446			6
2026.05.27	02:45:07.827		0.58447			4
2026.05.27	02:45:08.427		0.58446			4
2026.05.27	02:45:09.927		0.58447			4
2026.05.27	02:45:10.228	0.58443	0.58446			6
2026.05.27	02:45:13.842	0.58440	0.58444			6
2026.05.27	02:45:14.443	0.58441				2
2026.05.27	02:45:15.043	0.58442				2
2026.05.27	02:45:15.343		0.58445			4
2026.05.27	02:45:16.246	0.58443				2
2026.05.27	02:45:18.055		0.58446			4
2026.05.27	02:45:25.002		0.58445			4
2026.05.27	02:45:33.221	0.58441				2
2026.05.27	02:45:33.520		0.58444			4
2026.05.27	02:45:34.121	0.58442				2
2026.05.27	02:45:35.321	0.58441				2
2026.05.27	02:45:37.123	0.58442				2
2026.05.27	02:45:40.729		0.58445			4
2026.05.27	02:45:42.579	0.58443				2
2026.05.27	02:45:43.602	0.58444				2
2026.05.27	02:45:47.007	0.58443	0.58446			6
2026.05.27	02:45:48.220	0.58442	0.58445			6
2026.05.27	02:45:50.557	0.58441				2
2026.05.27	02:45:53.737	0.58442				2
2026.05.27	02:45:56.831	0.58441				2
2026.05.27	02:45:57.243		0.58444			4
2026.05.27	02:46:00.248	0.58441				2
2026.05.27	02:46:04.762	0.58440				2
2026.05.27	02:46:11.675		0.58443			4
2026.05.27	02:46:11.975	0.58439	0.58441			6
2026.05.27	02:46:13.208		0.58442			4
2026.05.27	02:46:13.809		0.58440			4
2026.05.27	02:46:14.110	0.58437	0.58439			6
2026.05.27	02:46:17.125	0.58435	0.58438			6
2026.05.27	02:46:17.726	0.58436				2
2026.05.27	02:46:21.511	0.58439	0.58442			6
2026.05.27	02:46:25.427		0.58441			4
2026.05.27	02:46:29.953	0.58438				2
2026.05.27	02:46:30.253	0.58437	0.58440			6
2026.05.27	02:46:37.480		0.58441			4
2026.05.27	02:46:38.375	0.58438				2
2026.05.27	02:46:47.783	0.58440	0.58442			6
2026.05.27	02:46:51.320	0.58439	0.58441			6
2026.05.27	02:46:51.620	0.58440	0.58442			6
2026.05.27	02:46:51.920		0.58441			4
2026.05.27	02:46:52.220		0.58442			4
2026.05.27	02:46:52.645	0.58438				2
2026.05.27	02:46:53.838		0.58441			4
2026.05.27	02:46:54.138		0.58442			4
2026.05.27	02:46:56.766		0.58441			4
2026.05.27	02:46:57.366	0.58437				2
2026.05.27	02:46:58.789	0.58438				2
2026.05.27	02:47:00.281	0.58438				2
2026.05.27	02:47:06.463	0.58439				2
2026.05.27	02:47:08.280	0.58441	0.58443			6
2026.05.27	02:47:08.580	0.58440				2
2026.05.27	02:47:11.304	0.58441				2
2026.05.27	02:47:13.195		0.58444			4
2026.05.27	02:47:13.796		0.58443			4
2026.05.27	02:47:18.658	0.58442	0.58444			6
2026.05.27	02:47:18.959	0.58440	0.58443			6
2026.05.27	02:47:23.247	0.58439	0.58442			6
2026.05.27	02:47:23.994	0.58440				2
2026.05.27	02:47:25.197		0.58443			4
2026.05.27	02:47:28.317		0.58442			4
2026.05.27	02:47:28.617	0.58439				2
2026.05.27	02:47:29.090		0.58441			4
2026.05.27	02:47:29.691	0.58440				2
2026.05.27	02:47:55.252	0.58439				2
2026.05.27	02:47:56.754	0.58438	0.58440			6
2026.05.27	02:48:00.563	0.58438				2
2026.05.27	02:48:02.053	0.58439				2
2026.05.27	02:48:02.354	0.58438				2
2026.05.27	02:48:03.734	0.58439				2
2026.05.27	02:48:04.562		0.58441			4
2026.05.27	02:48:04.863		0.58440			4
2026.05.27	02:48:09.972	0.58440	0.58441			6
2026.05.27	02:48:12.811	0.58439	0.58440			6
2026.05.27	02:48:15.817	0.58438	0.58441			6
2026.05.27	02:48:17.667		0.58440			4
2026.05.27	02:48:53.720		0.58439			4
2026.05.27	02:48:54.320	0.58437				2
2026.05.27	02:48:56.726	0.58441	0.58443			6
2026.05.27	02:48:57.026	0.58442				2
2026.05.27	02:48:57.326	0.58441				2
2026.05.27	02:49:00.340	0.58441				2
2026.05.27	02:49:00.640		0.58444			4
2026.05.27	02:49:01.241		0.58443			4
2026.05.27	02:49:02.442		0.58444			4
2026.05.27	02:49:04.267	0.58439	0.58442			6
2026.05.27	02:49:08.104	0.58437	0.58440			6
2026.05.27	02:49:09.246		0.58439			4
2026.05.27	02:49:10.750		0.58440			4
2026.05.27	02:49:11.051	0.58436	0.58439			6
2026.05.27	02:49:22.759	0.58435	0.58438			6
2026.05.27	02:49:23.059	0.58434				2
2026.05.27	02:49:25.107		0.58437			4
2026.05.27	02:49:25.709	0.58433	0.58436			6
2026.05.27	02:49:26.462		0.58434			4
2026.05.27	02:49:27.667	0.58432				2
2026.05.27	02:49:35.780	0.58430				2
2026.05.27	02:49:48.111	0.58431				2
2026.05.27	02:49:52.621	0.58430	0.58433			6
2026.05.27	02:50:00.151	0.58430				2
2026.05.27	02:50:00.453	0.58431	0.58434			6
2026.05.27	02:50:00.752	0.58430	0.58433			6
2026.05.27	02:50:01.352	0.58429	0.58432			6
2026.05.27	02:50:04.660	0.58424	0.58427			6
2026.05.27	02:50:04.963	0.58423	0.58425			6
2026.05.27	02:50:05.863		0.58426			4
2026.05.27	02:50:06.165	0.58424				2
2026.05.27	02:50:06.467		0.58427			4
2026.05.27	02:50:09.832	0.58423	0.58426			6
2026.05.27	02:50:10.131		0.58427			4
2026.05.27	02:50:10.898	0.58424				2
2026.05.27	02:50:13.872	0.58426	0.58428			6
2026.05.27	02:50:14.173		0.58429			4
2026.05.27	02:50:19.273	0.58427	0.58430			6
2026.05.27	02:50:19.574	0.58428				2
2026.05.27	02:50:22.582	0.58427				2
2026.05.27	02:50:32.199		0.58431			4
2026.05.27	02:50:32.980	0.58426	0.58430			6
2026.05.27	02:50:36.042	0.58427				2
2026.05.27	02:50:37.243		0.58431			4
2026.05.27	02:50:38.745	0.58428				2
2026.05.27	02:50:54.328	0.58427	0.58430			6
2026.05.27	02:50:56.433		0.58431			4
2026.05.27	02:50:56.734	0.58428				2
2026.05.27	02:50:58.021	0.58429	0.58432			6
2026.05.27	02:51:00.601	0.58429				2
2026.05.27	02:51:03.283	0.58426	0.58428			6
2026.05.27	02:51:05.293	0.58425				2
2026.05.27	02:51:20.113		0.58427			4
2026.05.27	02:51:20.411	0.58423	0.58426			6
2026.05.27	02:51:21.312	0.58424	0.58427			6
2026.05.27	02:51:24.551		0.58425			4
2026.05.27	02:51:28.757	0.58423				2
2026.05.27	02:51:29.357		0.58426			4
2026.05.27	02:51:32.966	0.58422	0.58424			6
2026.05.27	02:51:33.266		0.58425			4
2026.05.27	02:51:35.382	0.58424				2
2026.05.27	02:51:47.702		0.58426			4
2026.05.27	02:51:49.203		0.58427			4
2026.05.27	02:51:51.538		0.58426			4
2026.05.27	02:51:52.140		0.58425			4
2026.05.27	02:52:00.258	0.58424				2
2026.05.27	02:52:17.395	0.58426	0.58427			6
2026.05.27	02:52:17.695	0.58431	0.58433			6
2026.05.27	02:52:19.198		0.58434			4
2026.05.27	02:52:20.097		0.58435			4
2026.05.27	02:52:20.858		0.58434			4
2026.05.27	02:52:22.818	0.58429	0.58432			6
2026.05.27	02:52:23.530	0.58430				2
2026.05.27	02:52:24.596		0.58433			4
2026.05.27	02:52:26.090	0.58431	0.58434			6
2026.05.27	02:52:36.299		0.58433			4
2026.05.27	02:52:38.821	0.58429	0.58432			6
2026.05.27	02:52:39.888	0.58427	0.58430			6
2026.05.27	02:52:41.215	0.58428				2
2026.05.27	02:52:41.515	0.58427				2
2026.05.27	02:52:41.815	0.58428				2
2026.05.27	02:52:42.115	0.58427				2
2026.05.27	02:52:42.436	0.58428				2
2026.05.27	02:52:42.736	0.58427				2
2026.05.27	02:52:43.036	0.58428				2
2026.05.27	02:52:43.349	0.58427				2
2026.05.27	02:52:43.650	0.58428				2
2026.05.27	02:52:43.951	0.58427				2
2026.05.27	02:52:44.250	0.58426	0.58429			6
2026.05.27	02:52:58.081	0.58425	0.58428			6
2026.05.27	02:53:00.184	0.58426				2
2026.05.27	02:53:00.484		0.58429			4
2026.05.27	02:53:10.088		0.58428			4
2026.05.27	02:53:23.001		0.58429			4
2026.05.27	02:53:26.455		0.58428			4
2026.05.27	02:53:57.423		0.58427			4
2026.05.27	02:53:57.723	0.58422	0.58424			6
2026.05.27	02:53:58.624	0.58421				2
2026.05.27	02:54:00.127	0.58421				2
2026.05.27	02:54:00.426		0.58423			4
2026.05.27	02:54:00.727		0.58424			4
2026.05.27	02:54:04.335		0.58423			4
2026.05.27	02:54:07.341	0.58422				2
2026.05.27	02:54:07.643	0.58423	0.58425			6
2026.05.27	02:54:07.944	0.58422	0.58424			6
2026.05.27	02:54:08.244		0.58425			4
2026.05.27	02:54:11.553	0.58423				2
2026.05.27	02:54:14.865		0.58426			4
2026.05.27	02:54:15.165	0.58425	0.58427			6
2026.05.27	02:54:15.465		0.58428			4
2026.05.27	02:54:18.769	0.58424				2
2026.05.27	02:54:19.070	0.58425				2
2026.05.27	02:54:22.976	0.58426	0.58429			6
2026.05.27	02:54:30.191	0.58425	0.58428			6
2026.05.27	02:54:39.207	0.58424	0.58426			6
2026.05.27	02:54:48.220	0.58423				2
2026.05.27	02:54:48.520	0.58422	0.58425			6
2026.05.27	02:54:54.239	0.58423				2
2026.05.27	02:55:00.261	0.58423				2
2026.05.27	02:55:00.561	0.58422	0.58424			6
2026.05.27	02:55:00.861	0.58421	0.58423			6
2026.05.27	02:55:01.462	0.58420	0.58422			6
2026.05.27	02:55:07.171	0.58421	0.58423			6
2026.05.27	02:55:15.286	0.58422	0.58424			6
2026.05.27	02:55:15.886	0.58421	0.58423			6
2026.05.27	02:55:17.088	0.58420	0.58422			6
2026.05.27	02:55:20.092	0.58419	0.58421			6
2026.05.27	02:55:24.299	0.58421	0.58423			6
2026.05.27	02:55:25.201	0.58420				2
2026.05.27	02:55:34.094	0.58421				2
2026.05.27	02:55:35.895		0.58422			4
2026.05.27	02:55:36.195	0.58418	0.58420			6
2026.05.27	02:55:42.203	0.58417				2
2026.05.27	02:55:47.089		0.58419			4
2026.05.27	02:55:49.195	0.58418	0.58420			6
2026.05.27	02:55:57.916	0.58417	0.58419			6
2026.05.27	02:55:59.421	0.58416	0.58418			6
2026.05.27	02:56:00.023	0.58414	0.58416			6
2026.05.27	02:56:00.323	0.58415	0.58417			6
2026.05.27	02:56:00.627		0.58418			4
2026.05.27	02:56:02.423	0.58416				2
2026.05.27	02:56:09.335	0.58413	0.58415			6
2026.05.27	02:56:10.726		0.58416			4
2026.05.27	02:56:11.027		0.58415			4
2026.05.27	02:56:15.834		0.58416			4
2026.05.27	02:56:16.436	0.58414	0.58417			6
2026.05.27	02:56:16.736	0.58413	0.58415			6
2026.05.27	02:56:21.845		0.58416			4
2026.05.27	02:56:22.145	0.58414				2
2026.05.27	02:56:23.046		0.58417			4
2026.05.27	02:56:23.347		0.58416			4
2026.05.27	02:56:23.648	0.58413				2
2026.05.27	02:56:28.396		0.58415			4
2026.05.27	02:56:30.198		0.58414			4
2026.05.27	02:56:32.900	0.58412	0.58415			6
2026.05.27	02:56:41.921	0.58413	0.58416			6
2026.05.27	02:56:42.522	0.58414	0.58417			6
2026.05.27	02:56:42.821	0.58413	0.58416			6
2026.05.27	02:56:43.422	0.58415	0.58417			6
2026.05.27	02:56:47.628	0.58413	0.58416			6
2026.05.27	02:56:50.035		0.58415			4
2026.05.27	02:56:51.836	0.58412	0.58414			6
2026.05.27	02:56:52.437		0.58415			4
2026.05.27	02:56:53.941	0.58413				2
2026.05.27	02:56:54.845		0.58416			4
2026.05.27	02:56:55.747	0.58412	0.58414			6
2026.05.27	02:56:56.048	0.58411				2
2026.05.27	02:56:57.037	0.58412	0.58415			6
2026.05.27	02:56:57.641		0.58414			4
2026.05.27	02:56:57.941	0.58413	0.58416			6
2026.05.27	02:57:00.046	0.58413				2
2026.05.27	02:57:00.347	0.58412	0.58415			6
2026.05.27	02:57:00.947	0.58411	0.58414			6
2026.05.27	02:57:01.247	0.58412	0.58415			6
2026.05.27	02:57:01.848	0.58413	0.58416			6
2026.05.27	02:57:03.797		0.58415			4
2026.05.27	02:57:04.698	0.58412				2
2026.05.27	02:57:11.319		0.58414			4
2026.05.27	02:57:11.618		0.58415			4
2026.05.27	02:57:13.721		0.58414			4
2026.05.27	02:57:15.222		0.58415			4
2026.05.27	02:57:16.424	0.58414	0.58417			6
2026.05.27	02:57:16.726	0.58413	0.58416			6
2026.05.27	02:57:17.326		0.58417			4
2026.05.27	02:57:19.113		0.58416			4
2026.05.27	02:57:31.433	0.58414	0.58417			6
2026.05.27	02:57:32.033		0.58416			4
2026.05.27	02:57:32.333		0.58417			4
2026.05.27	02:57:32.634	0.58415	0.58418			6
2026.05.27	02:57:49.292	0.58416				2
2026.05.27	02:57:55.298	0.58415	0.58417			6
2026.05.27	02:58:00.116	0.58415				2
2026.05.27	02:58:02.217	0.58416	0.58418			6
2026.05.27	02:58:10.332		0.58417			4
2026.05.27	02:58:12.437	0.58414	0.58416			6
2026.05.27	02:58:13.037		0.58415			4
2026.05.27	02:58:14.241	0.58413	0.58416			6
2026.05.27	02:58:16.049		0.58415			4
2026.05.27	02:58:16.649	0.58412				2
2026.05.27	02:58:20.254	0.58413				2
2026.05.27	02:58:21.456	0.58411	0.58413			6
2026.05.27	02:58:21.756	0.58410	0.58412			6
2026.05.27	02:58:22.357	0.58411	0.58413			6
2026.05.27	02:58:23.257		0.58414			4
2026.05.27	02:58:23.858	0.58410	0.58413			6
2026.05.27	02:58:31.370	0.58411				2
2026.05.27	02:58:36.476	0.58410	0.58412			6
2026.05.27	02:58:37.377	0.58411	0.58413			6
2026.05.27	02:58:37.979	0.58410	0.58412			6
2026.05.27	02:58:38.279	0.58408	0.58410			6
2026.05.27	02:58:42.187	0.58407	0.58408			6
2026.05.27	02:58:42.487	0.58406	0.58409			6
2026.05.27	02:58:42.789	0.58405	0.58407			6
2026.05.27	02:58:43.089		0.58408			4
2026.05.27	02:58:43.391	0.58406				2
2026.05.27	02:58:43.692	0.58405				2
2026.05.27	02:58:48.330		0.58407			4
2026.05.27	02:58:51.349	0.58406	0.58408			6
2026.05.27	02:58:57.962	0.58405	0.58407			6
2026.05.27	02:59:00.065	0.58405				2
2026.05.27	02:59:06.379		0.58406			4
2026.05.27	02:59:06.679		0.58407			4
2026.05.27	02:59:13.296	0.58406	0.58408			6
2026.05.27	02:59:14.497	0.58408	0.58410			6
2026.05.27	02:59:14.797	0.58407	0.58409			6
2026.05.27	02:59:37.637	0.58408				2
2026.05.27	02:59:37.937	0.58410	0.58411			6
2026.05.27	02:59:38.537		0.58412			4
2026.05.27	02:59:47.566	0.58411	0.58413			6
2026.05.27	02:59:47.868	0.58410	0.58412			6
2026.05.27	02:59:53.274	0.58411				2
2026.05.27	02:59:54.479	0.58410	0.58411			6
2026.05.27	02:59:55.679		0.58412			4
2026.05.27	02:59:56.279	0.58411				2
2026.05.27	02:59:56.579		0.58413			4
2026.05.27	02:59:57.781	0.58410	0.58412			6
2026.05.27	02:59:58.081	0.58414	0.58416			6
2026.05.27	02:59:58.381	0.58415	0.58417			6
2026.05.27	02:59:59.282	0.58414				2
2026.05.27	03:00:00.006	0.58414				2
2026.05.27	03:00:00.305	0.58413	0.58416			6
2026.05.27	03:00:00.610	0.58412	0.58415			6
2026.05.27	03:00:00.906		0.58416			4
2026.05.27	03:00:01.206		0.58415			4
2026.05.27	03:00:01.507	0.58411				2
2026.05.27	03:00:01.807	0.58412				2
2026.05.27	03:00:02.107	0.58411	0.58414			6
2026.05.27	03:00:02.707		0.58415			4
2026.05.27	03:00:04.134	0.58410	0.58414			6
2026.05.27	03:00:04.433	0.58409	0.58413			6
2026.05.27	03:00:04.732	0.58410				2
2026.05.27	03:00:07.008	0.58408	0.58412			6
2026.05.27	03:00:08.212	0.58407	0.58410			6
2026.05.27	03:00:08.513	0.58408	0.58411			6
2026.05.27	03:00:09.114	0.58409				2
2026.05.27	03:00:09.415		0.58412			4
2026.05.27	03:00:10.323	0.58410	0.58414			6
2026.05.27	03:00:11.525	0.58411				2
2026.05.27	03:00:11.823	0.58413	0.58415			6
2026.05.27	03:00:12.126		0.58416			4
2026.05.27	03:00:13.327		0.58417			4
2026.05.27	03:00:13.715		0.58416			4
2026.05.27	03:00:14.318	0.58414				2
2026.05.27	03:00:14.622	0.58416	0.58418			6
2026.05.27	03:00:14.919	0.58417	0.58420			6
2026.05.27	03:00:16.119	0.58419	0.58422			6
2026.05.27	03:00:16.418	0.58420	0.58423			6
2026.05.27	03:00:17.019		0.58424			4
2026.05.27	03:00:20.585	0.58421	0.58425			6
2026.05.27	03:00:20.885	0.58420	0.58423			6
2026.05.27	03:00:21.486		0.58424			4
2026.05.27	03:00:21.786	0.58421	0.58425			6
2026.05.27	03:00:22.088	0.58422				2
2026.05.27	03:00:22.386	0.58423	0.58426			6
2026.05.27	03:00:22.986	0.58422	0.58425			6
2026.05.27	03:00:23.286	0.58419	0.58423			6
2026.05.27	03:00:23.589	0.58420	0.58424			6
2026.05.27	03:00:24.187	0.58419	0.58423			6
2026.05.27	03:00:25.680	0.58420	0.58424			6
2026.05.27	03:00:27.602		0.58423			4
2026.05.27	03:00:28.203		0.58424			4
2026.05.27	03:00:30.455	0.58418	0.58422			6
2026.05.27	03:00:30.756	0.58417	0.58420			6
2026.05.27	03:00:31.056		0.58421			4
2026.05.27	03:00:31.656		0.58420			4
2026.05.27	03:00:31.956	0.58415	0.58419			6
2026.05.27	03:00:32.557	0.58416				2
2026.05.27	03:00:35.269		0.58418			4
2026.05.27	03:00:35.569	0.58415				2
2026.05.27	03:00:37.370		0.58419			4
2026.05.27	03:00:40.887	0.58416	0.58420			6
2026.05.27	03:00:41.488	0.58415	0.58419			6
2026.05.27	03:00:42.692	0.58414	0.58418			6
2026.05.27	03:00:43.592	0.58415				2
2026.05.27	03:00:44.192	0.58414				2
2026.05.27	03:00:45.448		0.58417			4
2026.05.27	03:00:46.649	0.58415				2
2026.05.27	03:00:46.950	0.58419	0.58423			6
2026.05.27	03:00:48.153	0.58420				2
2026.05.27	03:00:54.765	0.58418	0.58422			6
2026.05.27	03:00:55.366	0.58424	0.58427			6
2026.05.27	03:00:55.666	0.58425	0.58429			6
2026.05.27	03:00:55.967	0.58426				2
2026.05.27	03:00:56.567	0.58427				2
2026.05.27	03:00:56.868		0.58430			4
2026.05.27	03:00:58.242	0.58431	0.58434			6
2026.05.27	03:00:59.970		0.58433			4
2026.05.27	03:01:00.270	0.58431				2
2026.05.27	03:01:04.318		0.58434			4
2026.05.27	03:01:04.618	0.58430				2
2026.05.27	03:01:09.941	0.58431				2
2026.05.27	03:01:14.069	0.58434	0.58436			6
2026.05.27	03:01:16.087	0.58433	0.58435			6
2026.05.27	03:01:17.757		0.58436			4
2026.05.27	03:01:18.657		0.58435			4
2026.05.27	03:01:20.166	0.58432				2
2026.05.27	03:01:20.463	0.58435	0.58437			6
2026.05.27	03:01:20.764		0.58438			4
2026.05.27	03:01:21.066	0.58434	0.58437			6
2026.05.27	03:01:22.058		0.58436			4
2026.05.27	03:01:22.660	0.58433				2
2026.05.27	03:01:23.862	0.58434	0.58437			6
2026.05.27	03:01:24.464		0.58436			4
2026.05.27	03:01:26.127	0.58433				2
2026.05.27	03:01:26.427	0.58434	0.58437			6
2026.05.27	03:01:28.459		0.58438			4
2026.05.27	03:01:28.759		0.58437			4
2026.05.27	03:01:35.178		0.58436			4
2026.05.27	03:01:35.478		0.58437			4
2026.05.27	03:01:36.782	0.58433	0.58436			6
2026.05.27	03:01:37.083	0.58432	0.58434			6
2026.05.27	03:01:38.925	0.58430				2
2026.05.27	03:01:39.560		0.58433			4
2026.05.27	03:01:41.966	0.58434	0.58436			6
2026.05.27	03:01:42.266	0.58435	0.58438			6
2026.05.27	03:01:42.867		0.58439			4
2026.05.27	03:01:43.167	0.58434	0.58437			6
2026.05.27	03:01:43.467	0.58433	0.58436			6
2026.05.27	03:01:48.057		0.58435			4
2026.05.27	03:01:48.356	0.58431	0.58434			6
2026.05.27	03:01:50.240	0.58432	0.58435			6
2026.05.27	03:01:52.436	0.58431	0.58434			6
2026.05.27	03:01:55.465	0.58432	0.58435			6
2026.05.27	03:01:55.766	0.58433				2
2026.05.27	03:01:56.065	0.58431				2
2026.05.27	03:01:56.367		0.58434			4
2026.05.27	03:02:00.181	0.58431				2
2026.05.27	03:02:04.333	0.58432	0.58436			6
2026.05.27	03:02:04.634		0.58435			4
2026.05.27	03:02:07.005	0.58431	0.58434			6
2026.05.27	03:02:07.700	0.58432	0.58435			6
2026.05.27	03:02:09.503	0.58431				2
2026.05.27	03:02:09.804		0.58434			4
2026.05.27	03:02:10.104		0.58433			4
2026.05.27	03:02:11.180	0.58430	0.58432			6
2026.05.27	03:02:11.822		0.58433			4
2026.05.27	03:02:12.423	0.58431				2
2026.05.27	03:02:15.426		0.58434			4
2026.05.27	03:02:16.928	0.58433	0.58436			6
2026.05.27	03:02:17.998	0.58434				2
2026.05.27	03:02:18.298	0.58433				2
2026.05.27	03:02:20.824	0.58432	0.58435			6
2026.05.27	03:02:21.425	0.58433				2
2026.05.27	03:02:23.230		0.58436			4
2026.05.27	03:02:26.530	0.58432	0.58435			6
2026.05.27	03:02:26.830	0.58433				2
2026.05.27	03:02:27.130	0.58432				2
2026.05.27	03:02:27.430	0.58433				2
2026.05.27	03:02:32.237		0.58436			4
2026.05.27	03:02:33.436		0.58435			4
2026.05.27	03:02:37.949	0.58432	0.58434			6
2026.05.27	03:02:38.253	0.58431				2
2026.05.27	03:02:40.919	0.58433	0.58436			6
2026.05.27	03:02:43.624	0.58434				2
2026.05.27	03:02:45.127	0.58433				2
2026.05.27	03:02:46.028	0.58432	0.58435			6
2026.05.27	03:02:46.328		0.58434			4
2026.05.27	03:02:46.629	0.58431				2
2026.05.27	03:02:54.068	0.58432				2
2026.05.27	03:02:54.368	0.58433	0.58435			6
2026.05.27	03:02:54.668	0.58432				2
2026.05.27	03:02:55.771	0.58433				2
2026.05.27	03:02:56.673	0.58432				2
