<DATE>	<TIME>	<BID>	<ASK>	<LAST>	<VOLUME>	<FLAGS>
2026.03.04	00:03:30.162	0.58874	0.58929			6
2026.03.04	00:04:00.244	0.58874				2
2026.03.04	00:04:30.333		0.58929			4
2026.03.04	00:05:00.114	0.58874				2
2026.03.04	00:05:00.415	0.58873	0.58928			6
2026.03.04	00:05:00.717	0.58868	0.58923			6
2026.03.04	00:05:11.234	0.58872	0.58927			6
2026.03.04	00:06:00.288	0.58872				2
2026.03.04	00:06:02.394	0.58873	0.58928			6
2026.03.04	00:07:00.158	0.58873				2
2026.03.04	00:07:02.571		0.58928			4
2026.03.04	00:07:20.032	0.58884	0.58943			6
2026.03.04	00:08:00.095	0.58884				2
2026.03.04	00:08:11.230	0.58885	0.58944			6
2026.03.04	00:08:26.265	0.58883	0.58942			6
2026.03.04	00:09:00.269	0.58883				2
2026.03.04	00:09:26.436	0.58884	0.58943			6
2026.03.04	00:10:00.135	0.58884				2
2026.03.04	00:10:26.631		0.58943			4
2026.03.04	00:11:00.009	0.58884				2
2026.03.04	00:11:26.761		0.58943			4
2026.03.04	00:12:00.155	0.58884				2
2026.03.04	00:12:26.932		0.58943			4
2026.03.04	00:12:47.680	0.58904	0.58963			6
2026.03.04	00:12:49.495	0.58885	0.58943			6
2026.03.04	00:13:00.032	0.58885				2
2026.03.04	00:13:49.642		0.58943			4
2026.03.04	00:14:00.188	0.58885				2
2026.03.04	00:14:49.847		0.58943			4
2026.03.04	00:14:59.488	0.58886	0.58941			6
2026.03.04	00:15:00.091	0.58886				2
2026.03.04	00:15:00.392	0.58885	0.58940			6
2026.03.04	00:15:19.639	0.58882	0.58935			6
2026.03.04	00:18:07.162	0.58812	0.58870			6
2026.03.04	00:18:14.036	0.58813	0.58871			6
2026.03.04	00:19:00.061	0.58813				2
2026.03.04	00:19:14.216		0.58871			4
2026.03.04	00:20:00.244	0.58803	0.58872			6
2026.03.04	00:20:09.886	0.58804				2
2026.03.04	00:20:18.316	0.58796	0.58860			6
2026.03.04	00:20:18.617	0.58795				2
2026.03.04	00:20:24.629	0.58796				2
2026.03.04	00:20:33.337	0.58818				2
2026.03.04	00:20:45.960	0.58830	0.58880			6
2026.03.04	00:20:46.260		0.58877			4
2026.03.04	00:20:46.860		0.58878			4
2026.03.04	00:20:47.462		0.58879			4
2026.03.04	00:20:57.393		0.58880			4
2026.03.04	00:21:00.099	0.58830				2
2026.03.04	00:21:57.540		0.58880			4
2026.03.04	00:22:00.247	0.58830				2
2026.03.04	00:22:00.548		0.58879			4
2026.03.04	00:22:07.175	0.58820	0.58860			6
2026.03.04	00:22:28.550	0.58815	0.58851			6
2026.03.04	00:22:35.172		0.58861			4
2026.03.04	00:22:35.472	0.58820				2
2026.03.04	00:22:37.578	0.58838	0.58881			6
2026.03.04	00:22:38.481		0.58883			4
2026.03.04	00:22:56.527		0.58884			4
2026.03.04	00:22:59.833		0.58886			4
2026.03.04	00:23:00.132	0.58838				2
2026.03.04	00:23:01.334		0.58885			4
2026.03.04	00:23:01.935		0.58884			4
2026.03.04	00:23:11.550		0.58883			4
2026.03.04	00:23:27.196		0.58885			4
2026.03.04	00:23:34.115		0.58884			4
2026.03.04	00:24:00.293	0.58838				2
2026.03.04	00:24:24.963		0.58883			4
2026.03.04	00:24:27.976		0.58884			4
2026.03.04	00:24:41.839	0.58850	0.58890			6
2026.03.04	00:24:49.952		0.58889			4
2026.03.04	00:24:54.159		0.58888			4
2026.03.04	00:25:00.180	0.58850				2
2026.03.04	00:25:07.703	0.58855	0.58891			6
2026.03.04	00:25:08.004	0.58860				2
2026.03.04	00:25:18.235	0.58857				2
2026.03.04	00:25:23.347	0.58859				2
2026.03.04	00:25:30.874	0.58860				2
2026.03.04	00:25:46.830	0.58870	0.58892			6
2026.03.04	00:25:54.942	0.58875				2
2026.03.04	00:25:57.646	0.58863				2
2026.03.04	00:26:00.049	0.58863				2
2026.03.04	00:26:00.950	0.58864				2
2026.03.04	00:26:01.555	0.58863				2
2026.03.04	00:26:14.199	0.58860	0.58894			6
2026.03.04	00:26:14.800	0.58863	0.58892			6
2026.03.04	00:26:16.602	0.58860				2
2026.03.04	00:26:16.903	0.58855				2
2026.03.04	00:26:19.912	0.58853	0.58891			6
2026.03.04	00:26:20.213	0.58851				2
2026.03.04	00:26:22.622	0.58848				2
2026.03.04	00:26:24.427	0.58850				2
2026.03.04	00:26:24.726	0.58848				2
2026.03.04	00:26:26.233	0.58850				2
2026.03.04	00:26:26.833	0.58848				2
2026.03.04	00:26:37.049		0.58890			4
2026.03.04	00:26:39.461		0.58891			4
2026.03.04	00:26:40.365		0.58890			4
2026.03.04	00:26:51.505		0.58889			4
2026.03.04	00:27:00.226	0.58848				2
2026.03.04	00:27:09.842		0.58888			4
2026.03.04	00:27:10.442		0.58890			4
2026.03.04	00:27:15.853		0.58889			4
2026.03.04	00:27:20.096	0.58851	0.58890			6
2026.03.04	00:27:39.681		0.58889			4
2026.03.04	00:27:41.786		0.58890			4
2026.03.04	00:27:43.598		0.58889			4
2026.03.04	00:27:47.813		0.58890			4
2026.03.04	00:27:50.828		0.58889			4
2026.03.04	00:28:00.142	0.58851				2
2026.03.04	00:28:03.150	0.58852				2
2026.03.04	00:28:07.690	0.58851				2
2026.03.04	00:28:09.497	0.58852				2
2026.03.04	00:28:34.774	0.58853	0.58888			6
2026.03.04	00:28:39.606		0.58887			4
2026.03.04	00:28:45.326	0.58854				2
2026.03.04	00:28:47.436	0.58853				2
2026.03.04	00:28:55.242	0.58854				2
2026.03.04	00:28:58.251	0.58853				2
2026.03.04	00:29:00.049	0.58854				2
2026.03.04	00:29:00.650	0.58846	0.58886			6
2026.03.04	00:29:00.951		0.58885			4
2026.03.04	00:29:20.231	0.58845				2
2026.03.04	00:29:30.453		0.58884			4
2026.03.04	00:29:41.002	0.58853	0.58886			6
2026.03.04	00:29:58.443	0.58845	0.58884			6
2026.03.04	00:30:00.262	0.58845				2
2026.03.04	00:30:04.476	0.58847				2
2026.03.04	00:30:04.773	0.58846	0.58886			6
2026.03.04	00:30:07.793	0.58853				2
2026.03.04	00:30:43.911	0.58854	0.58885			6
2026.03.04	00:30:45.116	0.58853	0.58886			6
2026.03.04	00:30:49.030	0.58854	0.58885			6
2026.03.04	00:31:00.144	0.58854				2
2026.03.04	00:31:37.450	0.58851	0.58881			6
2026.03.04	00:31:54.901	0.58853	0.58883			6
2026.03.04	00:31:57.302	0.58854	0.58881			6
2026.03.04	00:31:57.905	0.58853				2
2026.03.04	00:32:00.017	0.58853				2
2026.03.04	00:32:12.038	0.58856				2
2026.03.04	00:32:26.499	0.58857				2
2026.03.04	00:32:28.604	0.58858	0.58880			6
2026.03.04	00:32:33.117	0.58859	0.58881			6
2026.03.04	00:32:33.419	0.58858	0.58880			6
2026.03.04	00:32:45.139	0.58859	0.58881			6
2026.03.04	00:32:46.648		0.58880			4
2026.03.04	00:32:47.550	0.58860	0.58881			6
2026.03.04	00:32:48.155		0.58879			4
2026.03.04	00:32:48.760		0.58881			4
2026.03.04	00:33:00.216	0.58859	0.58878			6
2026.03.04	00:33:23.352	0.58867	0.58892			6
2026.03.04	00:33:30.296	0.58868				2
2026.03.04	00:33:35.118	0.58867				2
2026.03.04	00:33:38.420	0.58871	0.58903			6
2026.03.04	00:33:38.721	0.58868	0.58899			6
2026.03.04	00:33:39.022	0.58867	0.58900			6
2026.03.04	00:33:41.729		0.58899			4
2026.03.04	00:33:51.643		0.58891			4
2026.03.04	00:33:58.551		0.58892			4
2026.03.04	00:34:00.067	0.58867				2
2026.03.04	00:34:01.264		0.58893			4
2026.03.04	00:34:06.695		0.58892			4
2026.03.04	00:34:07.298		0.58890			4
2026.03.04	00:34:18.137		0.58889			4
2026.03.04	00:34:24.761	0.58868	0.58895			6
2026.03.04	00:34:25.060		0.58900			4
2026.03.04	00:34:31.702		0.58896			4
2026.03.04	00:34:32.913		0.58889			4
2026.03.04	00:34:33.215		0.58886			4
2026.03.04	00:34:33.818		0.58900			4
2026.03.04	00:34:42.542	0.58869	0.58890			6
2026.03.04	00:34:42.844		0.58887			4
2026.03.04	00:34:43.144	0.58868				2
2026.03.04	00:34:43.744		0.58889			4
2026.03.04	00:34:45.246		0.58890			4
2026.03.04	00:34:46.758	0.58869				2
2026.03.04	00:34:47.966	0.58868				2
2026.03.04	00:34:57.916		0.58888			4
2026.03.04	00:35:00.021	0.58868				2
2026.03.04	00:35:03.930	0.58870	0.58892			6
2026.03.04	00:35:04.533	0.58868	0.58886			6
2026.03.04	00:35:05.134	0.58869	0.58887			6
2026.03.04	00:35:07.236	0.58867	0.58898			6
2026.03.04	00:35:10.537	0.58868				2
2026.03.04	00:35:13.539	0.58867	0.58895			6
2026.03.04	00:35:14.140	0.58868				2
2026.03.04	00:35:14.740	0.58867				2
2026.03.04	00:35:18.345	0.58868	0.58890			6
2026.03.04	00:35:26.182		0.58889			4
2026.03.04	00:35:31.899	0.58869	0.58898			6
2026.03.04	00:35:32.197		0.58891			4
2026.03.04	00:35:34.005		0.58901			4
2026.03.04	00:35:39.726	0.58867	0.58890			6
2026.03.04	00:35:40.027	0.58869	0.58887			6
2026.03.04	00:35:43.334		0.58888			4
2026.03.04	00:35:51.777	0.58870	0.58891			6
2026.03.04	00:35:53.285		0.58892			4
2026.03.04	00:35:53.887	0.58874	0.58895			6
2026.03.04	00:35:54.491		0.58896			4
2026.03.04	00:35:55.997	0.58873				2
2026.03.04	00:36:00.212	0.58873				2
2026.03.04	00:36:11.641	0.58877	0.58914			6
2026.03.04	00:36:11.944	0.58876	0.58905			6
2026.03.04	00:36:12.244		0.58915			4
2026.03.04	00:36:12.852		0.58908			4
2026.03.04	00:36:13.148	0.58874	0.58899			6
2026.03.04	00:36:13.448	0.58875	0.58900			6
2026.03.04	00:36:13.751	0.58877	0.58913			6
2026.03.04	00:36:14.049		0.58906			4
2026.03.04	00:36:14.352	0.58881	0.58907			6
2026.03.04	00:36:15.855		0.58913			4
2026.03.04	00:36:21.883	0.58874	0.58904			6
2026.03.04	00:36:23.688		0.58903			4
2026.03.04	00:36:25.800	0.58881	0.58906			6
2026.03.04	00:36:26.097		0.58908			4
2026.03.04	00:36:26.403		0.58907			4
2026.03.04	00:36:30.314	0.58882				2
2026.03.04	00:36:33.026	0.58881				2
2026.03.04	00:36:42.639		0.58913			4
2026.03.04	00:36:48.044		0.58907			4
2026.03.04	00:36:51.952	0.58888	0.58906			6
2026.03.04	00:36:52.561	0.58880				2
2026.03.04	00:36:54.362	0.58879	0.58913			6
2026.03.04	00:36:54.666	0.58869	0.58905			6
2026.03.04	00:36:55.263	0.58871	0.58904			6
2026.03.04	00:36:55.564	0.58872				2
2026.03.04	00:36:55.868	0.58884	0.58905			6
2026.03.04	00:36:56.165	0.58882	0.58911			6
2026.03.04	00:36:57.065	0.58874	0.58907			6
2026.03.04	00:36:57.367	0.58871	0.58905			6
2026.03.04	00:36:57.671	0.58872	0.58903			6
2026.03.04	00:36:57.974		0.58904			4
2026.03.04	00:36:58.281	0.58879	0.58906			6
2026.03.04	00:36:59.182	0.58880				2
2026.03.04	00:36:59.480	0.58871	0.58905			6
2026.03.04	00:37:00.085	0.58871	0.58906			6
2026.03.04	00:37:02.496	0.58873	0.58905			6
2026.03.04	00:37:02.794	0.58871	0.58906			6
2026.03.04	00:37:03.098		0.58907			4
2026.03.04	00:37:07.018		0.58904			4
2026.03.04	00:37:07.317		0.58905			4
2026.03.04	00:37:08.519	0.58872				2
2026.03.04	00:37:09.123	0.58871				2
2026.03.04	00:37:10.027		0.58906			4
2026.03.04	00:37:13.340	0.58872	0.58904			6
2026.03.04	00:37:13.640		0.58908			4
2026.03.04	00:37:13.943	0.58874	0.58907			6
2026.03.04	00:37:14.242	0.58871	0.58905			6
2026.03.04	00:37:14.540		0.58904			4
2026.03.04	00:37:15.144	0.58874	0.58909			6
2026.03.04	00:37:15.441	0.58872	0.58905			6
2026.03.04	00:37:15.741	0.58871				2
2026.03.04	00:37:16.948		0.58904			4
2026.03.04	00:37:21.767		0.58906			4
2026.03.04	00:37:22.069		0.58907			4
2026.03.04	00:37:22.975		0.58906			4
2026.03.04	00:37:23.276		0.58905			4
2026.03.04	00:37:23.573	0.58872				2
2026.03.04	00:37:24.476	0.58871	0.58904			6
2026.03.04	00:37:31.104	0.58878	0.58911			6
2026.03.04	00:37:31.401	0.58871	0.58907			6
2026.03.04	00:37:38.923		0.58904			4
2026.03.04	00:37:39.227	0.58872				2
2026.03.04	00:37:39.524	0.58878	0.58913			6
2026.03.04	00:37:39.825	0.58879	0.58907			6
2026.03.04	00:37:47.941	0.58880				2
2026.03.04	00:37:50.345	0.58879				2
2026.03.04	00:37:51.846	0.58878				2
2026.03.04	00:38:00.287	0.58878				2
2026.03.04	00:38:14.126	0.58877				2
2026.03.04	00:38:15.634		0.58908			4
2026.03.04	00:38:19.537		0.58906			4
2026.03.04	00:38:21.043	0.58876				2
2026.03.04	00:38:21.339	0.58877				2
2026.03.04	00:38:34.584	0.58876				2
2026.03.04	00:38:35.783		0.58905			4
2026.03.04	00:38:40.005		0.58906			4
2026.03.04	00:38:40.906		0.58904			4
2026.03.04	00:38:41.208	0.58877				2
2026.03.04	00:38:54.745	0.58879	0.58906			6
2026.03.04	00:39:00.154	0.58879				2
2026.03.04	00:39:08.603	0.58878				2
2026.03.04	00:39:09.806	0.58877				2
2026.03.04	00:39:11.007	0.58876				2
2026.03.04	00:39:12.515		0.58907			4
2026.03.04	00:39:13.115	0.58877				2
2026.03.04	00:39:14.318	0.58878	0.58906			6
2026.03.04	00:39:17.931	0.58877				2
2026.03.04	00:39:19.135	0.58879				2
2026.03.04	00:39:26.967	0.58869	0.58900			6
2026.03.04	00:39:27.263	0.58868				2
2026.03.04	00:39:29.674	0.58867				2
2026.03.04	00:39:29.974	0.58866				2
2026.03.04	00:39:31.478	0.58867				2
2026.03.04	00:39:32.080	0.58866				2
2026.03.04	00:39:34.788	0.58864				2
2026.03.04	00:39:37.201	0.58865				2
2026.03.04	00:39:38.706	0.58864				2
2026.03.04	00:39:43.221	0.58867				2
2026.03.04	00:39:43.517	0.58857	0.58893			6
2026.03.04	00:39:50.140		0.58892			4
2026.03.04	00:39:50.442	0.58865				2
2026.03.04	00:39:50.742	0.58863				2
2026.03.04	00:39:51.042	0.58865				2
2026.03.04	00:39:51.942		0.58891			4
2026.03.04	00:39:55.546	0.58864				2
2026.03.04	00:39:56.449	0.58857				2
2026.03.04	00:39:57.348	0.58856				2
2026.03.04	00:39:58.251		0.58892			4
2026.03.04	00:39:58.851		0.58891			4
2026.03.04	00:40:00.048	0.58856	0.58892			6
2026.03.04	00:40:02.455		0.58891			4
2026.03.04	00:40:18.415		0.58895			4
2026.03.04	00:40:20.219		0.58896			4
2026.03.04	00:40:24.733		0.58891			4
2026.03.04	00:40:31.940		0.58892			4
2026.03.04	00:40:33.441		0.58891			4
2026.03.04	00:40:41.860		0.58892			4
2026.03.04	00:40:45.762		0.58891			4
2026.03.04	00:40:54.491	0.58864	0.58900			6
2026.03.04	00:40:54.790	0.58863				2
2026.03.04	00:41:00.203	0.58863				2
2026.03.04	00:41:08.635	0.58868	0.58895			6
2026.03.04	00:41:11.038	0.58867	0.58892			6
2026.03.04	00:41:18.257	0.58857				2
2026.03.04	00:41:28.490	0.58870				2
2026.03.04	00:41:30.595		0.58894			4
2026.03.04	00:41:30.896	0.58869				2
2026.03.04	00:41:31.201	0.58854	0.58890			6
2026.03.04	00:41:31.500	0.58850				2
2026.03.04	00:41:33.905		0.58889			4
2026.03.04	00:41:41.421		0.58888			4
2026.03.04	00:41:42.631		0.58889			4
2026.03.04	00:42:00.113	0.58850				2
2026.03.04	00:42:00.414		0.58890			4
2026.03.04	00:42:01.315		0.58891			4
2026.03.04	00:42:06.734	0.58868	0.58895			6
2026.03.04	00:42:07.030	0.58869	0.58893			6
2026.03.04	00:42:07.333	0.58872	0.58894			6
2026.03.04	00:42:09.140	0.58870				2
2026.03.04	00:42:10.638	0.58869				2
2026.03.04	00:42:13.642	0.58868	0.58895			6
2026.03.04	00:43:00.031	0.58868				2
2026.03.04	00:43:13.847		0.58895			4
2026.03.04	00:43:15.958	0.58867				2
2026.03.04	00:43:16.259	0.58868				2
2026.03.04	00:43:57.811	0.58869	0.58894			6
2026.03.04	00:44:00.220	0.58869				2
2026.03.04	00:44:16.453		0.58896			4
2026.03.04	00:44:18.263		0.58899			4
2026.03.04	00:44:18.565		0.58896			4
2026.03.04	00:44:26.394	0.58871	0.58895			6
2026.03.04	00:44:32.418	0.58870				2
2026.03.04	00:45:00.098	0.58870				2
2026.03.04	00:45:13.758		0.58917			4
2026.03.04	00:45:31.442	0.58869				2
2026.03.04	00:45:46.498	0.58870				2
2026.03.04	00:46:00.039	0.58870				2
2026.03.04	00:46:13.882		0.58917			4
2026.03.04	00:46:25.320	0.58867	0.58900			6
2026.03.04	00:46:26.742	0.58866				2
2026.03.04	00:46:28.943	0.58867				2
2026.03.04	00:46:43.751	0.58868				2
2026.03.04	00:46:44.053	0.58867				2
2026.03.04	00:47:00.048	0.58868				2
2026.03.04	00:47:01.247	0.58867				2
2026.03.04	00:47:03.102	0.58860	0.58905			6
2026.03.04	00:47:06.707	0.58867	0.58900			6
2026.03.04	00:47:42.885	0.58866				2
2026.03.04	00:48:01.584	0.58866				2
2026.03.04	00:48:02.187	0.58864				2
2026.03.04	00:48:02.487	0.58865				2
2026.03.04	00:48:02.789	0.58866				2
2026.03.04	00:48:07.546		0.58900			4
2026.03.04	00:49:00.228	0.58866				2
2026.03.04	00:49:10.138		0.58900			4
2026.03.04	00:49:15.610	0.58867				2
2026.03.04	00:49:26.428		0.58902			4
2026.03.04	00:50:00.367	0.58867				2
2026.03.04	00:50:02.968	0.58865				2
2026.03.04	00:50:04.525	0.58867				2
2026.03.04	00:50:26.845		0.58902			4
2026.03.04	00:50:36.440		0.58901			4
2026.03.04	00:51:00.141	0.58867				2
2026.03.04	00:51:36.440		0.58901			4
2026.03.04	00:52:00.228	0.58867				2
2026.03.04	00:52:50.143		0.58901			4
2026.03.04	00:53:00.926	0.58866				2
2026.03.04	00:53:07.546	0.58867				2
2026.03.04	00:53:10.667	0.58866				2
2026.03.04	00:53:13.356	0.58867				2
2026.03.04	00:53:16.264	0.58866				2
2026.03.04	00:53:28.336	0.58944	0.58950			6
2026.03.04	00:53:28.635	0.58907				2
2026.03.04	00:53:29.536	0.58909	0.58949			6
2026.03.04	00:53:38.250	0.58908				2
2026.03.04	00:53:45.484	0.58920	0.58951			6
2026.03.04	00:53:45.784	0.58918				2
2026.03.04	00:53:46.393	0.58920	0.58944			6
2026.03.04	00:53:50.303		0.58950			4
2026.03.04	00:53:50.603	0.58918				2
2026.03.04	00:53:55.427		0.58951			4
2026.03.04	00:54:00.244	0.58918				2
2026.03.04	00:54:00.544	0.58917	0.58952			6
2026.03.04	00:54:10.792		0.58950			4
2026.03.04	00:54:11.092	0.58918				2
2026.03.04	00:54:26.735		0.58952			4
2026.03.04	00:54:31.241	0.58917				2
2026.03.04	00:54:34.552	0.58918				2
2026.03.04	00:54:44.498	0.58917				2
2026.03.04	00:54:46.905	0.58915				2
2026.03.04	00:54:47.205	0.58913	0.58959			6
2026.03.04	00:54:49.315		0.58958			4
2026.03.04	00:54:52.628	0.58914				2
2026.03.04	00:54:54.429	0.58899	0.58955			6
2026.03.04	00:54:54.732	0.58904				2
2026.03.04	00:54:56.833	0.58905				2
2026.03.04	00:55:00.136	0.58914	0.58934			6
2026.03.04	00:55:00.437	0.58911	0.58950			6
2026.03.04	00:55:00.737	0.58910				2
2026.03.04	00:55:05.547	0.58909				2
2026.03.04	00:55:09.469	0.58899	0.58900			6
2026.03.04	00:55:09.768	0.58853				2
2026.03.04	00:55:10.370	0.58852	0.58899			6
2026.03.04	00:55:11.746	0.58851	0.58896			6
2026.03.04	00:55:14.147	0.58852				2
2026.03.04	00:55:19.546	0.58936	0.58950			6
2026.03.04	00:55:19.849	0.58910				2
2026.03.04	00:55:20.449	0.58904				2
2026.03.04	00:55:21.050	0.58905				2
2026.03.04	00:55:21.651	0.58903	0.58952			6
2026.03.04	00:55:24.063	0.58899	0.58901			6
2026.03.04	00:55:24.363	0.58850				2
2026.03.04	00:55:33.870		0.58897			4
2026.03.04	00:55:34.170	0.58945	0.58950			6
2026.03.04	00:55:34.472	0.58903				2
2026.03.04	00:55:38.703	0.58899	0.58901			6
2026.03.04	00:55:39.003	0.58898				2
2026.03.04	00:55:40.808	0.58897				2
2026.03.04	00:55:41.109	0.58849				2
2026.03.04	00:55:42.345	0.58852				2
2026.03.04	00:55:43.180	0.58849				2
2026.03.04	00:55:43.480	0.58854	0.58884			6
2026.03.04	00:55:43.781		0.58885			4
2026.03.04	00:55:44.683	0.58853				2
2026.03.04	00:55:45.584	0.58852	0.58879			6
2026.03.04	00:55:48.592	0.58929	0.58953			6
2026.03.04	00:55:48.893	0.58914				2
2026.03.04	00:55:53.113	0.58889	0.58908			6
2026.03.04	00:55:53.416	0.58857	0.58899			6
2026.03.04	00:55:53.716		0.58898			4
2026.03.04	00:55:55.220	0.58856				2
2026.03.04	00:55:57.026	0.58857				2
2026.03.04	00:56:00.033	0.58857				2
2026.03.04	00:56:01.234	0.58927	0.58936			6
2026.03.04	00:56:01.534	0.58925				2
2026.03.04	00:56:08.441	0.58926				2
2026.03.04	00:56:11.446	0.58924	0.58935			6
2026.03.04	00:56:20.776	0.58925	0.58952			6
2026.03.04	00:56:21.079	0.58921				2
2026.03.04	00:56:21.379	0.58918	0.58946			6
2026.03.04	00:56:31.914	0.58927	0.58936			6
2026.03.04	00:56:34.929	0.58921				2
2026.03.04	00:56:39.135	0.58922				2
2026.03.04	00:56:41.839	0.58919	0.58954			6
2026.03.04	00:56:42.139	0.58916				2
2026.03.04	00:56:42.743	0.58919	0.58944			6
2026.03.04	00:56:43.647	0.58918	0.58947			6
2026.03.04	00:56:46.055	0.58919				2
2026.03.04	00:56:50.270	0.58918				2
2026.03.04	00:56:50.572	0.58917	0.58950			6
2026.03.04	00:56:56.009	0.58889	0.58895			6
2026.03.04	00:56:56.310	0.58859	0.58893			6
2026.03.04	00:56:56.611		0.58894			4
2026.03.04	00:57:00.233	0.58859				2
2026.03.04	00:57:04.438		0.58893			4
2026.03.04	00:57:06.239	0.58930	0.58949			6
2026.03.04	00:57:06.541	0.58921				2
2026.03.04	00:57:07.141	0.58923	0.58943			6
2026.03.04	00:57:07.742	0.58911	0.59023			6
2026.03.04	00:57:08.042	0.58909	0.59021			6
2026.03.04	00:57:09.244	0.58911	0.59023			6
2026.03.04	00:57:09.546	0.58913	0.59000			6
2026.03.04	00:57:09.847	0.58907				2
2026.03.04	00:57:10.448	0.58853	0.58937			6
2026.03.04	00:57:11.048	0.58854				2
2026.03.04	00:57:11.661	0.58856				2
2026.03.04	00:57:11.961	0.58857				2
2026.03.04	00:57:12.262	0.58858				2
2026.03.04	00:57:12.863	0.58859				2
2026.03.04	00:57:14.146	0.58861				2
2026.03.04	00:57:14.446	0.58862				2
2026.03.04	00:57:15.046	0.58863				2
2026.03.04	00:57:15.647	0.58864	0.58936			6
2026.03.04	00:57:16.551	0.58865				2
2026.03.04	00:57:17.154	0.58867				2
2026.03.04	00:57:20.254	0.58866				2
2026.03.04	00:57:20.555	0.58919	0.59016			6
2026.03.04	00:57:20.855	0.58921				2
2026.03.04	00:57:21.760	0.58917	0.58996			6
2026.03.04	00:57:22.660	0.58916	0.58990			6
2026.03.04	00:57:22.961	0.58915				2
2026.03.04	00:57:23.861	0.58917	0.59001			6
2026.03.04	00:57:24.768	0.58915	0.58995			6
2026.03.04	00:57:25.070	0.58858	0.58929			6
2026.03.04	00:57:25.373		0.58923			4
2026.03.04	00:57:26.146	0.58859				2
2026.03.04	00:57:35.265	0.58919	0.58992			6
2026.03.04	00:57:35.566	0.58915				2
2026.03.04	00:57:36.478		0.59000			4
2026.03.04	00:57:37.081	0.58916				2
2026.03.04	00:57:37.381	0.58915	0.58995			6
2026.03.04	00:57:38.586		0.58992			4
2026.03.04	00:57:39.490	0.58917	0.58925			6
2026.03.04	00:57:39.791	0.58857				2
2026.03.04	00:57:40.586		0.58929			4
2026.03.04	00:57:41.197	0.58858				2
2026.03.04	00:57:41.499	0.58856				2
2026.03.04	00:57:42.488	0.58857				2
2026.03.04	00:57:49.805	0.58919	0.59013			6
2026.03.04	00:57:50.105	0.58905	0.59012			6
2026.03.04	00:57:50.405	0.58909	0.59021			6
2026.03.04	00:57:51.908	0.58903	0.59003			6
2026.03.04	00:57:54.014	0.58853	0.58927			6
2026.03.04	00:57:54.314	0.58854				2
2026.03.04	00:57:57.045	0.58853				2
2026.03.04	00:57:57.646	0.58854				2
2026.03.04	00:58:00.050	0.58854	0.58917			6
2026.03.04	00:58:00.350	0.58838	0.58916			6
2026.03.04	00:58:00.651		0.58917			4
2026.03.04	00:58:04.246	0.58854				2
2026.03.04	00:58:08.485	0.58850	0.58903			6
2026.03.04	00:58:08.785	0.58967	0.59079			6
2026.03.04	00:58:09.089	0.58923	0.59035			6
2026.03.04	00:58:09.389	0.58921	0.59033			6
2026.03.04	00:58:09.990	0.58922	0.59034			6
2026.03.04	00:58:10.291	0.58921	0.59033			6
2026.03.04	00:58:10.592	0.58919	0.59031			6
2026.03.04	00:58:11.495	0.58921	0.59033			6
2026.03.04	00:58:14.210	0.58919	0.59031			6
2026.03.04	00:58:14.511	0.58917	0.59029			6
2026.03.04	00:58:14.812	0.58915	0.59027			6
2026.03.04	00:58:16.314	0.58913	0.59025			6
2026.03.04	00:58:17.214	0.58909	0.59021			6
2026.03.04	00:58:17.816	0.58911	0.59023			6
2026.03.04	00:58:18.118	0.58915	0.59027			6
2026.03.04	00:58:18.422	0.58917	0.59029			6
2026.03.04	00:58:19.323	0.58915	0.59027			6
2026.03.04	00:58:19.623	0.58913	0.59025			6
2026.03.04	00:58:20.224	0.58911	0.59023			6
2026.03.04	00:58:21.124	0.58913	0.59025			6
2026.03.04	00:58:22.328	0.58911	0.59023			6
2026.03.04	00:58:23.528	0.58913	0.59025			6
2026.03.04	00:58:23.829	0.58911	0.59023			6
2026.03.04	00:58:24.130	0.58913	0.59025			6
2026.03.04	00:58:27.734	0.58909	0.59021			6
2026.03.04	00:58:28.034	0.58907	0.59019			6
2026.03.04	00:58:28.635	0.58905	0.59017			6
2026.03.04	00:58:30.435	0.58901	0.59013			6
2026.03.04	00:58:30.737	0.58907	0.59019			6
2026.03.04	00:58:31.036	0.58911	0.59023			6
2026.03.04	00:58:31.337	0.58913	0.59025			6
2026.03.04	00:58:32.838	0.58855	0.58967			6
2026.03.04	00:58:34.038	0.58845	0.58953			6
2026.03.04	00:58:34.943	0.58844	0.58949			6
2026.03.04	00:58:35.546	0.58847				2
2026.03.04	00:58:35.846	0.58849				2
2026.03.04	00:58:36.147	0.58847				2
2026.03.04	00:58:38.858	0.58845				2
2026.03.04	00:58:39.159	0.58848				2
2026.03.04	00:58:45.184	0.58847				2
2026.03.04	00:58:45.485	0.58854				2
2026.03.04	00:58:45.785	0.58851				2
2026.03.04	00:58:47.297	0.58843	0.58915			6
2026.03.04	00:58:50.066	0.58853				2
2026.03.04	00:58:51.645	0.58854				2
2026.03.04	00:58:52.246	0.58857				2
2026.03.04	00:58:53.575	0.58858				2
2026.03.04	00:58:54.178	0.58839				2
2026.03.04	00:58:57.349	0.58899	0.58964			6
2026.03.04	00:58:57.649	0.58883	0.58973			6
2026.03.04	00:58:57.950	0.58882				2
2026.03.04	00:58:58.795	0.58921	0.59033			6
2026.03.04	00:58:59.096	0.58923	0.59035			6
2026.03.04	00:58:59.396	0.58921	0.59033			6
2026.03.04	00:58:59.696	0.58915	0.59027			6
2026.03.04	00:58:59.996	0.58917	0.59029			6
2026.03.04	00:59:00.297	0.58915	0.59027			6
2026.03.04	00:59:00.597	0.58917	0.59029			6
2026.03.04	00:59:00.898	0.58915	0.59027			6
2026.03.04	00:59:01.800	0.58873	0.58976			6
2026.03.04	00:59:02.102	0.58875				2
2026.03.04	00:59:02.702		0.58972			4
2026.03.04	00:59:03.008	0.58870	0.58959			6
2026.03.04	00:59:03.308	0.58869				2
2026.03.04	00:59:03.911	0.58870	0.58953			6
2026.03.04	00:59:05.416	0.58871				2
2026.03.04	00:59:09.027	0.58873	0.58954			6
2026.03.04	00:59:09.628		0.58946			4
2026.03.04	00:59:09.932		0.58954			4
2026.03.04	00:59:11.432	0.58872	0.58953			6
2026.03.04	00:59:12.035	0.58919	0.59031			6
2026.03.04	00:59:13.541	0.58917	0.59029			6
2026.03.04	00:59:13.840	0.58919	0.59031			6
2026.03.04	00:59:15.042	0.58915	0.59027			6
2026.03.04	00:59:15.341	0.58914	0.59026			6
2026.03.04	00:59:15.642	0.58913	0.59025			6
2026.03.04	00:59:17.144	0.58915	0.59027			6
2026.03.04	00:59:18.953	0.58913	0.59025			6
2026.03.04	00:59:19.557	0.58915	0.59027			6
2026.03.04	00:59:19.859	0.58913	0.59025			6
2026.03.04	00:59:22.269	0.58911	0.59023			6
2026.03.04	00:59:22.569	0.58913	0.59025			6
2026.03.04	00:59:22.871	0.58911	0.59023			6
2026.03.04	00:59:24.073	0.58913	0.59025			6
2026.03.04	00:59:24.973	0.58912	0.59024			6
2026.03.04	00:59:25.273	0.58913	0.59025			6
2026.03.04	00:59:25.575	0.58912	0.59024			6
2026.03.04	00:59:25.877	0.58913	0.59025			6
2026.03.04	00:59:27.989	0.58911	0.59023			6
2026.03.04	00:59:28.291	0.58909	0.59021			6
2026.03.04	00:59:28.592	0.58911	0.59023			6
2026.03.04	00:59:28.894	0.58908	0.59020			6
2026.03.04	00:59:29.195	0.58911	0.59023			6
2026.03.04	00:59:30.397	0.58913	0.59025			6
2026.03.04	00:59:30.998	0.58911	0.59023			6
2026.03.04	00:59:33.708	0.58912	0.59024			6
2026.03.04	00:59:34.011	0.58911	0.59023			6
2026.03.04	00:59:37.319	0.58910	0.59022			6
2026.03.04	00:59:37.623	0.58911	0.59023			6
2026.03.04	00:59:37.924	0.58907	0.59019			6
2026.03.04	00:59:38.525	0.58905	0.59017			6
2026.03.04	00:59:38.825	0.58910	0.59022			6
2026.03.04	00:59:39.125	0.58909	0.59021			6
2026.03.04	00:59:39.426	0.58905	0.59017			6
2026.03.04	00:59:40.028	0.58903	0.59015			6
2026.03.04	00:59:41.230	0.58905	0.59017			6
2026.03.04	00:59:45.138	0.58897	0.59009			6
2026.03.04	00:59:45.438	0.58905	0.59017			6
2026.03.04	00:59:49.348	0.58909	0.59021			6
2026.03.04	00:59:49.648	0.58912	0.59024			6
2026.03.04	00:59:49.949	0.58907	0.59019			6
2026.03.04	00:59:50.850	0.58905	0.59017			6
2026.03.04	00:59:51.755	0.58899	0.59011			6
2026.03.04	00:59:52.056	0.58905	0.59017			6
2026.03.04	00:59:58.675	0.58897	0.59009			6
2026.03.04	00:59:58.975	0.58907	0.59019			6
2026.03.04	00:59:59.578	0.58905	0.59017			6
2026.03.04	01:00:00.178	0.58905				2
2026.03.04	01:00:01.737	0.58863	0.59026			6
2026.03.04	01:00:02.339	0.58862				2
2026.03.04	01:00:02.638	0.58863	0.59024			6
2026.03.04	01:00:02.938	0.58864				2
2026.03.04	01:00:03.238	0.58865				2
2026.03.04	01:00:03.539	0.58863				2
2026.03.04	01:00:07.192	0.58862				2
2026.03.04	01:00:07.492	0.58868	0.59016			6
2026.03.04	01:00:08.094	0.58870				2
2026.03.04	01:00:08.397	0.58874				2
2026.03.04	01:00:09.298		0.59017			4
2026.03.04	01:00:09.947	0.58876				2
2026.03.04	01:00:10.247	0.58878				2
2026.03.04	01:00:10.547	0.58881				2
2026.03.04	01:00:12.470	0.58879				2
2026.03.04	01:00:13.279		0.59016			4
2026.03.04	01:00:13.579	0.58880				2
2026.03.04	01:00:15.578	0.58882				2
2026.03.04	01:00:15.878	0.58881				2
2026.03.04	01:00:16.669		0.59015			4
2026.03.04	01:00:16.969	0.58880				2
2026.03.04	01:00:17.923	0.58882	0.59013			6
2026.03.04	01:00:18.951	0.58885	0.59014			6
2026.03.04	01:00:19.596	0.58884				2
2026.03.04	01:00:20.747	0.58886				2
2026.03.04	01:00:21.691	0.58890	0.59009			6
2026.03.04	01:00:21.991	0.58888				2
2026.03.04	01:00:22.292	0.58892				2
2026.03.04	01:00:22.593	0.58894				2
2026.03.04	01:00:22.894		0.59014			4
2026.03.04	01:00:23.795	0.58895				2
2026.03.04	01:00:24.094		0.59017			4
2026.03.04	01:00:24.395	0.58897				2
2026.03.04	01:00:24.996	0.58917	0.58992			6
2026.03.04	01:00:25.297	0.58900	0.59021			6
2026.03.04	01:00:25.598	0.58902	0.59020			6
2026.03.04	01:00:25.899		0.59016			4
2026.03.04	01:00:26.719	0.58904	0.59013			6
2026.03.04	01:00:27.319	0.58905				2
2026.03.04	01:00:27.920	0.58931				2
2026.03.04	01:00:29.723	0.58907	0.59021			6
2026.03.04	01:00:30.023	0.58909	0.59018			6
2026.03.04	01:00:30.623	0.58906				2
2026.03.04	01:00:30.923	0.58908				2
2026.03.04	01:00:31.223	0.58907				2
2026.03.04	01:00:31.525	0.58910				2
2026.03.04	01:00:31.824	0.58909	0.59017			6
2026.03.04	01:00:33.028	0.58911				2
2026.03.04	01:00:33.629	0.58933	0.59013			6
2026.03.04	01:00:33.930	0.58911	0.59018			6
2026.03.04	01:00:34.232	0.58910				2
2026.03.04	01:00:35.133		0.59017			4
2026.03.04	01:00:35.432	0.58909				2
2026.03.04	01:00:36.936	0.58910				2
2026.03.04	01:00:39.010	0.58915				2
2026.03.04	01:00:39.311	0.58907				2
2026.03.04	01:00:40.533	0.58909				2
2026.03.04	01:00:40.833	0.58908				2
2026.03.04	01:00:41.134	0.58909				2
2026.03.04	01:00:41.435	0.58908				2
2026.03.04	01:00:41.736	0.58907				2
2026.03.04	01:00:43.865		0.59035			4
2026.03.04	01:00:44.165	0.58906				2
2026.03.04	01:00:44.770	0.58907	0.59033			6
2026.03.04	01:00:45.370	0.58933	0.59017			6
2026.03.04	01:00:45.671	0.58935				2
2026.03.04	01:00:46.572	0.58934				2
2026.03.04	01:00:46.873	0.58910				2
2026.03.04	01:00:48.289		0.59012			4
2026.03.04	01:00:51.066		0.59013			4
2026.03.04	01:00:51.666	0.58911				2
2026.03.04	01:00:51.967	0.58933	0.59011			6
2026.03.04	01:00:52.267	0.58935	0.59015			6
2026.03.04	01:00:53.170	0.58904				2
2026.03.04	01:00:53.471	0.58903				2
2026.03.04	01:00:54.975	0.58933				2
2026.03.04	01:00:55.875	0.58935				2
2026.03.04	01:00:56.175	0.58934				2
2026.03.04	01:00:57.379	0.58933				2
2026.03.04	01:00:58.581		0.59012			4
2026.03.04	01:00:59.482	0.58934				2
2026.03.04	01:00:59.782	0.58933				2
2026.03.04	01:01:00.082	0.58934	0.59004			6
2026.03.04	01:01:00.381	0.58931				2
2026.03.04	01:01:00.682	0.58929				2
2026.03.04	01:01:01.585		0.59006			4
2026.03.04	01:01:01.885		0.59004			4
2026.03.04	01:01:02.185		0.59009			4
2026.03.04	01:01:02.487	0.58931	0.59010			6
2026.03.04	01:01:03.387		0.59009			4
2026.03.04	01:01:03.687	0.58935	0.59021			6
2026.03.04	01:01:03.988	0.58931	0.59014			6
2026.03.04	01:01:04.589		0.59015			4
2026.03.04	01:01:04.889	0.58933	0.59014			6
2026.03.04	01:01:05.790	0.58932	0.59013			6
2026.03.04	01:01:06.391	0.58933	0.59015			6
2026.03.04	01:01:06.993		0.59004			4
2026.03.04	01:01:07.293	0.58929				2
2026.03.04	01:01:07.595	0.58931				2
2026.03.04	01:01:07.895	0.58929	0.59002			6
2026.03.04	01:01:09.401	0.58930				2
2026.03.04	01:01:11.506		0.58996			4
2026.03.04	01:01:12.111	0.58929	0.58988			6
2026.03.04	01:01:12.411	0.58927	0.58987			6
2026.03.04	01:01:13.011		0.58986			4
2026.03.04	01:01:13.311	0.58928	0.58978			6
2026.03.04	01:01:13.611	0.58929	0.58977			6
2026.03.04	01:01:13.912		0.58976			4
2026.03.04	01:01:14.213	0.58928				2
2026.03.04	01:01:14.513	0.58926				2
2026.03.04	01:01:16.615	0.58928				2
2026.03.04	01:01:17.216		0.58974			4
2026.03.04	01:01:17.515	0.58927				2
2026.03.04	01:01:17.817	0.58926				2
2026.03.04	01:01:19.018	0.58925	0.58973			6
2026.03.04	01:01:19.318	0.58926				2
2026.03.04	01:01:20.824	0.58928				2
2026.03.04	01:01:21.723	0.58929				2
2026.03.04	01:01:22.625		0.58972			4
2026.03.04	01:01:26.230	0.58930				2
2026.03.04	01:01:27.131	0.58929				2
2026.03.04	01:01:27.431	0.58930				2
2026.03.04	01:01:29.533	0.58931				2
2026.03.04	01:01:30.433	0.58932				2
2026.03.04	01:01:30.734	0.58917				2
2026.03.04	01:01:31.634		0.58969			4
2026.03.04	01:01:31.935	0.58918	0.58967			6
2026.03.04	01:01:32.836	0.58920				2
2026.03.04	01:01:33.135	0.58919				2
2026.03.04	01:01:34.637	0.58921				2
2026.03.04	01:01:35.837	0.58920				2
2026.03.04	01:01:36.738	0.58919				2
2026.03.04	01:01:39.140		0.58966			4
2026.03.04	01:01:39.739	0.58922				2
2026.03.04	01:01:40.040	0.58921				2
2026.03.04	01:01:43.046	0.58919				2
2026.03.04	01:01:44.852	0.58922				2
2026.03.04	01:01:45.153	0.58919	0.58962			6
2026.03.04	01:01:45.453	0.58916	0.58952			6
2026.03.04	01:01:45.752	0.58924	0.58950			6
2026.03.04	01:01:46.353	0.58916	0.58958			6
2026.03.04	01:01:46.654	0.58914				2
2026.03.04	01:01:47.555	0.58916	0.58957			6
2026.03.04	01:01:48.456	0.58917	0.58958			6
2026.03.04	01:01:48.755		0.58959			4
2026.03.04	01:01:49.055	0.58916				2
2026.03.04	01:01:49.355		0.58958			4
2026.03.04	01:01:49.656		0.58959			4
2026.03.04	01:01:49.956		0.58962			4
2026.03.04	01:01:50.556	0.58915				2
2026.03.04	01:01:50.857	0.58912				2
2026.03.04	01:01:51.157	0.58910				2
2026.03.04	01:01:51.457	0.58908	0.58963			6
2026.03.04	01:01:51.757	0.58906				2
2026.03.04	01:01:52.057	0.58905				2
2026.03.04	01:01:52.357	0.58902	0.58962			6
2026.03.04	01:01:52.657	0.58901	0.58953			6
2026.03.04	01:01:52.959	0.58899	0.58954			6
2026.03.04	01:01:53.260	0.58895				2
2026.03.04	01:01:53.560	0.58893	0.58946			6
2026.03.04	01:01:53.860	0.58891	0.58937			6
2026.03.04	01:01:55.061	0.58890				2
2026.03.04	01:01:55.360	0.58889				2
2026.03.04	01:01:56.262	0.58891				2
2026.03.04	01:01:57.163	0.58887	0.58938			6
2026.03.04	01:02:00.166	0.58892	0.58937			6
2026.03.04	01:02:00.465	0.58890	0.58939			6
2026.03.04	01:02:01.668	0.58889	0.58940			6
2026.03.04	01:02:01.969	0.58888				2
2026.03.04	01:02:02.269		0.58938			4
2026.03.04	01:02:03.172		0.58937			4
2026.03.04	01:02:03.472		0.58936			4
2026.03.04	01:02:03.772	0.58887	0.58935			6
2026.03.04	01:02:04.072		0.58933			4
2026.03.04	01:02:04.972		0.58934			4
2026.03.04	01:02:05.573		0.58933			4
2026.03.04	01:02:06.175	0.58888	0.58934			6
2026.03.04	01:02:08.276		0.58933			4
2026.03.04	01:02:08.576		0.58934			4
2026.03.04	01:02:10.076	0.58891	0.58933			6
2026.03.04	01:02:10.377		0.58934			4
2026.03.04	01:02:11.577	0.58889				2
2026.03.04	01:02:12.177	0.58888				2
2026.03.04	01:02:12.477	0.58884	0.58935			6
2026.03.04	01:02:12.777	0.58888				2
2026.03.04	01:02:13.077	0.58889	0.58934			6
2026.03.04	01:02:14.278		0.58935			4
2026.03.04	01:02:14.581		0.58934			4
2026.03.04	01:02:15.181	0.58891				2
2026.03.04	01:02:16.682	0.58888				2
2026.03.04	01:02:17.884		0.58935			4
2026.03.04	01:02:18.184		0.58934			4
2026.03.04	01:02:18.783	0.58887				2
2026.03.04	01:02:19.084	0.58888	0.58935			6
2026.03.04	01:02:19.685	0.58887	0.58934			6
2026.03.04	01:02:19.986	0.58886				2
2026.03.04	01:02:20.887	0.58888	0.58940			6
2026.03.04	01:02:21.186	0.58908	0.58947			6
2026.03.04	01:02:21.486	0.58909	0.58950			6
2026.03.04	01:02:21.788	0.58907				2
2026.03.04	01:02:23.288	0.58906	0.58957			6
2026.03.04	01:02:23.589		0.58958			4
2026.03.04	01:02:24.189	0.58905				2
2026.03.04	01:02:24.489	0.58906	0.58959			6
2026.03.04	01:02:25.090	0.58905				2
2026.03.04	01:02:25.392	0.58894	0.58948			6
2026.03.04	01:02:25.692	0.58893	0.58950			6
2026.03.04	01:02:26.292	0.58891	0.58951			6
2026.03.04	01:02:26.893	0.58890	0.58952			6
2026.03.04	01:02:27.794	0.58891	0.58951			6
2026.03.04	01:02:28.396	0.58908	0.58956			6
2026.03.04	01:02:28.996		0.58958			4
2026.03.04	01:02:29.597	0.58903				2
2026.03.04	01:02:29.897	0.58905	0.58951			6
2026.03.04	01:02:31.397	0.58897				2
2026.03.04	01:02:31.696	0.58888				2
2026.03.04	01:02:31.997	0.58885				2
2026.03.04	01:02:36.646	0.58884	0.58950			6
2026.03.04	01:02:42.346		0.58949			4
2026.03.04	01:02:42.646		0.58948			4
2026.03.04	01:02:43.783	0.58882	0.58945			6
2026.03.04	01:02:50.497	0.58883				2
2026.03.04	01:02:52.030	0.58884	0.58938			6
2026.03.04	01:02:52.631	0.58885				2
2026.03.04	01:02:53.535	0.58887				2
2026.03.04	01:02:54.135		0.58939			4
2026.03.04	01:02:54.435		0.58936			4
2026.03.04	01:02:56.839		0.58935			4
2026.03.04	01:02:59.241	0.58886	0.58934			6
2026.03.04	01:02:59.542		0.58936			4
2026.03.04	01:03:00.142	0.58886				2
2026.03.04	01:03:00.743		0.58937			4
2026.03.04	01:03:01.643		0.58936			4
2026.03.04	01:03:01.942		0.58935			4
2026.03.04	01:03:07.048	0.58885	0.58936			6
2026.03.04	01:03:07.650		0.58935			4
2026.03.04	01:03:09.751		0.58934			4
2026.03.04	01:03:10.351	0.58886	0.58935			6
2026.03.04	01:03:10.652	0.58887				2
2026.03.04	01:03:10.953	0.58888	0.58932			6
2026.03.04	01:03:12.456		0.58933			4
2026.03.04	01:03:13.056		0.58934			4
2026.03.04	01:03:13.356		0.58933			4
2026.03.04	01:03:13.958		0.58934			4
2026.03.04	01:03:14.858		0.58932			4
2026.03.04	01:03:15.159		0.58929			4
2026.03.04	01:03:15.460		0.58930			4
2026.03.04	01:03:16.365		0.58929			4
2026.03.04	01:03:18.168		0.58930			4
2026.03.04	01:03:18.769		0.58932			4
2026.03.04	01:03:21.168		0.58933			4
2026.03.04	01:03:21.767		0.58932			4
2026.03.04	01:03:25.971		0.58934			4
2026.03.04	01:03:30.476	0.58890				2
2026.03.04	01:03:31.377		0.58933			4
2026.03.04	01:03:34.682	0.58886	0.58930			6
2026.03.04	01:03:35.289	0.58871	0.58923			6
2026.03.04	01:03:35.583	0.58870	0.58921			6
2026.03.04	01:03:35.885	0.58868				2
2026.03.04	01:03:36.486	0.58869	0.58922			6
2026.03.04	01:03:39.405	0.58875	0.58918			6
2026.03.04	01:03:39.705	0.58877	0.58916			6
2026.03.04	01:03:41.208	0.58865				2
2026.03.04	01:03:42.110	0.58866	0.58915			6
2026.03.04	01:03:43.912	0.58867				2
2026.03.04	01:03:44.214	0.58869	0.58916			6
2026.03.04	01:03:45.113	0.58881				2
2026.03.04	01:03:50.526	0.58882				2
2026.03.04	01:03:51.127		0.58915			4
2026.03.04	01:03:51.428		0.58916			4
2026.03.04	01:03:52.982		0.58915			4
2026.03.04	01:03:54.349		0.58916			4
2026.03.04	01:03:54.950		0.58915			4
2026.03.04	01:03:55.251	0.58880				2
2026.03.04	01:03:55.552		0.58916			4
2026.03.04	01:03:55.852	0.58881				2
2026.03.04	01:03:56.152		0.58914			4
2026.03.04	01:03:56.453	0.58885	0.58917			6
2026.03.04	01:03:56.754	0.58888				2
2026.03.04	01:03:57.054	0.58890				2
2026.03.04	01:03:57.355	0.58889	0.58918			6
2026.03.04	01:03:57.655		0.58919			4
2026.03.04	01:03:58.258	0.58881	0.58924			6
2026.03.04	01:03:59.160	0.58882				2
2026.03.04	01:04:00.062	0.58882				2
2026.03.04	01:04:00.362	0.58881	0.58923			6
2026.03.04	01:04:00.662	0.58882				2
2026.03.04	01:04:00.962	0.58887	0.58927			6
2026.03.04	01:04:01.262	0.58878	0.58920			6
2026.03.04	01:04:01.564	0.58880	0.58921			6
2026.03.04	01:04:01.864	0.58886	0.58913			6
2026.03.04	01:04:02.820		0.58912			4
2026.03.04	01:04:03.814	0.58887				2
2026.03.04	01:04:04.114	0.58889	0.58914			6
2026.03.04	01:04:04.414		0.58913			4
2026.03.04	01:04:04.713	0.58887	0.58911			6
2026.03.04	01:04:05.016		0.58912			4
2026.03.04	01:04:05.317		0.58911			4
2026.03.04	01:04:10.078		0.58910			4
2026.03.04	01:04:10.680	0.58886				2
2026.03.04	01:04:11.402	0.58877	0.58905			6
2026.03.04	01:04:11.702	0.58880	0.58904			6
2026.03.04	01:04:12.559		0.58905			4
2026.03.04	01:04:13.669		0.58903			4
2026.03.04	01:04:14.870	0.58882	0.58904			6
2026.03.04	01:04:15.170		0.58905			4
2026.03.04	01:04:19.076	0.58883	0.58908			6
2026.03.04	01:04:19.376		0.58904			4
2026.03.04	01:04:19.676		0.58906			4
2026.03.04	01:04:23.658	0.58885	0.58907			6
2026.03.04	01:04:24.650	0.58886				2
2026.03.04	01:04:41.244	0.58887				2
2026.03.04	01:04:42.310	0.58886	0.58906			6
2026.03.04	01:04:47.444	0.58887				2
2026.03.04	01:04:50.453	0.58892	0.58894			6
2026.03.04	01:04:50.753	0.58891	0.58893			6
2026.03.04	01:04:51.353	0.58880	0.58882			6
2026.03.04	01:04:51.654	0.58883	0.58885			6
2026.03.04	01:04:51.954	0.58874	0.58896			6
2026.03.04	01:04:52.254	0.58875				2
2026.03.04	01:05:00.060	0.58875				2
2026.03.04	01:05:00.360	0.58884	0.58901			6
2026.03.04	01:05:00.660		0.58903			4
2026.03.04	01:05:00.961	0.58889	0.58907			6
2026.03.04	01:05:01.263		0.58908			4
2026.03.04	01:05:06.665	0.58891				2
2026.03.04	01:05:06.966	0.58897	0.58899			6
2026.03.04	01:05:09.968	0.58900	0.58902			6
2026.03.04	01:05:10.268	0.58905	0.58907			6
2026.03.04	01:05:10.569	0.58904	0.58906			6
2026.03.04	01:05:10.870	0.58901	0.58903			6
2026.03.04	01:05:11.771	0.58900	0.58902			6
2026.03.04	01:05:26.197	0.58901	0.58903			6
2026.03.04	01:05:33.709	0.58897	0.58899			6
2026.03.04	01:05:34.608	0.58896	0.58898			6
2026.03.04	01:05:51.436	0.58895	0.58897			6
2026.03.04	01:05:51.736	0.58890	0.58892			6
2026.03.04	01:05:52.639	0.58884	0.58886			6
2026.03.04	01:05:53.240	0.58883	0.58885			6
2026.03.04	01:05:53.841	0.58881	0.58883			6
2026.03.04	01:05:56.245	0.58882	0.58884			6
2026.03.04	01:05:56.846	0.58881	0.58883			6
2026.03.04	01:06:00.148	0.58881				2
2026.03.04	01:06:03.456	0.58882	0.58884			6
2026.03.04	01:06:03.757	0.58890	0.58892			6
2026.03.04	01:06:04.057	0.58891	0.58893			6
2026.03.04	01:06:08.863	0.58892	0.58894			6
2026.03.04	01:06:16.974	0.58893	0.58895			6
2026.03.04	01:06:20.881	0.58892	0.58894			6
2026.03.04	01:06:25.394	0.58893	0.58895			6
2026.03.04	01:06:45.531	0.58892	0.58894			6
2026.03.04	01:06:45.832	0.58893	0.58895			6
2026.03.04	01:06:57.541	0.58892	0.58894			6
2026.03.04	01:07:00.244	0.58892				2
2026.03.04	01:07:01.746	0.58893	0.58895			6
2026.03.04	01:07:02.947	0.58894	0.58896			6
2026.03.04	01:07:06.250	0.58889	0.58891			6
2026.03.04	01:07:06.552	0.58888	0.58890			6
2026.03.04	01:07:11.071		0.58889			4
2026.03.04	01:07:11.673		0.58890			4
2026.03.04	01:07:11.976		0.58889			4
2026.03.04	01:07:12.276		0.58890			4
2026.03.04	01:07:12.577		0.58889			4
2026.03.04	01:07:12.877		0.58890			4
2026.03.04	01:07:13.176		0.58889			4
2026.03.04	01:07:13.777		0.58890			4
2026.03.04	01:07:14.078		0.58889			4
2026.03.04	01:07:14.382		0.58890			4
2026.03.04	01:07:14.682		0.58889			4
2026.03.04	01:07:14.982		0.58890			4
2026.03.04	01:07:17.992	0.58893	0.58895			6
2026.03.04	01:07:23.700	0.58894	0.58896			6
2026.03.04	01:07:29.112	0.58898	0.58900			6
2026.03.04	01:07:29.413	0.58899	0.58901			6
2026.03.04	01:07:29.713	0.58900	0.58902			6
2026.03.04	01:07:32.417	0.58899	0.58901			6
2026.03.04	01:07:40.536	0.58896	0.58898			6
2026.03.04	01:07:40.835	0.58893	0.58895			6
2026.03.04	01:07:41.737	0.58892	0.58894			6
2026.03.04	01:07:49.549	0.58891	0.58893			6
2026.03.04	01:07:50.149	0.58887	0.58889			6
2026.03.04	01:07:53.153	0.58886	0.58888			6
2026.03.04	01:07:57.661	0.58894	0.58896			6
2026.03.04	01:07:58.262	0.58893	0.58895			6
2026.03.04	01:07:59.769	0.58899	0.58901			6
2026.03.04	01:08:00.070	0.58898	0.58900			6
2026.03.04	01:08:06.097	0.58899	0.58901			6
2026.03.04	01:08:15.122	0.58901	0.58903			6
2026.03.04	01:08:31.341	0.58903	0.58905			6
2026.03.04	01:08:33.141	0.58902	0.58904			6
2026.03.04	01:08:33.442	0.58903	0.58905			6
2026.03.04	01:08:47.564	0.58904	0.58906			6
2026.03.04	01:08:47.864	0.58905	0.58907			6
2026.03.04	01:08:49.668	0.58906	0.58908			6
2026.03.04	01:08:50.869	0.58905	0.58907			6
2026.03.04	01:08:53.575	0.58907	0.58909			6
2026.03.04	01:08:53.877	0.58908	0.58910			6
2026.03.04	01:08:54.176	0.58909	0.58911			6
2026.03.04	01:08:55.378	0.58907	0.58909			6
2026.03.04	01:08:55.678	0.58906	0.58908			6
2026.03.04	01:08:57.179	0.58901	0.58903			6
2026.03.04	01:09:00.186	0.58901				2
2026.03.04	01:09:00.486	0.58900	0.58902			6
2026.03.04	01:09:01.686	0.58902	0.58904			6
2026.03.04	01:09:01.987	0.58903	0.58905			6
2026.03.04	01:09:08.905	0.58904	0.58906			6
2026.03.04	01:09:12.511	0.58908	0.58910			6
2026.03.04	01:09:16.421	0.58907	0.58909			6
2026.03.04	01:09:16.720	0.58904	0.58906			6
2026.03.04	01:09:19.123	0.58903	0.58905			6
2026.03.04	01:09:20.624	0.58904	0.58906			6
2026.03.04	01:09:20.926	0.58903	0.58905			6
2026.03.04	01:09:21.826	0.58902	0.58904			6
2026.03.04	01:09:24.227	0.58903	0.58905			6
2026.03.04	01:09:24.527	0.58904	0.58906			6
2026.03.04	01:09:30.834	0.58907	0.58909			6
2026.03.04	01:09:31.133	0.58906	0.58908			6
2026.03.04	01:09:33.236	0.58907	0.58909			6
2026.03.04	01:09:33.536	0.58906	0.58908			6
2026.03.04	01:09:33.836	0.58907	0.58909			6
2026.03.04	01:09:39.543	0.58909	0.58911			6
2026.03.04	01:09:40.145	0.58910	0.58912			6
2026.03.04	01:09:40.445	0.58912	0.58914			6
2026.03.04	01:09:41.348	0.58909	0.58911			6
2026.03.04	01:09:41.648	0.58907	0.58909			6
2026.03.04	01:09:45.857	0.58912	0.58914			6
2026.03.04	01:09:51.263	0.58908	0.58910			6
2026.03.04	01:09:51.563	0.58907	0.58909			6
2026.03.04	01:10:00.281	0.58907				2
2026.03.04	01:10:19.215	0.58908	0.58910			6
2026.03.04	01:10:19.514	0.58910	0.58912			6
2026.03.04	01:10:25.828	0.58911	0.58913			6
2026.03.04	01:10:26.124	0.58912	0.58914			6
2026.03.04	01:10:27.929	0.58916	0.58918			6
2026.03.04	01:10:35.440	0.58915	0.58917			6
2026.03.04	01:10:36.340	0.58916	0.58918			6
2026.03.04	01:10:36.640	0.58915	0.58917			6
2026.03.04	01:10:37.241	0.58916	0.58918			6
2026.03.04	01:10:37.541	0.58915	0.58917			6
2026.03.04	01:10:37.841	0.58916	0.58918			6
2026.03.04	01:10:44.447	0.58917	0.58919			6
2026.03.04	01:11:00.086	0.58917				2
2026.03.04	01:11:04.900	0.58918	0.58920			6
2026.03.04	01:11:05.200	0.58917	0.58919			6
2026.03.04	01:11:06.102	0.58918	0.58920			6
2026.03.04	01:11:07.307	0.58919	0.58921			6
2026.03.04	01:11:07.608	0.58918	0.58920			6
2026.03.04	01:11:10.314	0.58921	0.58923			6
2026.03.04	01:11:11.518	0.58922	0.58924			6
2026.03.04	01:11:20.835	0.58923	0.58925			6
2026.03.04	01:11:28.048	0.58925	0.58927			6
2026.03.04	01:11:28.348	0.58924	0.58926			6
2026.03.04	01:11:29.253	0.58923	0.58925			6
2026.03.04	01:11:39.771	0.58922	0.58924			6
2026.03.04	01:11:49.990	0.58920	0.58922			6
2026.03.04	01:11:51.792	0.58921	0.58923			6
2026.03.04	01:11:53.297	0.58926	0.58928			6
2026.03.04	01:11:53.895	0.58927	0.58929			6
2026.03.04	01:11:56.603	0.58928	0.58930			6
2026.03.04	01:11:56.900	0.58930	0.58932			6
2026.03.04	01:11:58.102	0.58932	0.58934			6
2026.03.04	01:11:58.402	0.58930	0.58932			6
2026.03.04	01:12:00.205	0.58930				2
2026.03.04	01:12:02.906	0.58929	0.58931			6
2026.03.04	01:12:05.313	0.58930	0.58932			6
2026.03.04	01:12:05.913	0.58931	0.58933			6
2026.03.04	01:12:08.316	0.58932	0.58934			6
2026.03.04	01:12:10.717	0.58936	0.58938			6
2026.03.04	01:12:24.538	0.58939	0.58941			6
2026.03.04	01:12:25.738	0.58940	0.58942			6
2026.03.04	01:12:26.038	0.58939	0.58941			6
2026.03.04	01:12:29.040	0.58940	0.58942			6
2026.03.04	01:12:36.257	0.58937	0.58939			6
2026.03.04	01:12:36.558	0.58936	0.58938			6
2026.03.04	01:12:40.160	0.58939	0.58941			6
2026.03.04	01:12:41.062	0.58940	0.58942			6
2026.03.04	01:12:44.069	0.58939	0.58941			6
2026.03.04	01:12:44.370	0.58936	0.58938			6
2026.03.04	01:12:57.288		0.58937			4
2026.03.04	01:12:57.591	0.58935				2
2026.03.04	01:12:58.190	0.58936	0.58938			6
2026.03.04	01:12:58.490	0.58935	0.58937			6
2026.03.04	01:13:00.292	0.58935				2
2026.03.04	01:13:01.796	0.58936	0.58938			6
2026.03.04	01:13:04.802	0.58937	0.58939			6
2026.03.04	01:13:06.603	0.58938	0.58940			6
2026.03.04	01:13:11.109		0.58939			4
2026.03.04	01:13:11.409	0.58937				2
2026.03.04	01:13:14.117	0.58938	0.58940			6
2026.03.04	01:13:14.417	0.58939	0.58941			6
2026.03.04	01:13:17.117	0.58938	0.58940			6
2026.03.04	01:13:18.018	0.58939	0.58941			6
2026.03.04	01:13:21.927	0.58940	0.58942			6
2026.03.04	01:13:22.528	0.58938	0.58940			6
2026.03.04	01:13:22.827	0.58937	0.58939			6
2026.03.04	01:13:23.128	0.58936	0.58938			6
2026.03.04	01:13:23.730	0.58935	0.58937			6
2026.03.04	01:13:24.032	0.58936	0.58938			6
2026.03.04	01:13:33.041	0.58935	0.58937			6
2026.03.04	01:13:36.644	0.58936	0.58938			6
2026.03.04	01:13:39.648	0.58937	0.58939			6
2026.03.04	01:13:39.948	0.58939	0.58941			6
2026.03.04	01:13:42.053	0.58940	0.58942			6
2026.03.04	01:13:46.263	0.58938	0.58940			6
2026.03.04	01:13:46.864	0.58937	0.58939			6
2026.03.04	01:13:47.465	0.58938				2
2026.03.04	01:13:48.366	0.58939	0.58941			6
2026.03.04	01:13:49.568	0.58940	0.58942			6
2026.03.04	01:13:52.573	0.58941				2
2026.03.04	01:13:52.873	0.58944	0.58946			6
2026.03.04	01:13:57.379	0.58943	0.58945			6
2026.03.04	01:14:00.081	0.58943				2
2026.03.04	01:14:03.092	0.58944	0.58946			6
2026.03.04	01:14:04.894	0.58943	0.58945			6
2026.03.04	01:14:07.901	0.58942	0.58943			6
2026.03.04	01:14:08.200	0.58941				2
2026.03.04	01:14:31.336	0.58942	0.58944			6
2026.03.04	01:14:32.837	0.58943	0.58945			6
2026.03.04	01:14:33.136	0.58945	0.58947			6
2026.03.04	01:14:33.737	0.58946	0.58948			6
2026.03.04	01:14:37.942	0.58949	0.58951			6
2026.03.04	01:14:39.443	0.58948	0.58950			6
2026.03.04	01:14:44.851	0.58950	0.58952			6
2026.03.04	01:14:45.150	0.58951	0.58953			6
2026.03.04	01:14:45.450	0.58952	0.58954			6
2026.03.04	01:14:47.252	0.58953	0.58955			6
2026.03.04	01:14:50.559	0.58952	0.58954			6
2026.03.04	01:14:51.160	0.58953	0.58955			6
2026.03.04	01:14:58.076	0.58955	0.58957			6
2026.03.04	01:14:58.375	0.58956	0.58958			6
2026.03.04	01:14:58.676	0.58955	0.58957			6
2026.03.04	01:14:59.275	0.58956	0.58958			6
2026.03.04	01:14:59.576	0.58955	0.58957			6
2026.03.04	01:15:00.175	0.58955				2
2026.03.04	01:15:00.476	0.58956	0.58958			6
2026.03.04	01:15:00.777	0.58955	0.58957			6
2026.03.04	01:15:01.377	0.58956	0.58958			6
2026.03.04	01:15:04.083	0.58958	0.58960			6
2026.03.04	01:15:04.381	0.58959	0.58961			6
2026.03.04	01:15:04.682	0.58958	0.58960			6
2026.03.04	01:15:07.685	0.58956	0.58957			6
2026.03.04	01:15:07.985	0.58955	0.58956			6
2026.03.04	01:15:08.286	0.58954				2
2026.03.04	01:15:10.391	0.58950	0.58952			6
2026.03.04	01:15:10.689	0.58949	0.58951			6
2026.03.04	01:15:14.297	0.58950	0.58952			6
2026.03.04	01:15:15.497	0.58952	0.58954			6
2026.03.04	01:15:16.098	0.58953	0.58955			6
2026.03.04	01:15:16.398	0.58956	0.58958			6
2026.03.04	01:15:21.206	0.58958	0.58960			6
2026.03.04	01:15:21.507	0.58957	0.58959			6
2026.03.04	01:15:22.410	0.58958	0.58960			6
2026.03.04	01:15:23.613		0.58959			4
2026.03.04	01:15:23.914	0.58957				2
2026.03.04	01:15:27.516	0.58958	0.58960			6
2026.03.04	01:15:27.818	0.58957	0.58959			6
2026.03.04	01:15:29.918	0.58956	0.58958			6
2026.03.04	01:15:33.823	0.58955	0.58957			6
2026.03.04	01:15:34.425	0.58954	0.58956			6
2026.03.04	01:15:34.725	0.58953	0.58955			6
2026.03.04	01:15:40.431	0.58956	0.58958			6
2026.03.04	01:15:42.233	0.58957	0.58959			6
2026.03.04	01:15:43.434	0.58956	0.58958			6
2026.03.04	01:16:00.253	0.58956				2
2026.03.04	01:16:00.554	0.58957	0.58959			6
2026.03.04	01:16:02.358	0.58958	0.58960			6
2026.03.04	01:16:05.065	0.58956	0.58958			6
2026.03.04	01:16:05.666	0.58955	0.58957			6
2026.03.04	01:16:06.871	0.58952	0.58954			6
2026.03.04	01:16:07.170	0.58950	0.58952			6
2026.03.04	01:16:07.471	0.58952	0.58954			6
2026.03.04	01:16:08.372	0.58953	0.58955			6
2026.03.04	01:16:09.875	0.58952	0.58954			6
2026.03.04	01:16:14.981	0.58951	0.58953			6
2026.03.04	01:16:18.584	0.58947	0.58949			6
2026.03.04	01:16:20.389	0.58948	0.58950			6
2026.03.04	01:16:20.688	0.58950	0.58952			6
2026.03.04	01:16:23.694	0.58948	0.58950			6
2026.03.04	01:16:30.908	0.58950	0.58952			6
2026.03.04	01:16:32.108	0.58949	0.58951			6
2026.03.04	01:16:42.617	0.58948	0.58950			6
2026.03.04	01:16:42.917	0.58947	0.58949			6
2026.03.04	01:16:47.729	0.58948	0.58950			6
2026.03.04	01:16:48.028	0.58950	0.58952			6
2026.03.04	01:16:51.335	0.58951	0.58953			6
2026.03.04	01:16:51.634	0.58953	0.58955			6
2026.03.04	01:16:52.235	0.58954	0.58956			6
2026.03.04	01:16:52.534	0.58953	0.58955			6
2026.03.04	01:16:53.437	0.58954	0.58956			6
2026.03.04	01:16:53.737	0.58956	0.58958			6
2026.03.04	01:16:55.840	0.58958	0.58960			6
2026.03.04	01:16:57.340	0.58957	0.58959			6
2026.03.04	01:17:00.042	0.58957				2
2026.03.04	01:17:00.642	0.58958	0.58960			6
2026.03.04	01:17:01.243	0.58957	0.58959			6
2026.03.04	01:17:07.549	0.58956	0.58958			6
2026.03.04	01:17:07.854	0.58957	0.58959			6
2026.03.04	01:17:20.167	0.58956	0.58958			6
2026.03.04	01:17:20.467	0.58951	0.58953			6
2026.03.04	01:17:20.768	0.58950	0.58952			6
2026.03.04	01:17:23.170	0.58951	0.58953			6
2026.03.04	01:17:27.984	0.58950	0.58952			6
2026.03.04	01:17:29.185	0.58949	0.58951			6
2026.03.04	01:17:30.692	0.58948	0.58950			6
2026.03.04	01:17:30.995	0.58947	0.58949			6
2026.03.04	01:17:39.710	0.58946	0.58948			6
2026.03.04	01:17:40.011	0.58945	0.58947			6
2026.03.04	01:17:40.612	0.58944	0.58946			6
2026.03.04	01:17:44.220	0.58943	0.58945			6
2026.03.04	01:17:47.826	0.58944	0.58946			6
2026.03.04	01:17:59.240	0.58943	0.58945			6
2026.03.04	01:18:00.141	0.58943				2
2026.03.04	01:18:06.449	0.58944	0.58946			6
2026.03.04	01:18:09.152	0.58940	0.58942			6
2026.03.04	01:18:10.653	0.58939	0.58941			6
2026.03.04	01:18:10.955	0.58938	0.58940			6
2026.03.04	01:18:11.554	0.58939	0.58941			6
2026.03.04	01:18:12.154	0.58938	0.58940			6
2026.03.04	01:18:15.460	0.58943	0.58945			6
2026.03.04	01:18:25.067	0.58944	0.58946			6
2026.03.04	01:18:29.574	0.58943	0.58945			6
2026.03.04	01:18:49.401	0.58944	0.58946			6
2026.03.04	01:18:53.606	0.58945	0.58947			6
2026.03.04	01:18:55.106	0.58943	0.58945			6
2026.03.04	01:18:55.409	0.58942	0.58944			6
2026.03.04	01:18:56.609	0.58941	0.58943			6
2026.03.04	01:18:59.314	0.58942	0.58944			6
2026.03.04	01:19:00.217	0.58942				2
2026.03.04	01:19:02.621	0.58944	0.58946			6
2026.03.04	01:19:02.920	0.58943	0.58945			6
2026.03.04	01:19:06.826	0.58942	0.58944			6
2026.03.04	01:19:11.031	0.58940	0.58942			6
2026.03.04	01:19:11.332	0.58941	0.58943			6
2026.03.04	01:19:12.531	0.58940	0.58942			6
2026.03.04	01:19:13.431	0.58941	0.58943			6
2026.03.04	01:19:35.368	0.58942	0.58944			6
2026.03.04	01:19:35.668	0.58943	0.58945			6
2026.03.04	01:19:36.870	0.58944	0.58946			6
2026.03.04	01:19:38.380	0.58943	0.58945			6
2026.03.04	01:19:42.286	0.58944	0.58946			6
2026.03.04	01:19:42.890	0.58943	0.58945			6
2026.03.04	01:19:43.192	0.58945	0.58947			6
2026.03.04	01:19:43.791	0.58946	0.58948			6
2026.03.04	01:19:44.093	0.58947	0.58949			6
2026.03.04	01:19:44.393	0.58948	0.58950			6
2026.03.04	01:19:45.295	0.58949	0.58951			6
2026.03.04	01:19:45.595	0.58948	0.58950			6
2026.03.04	01:19:45.896	0.58949	0.58951			6
2026.03.04	01:19:46.496	0.58950	0.58952			6
2026.03.04	01:19:49.499	0.58947	0.58949			6
2026.03.04	01:19:51.300	0.58946	0.58948			6
2026.03.04	01:19:52.202	0.58945	0.58947			6
2026.03.04	01:19:52.503	0.58944	0.58946			6
2026.03.04	01:19:58.508	0.58942	0.58944			6
2026.03.04	01:19:58.810	0.58941	0.58943			6
2026.03.04	01:19:59.110	0.58940	0.58942			6
2026.03.04	01:20:00.013	0.58940				2
2026.03.04	01:20:00.316	0.58943	0.58945			6
2026.03.04	01:20:00.613	0.58941	0.58943			6
2026.03.04	01:20:00.914	0.58939	0.58941			6
2026.03.04	01:20:03.915	0.58940	0.58942			6
2026.03.04	01:20:06.620	0.58942	0.58944			6
2026.03.04	01:20:10.827	0.58941	0.58943			6
2026.03.04	01:20:13.529	0.58940	0.58942			6
2026.03.04	01:20:17.134	0.58939	0.58941			6
2026.03.04	01:20:20.735	0.58937	0.58939			6
2026.03.04	01:20:26.441	0.58935	0.58937			6
2026.03.04	01:20:26.751	0.58934	0.58936			6
2026.03.04	01:20:27.046	0.58935	0.58937			6
2026.03.04	01:20:30.959	0.58937	0.58939			6
2026.03.04	01:20:31.561	0.58938	0.58940			6
2026.03.04	01:20:34.873	0.58940	0.58942			6
2026.03.04	01:20:35.772	0.58939	0.58941			6
2026.03.04	01:20:36.072	0.58940	0.58942			6
2026.03.04	01:20:36.676	0.58939	0.58941			6
2026.03.04	01:20:37.877	0.58938	0.58940			6
2026.03.04	01:20:46.302	0.58937	0.58939			6
2026.03.04	01:20:53.514	0.58935	0.58937			6
2026.03.04	01:20:55.017	0.58934	0.58936			6
2026.03.04	01:21:00.123	0.58934				2
2026.03.04	01:21:04.632	0.58932	0.58934			6
2026.03.04	01:21:04.932	0.58929	0.58931			6
2026.03.04	01:21:06.429	0.58928	0.58930			6
2026.03.04	01:21:07.630	0.58929	0.58931			6
2026.03.04	01:21:08.531	0.58928	0.58930			6
2026.03.04	01:21:09.434	0.58927	0.58929			6
2026.03.04	01:21:10.936	0.58928	0.58930			6
2026.03.04	01:21:11.235	0.58929	0.58931			6
2026.03.04	01:21:16.346	0.58927	0.58929			6
2026.03.04	01:21:19.051	0.58932	0.58934			6
2026.03.04	01:21:21.455	0.58931	0.58933			6
2026.03.04	01:21:22.359	0.58932	0.58934			6
2026.03.04	01:21:22.658	0.58933	0.58935			6
2026.03.04	01:21:30.476	0.58934	0.58936			6
2026.03.04	01:21:44.909	0.58933	0.58935			6
2026.03.04	01:21:45.510	0.58934	0.58936			6
2026.03.04	01:21:56.936	0.58935	0.58937			6
2026.03.04	01:21:58.737	0.58934	0.58936			6
2026.03.04	01:22:00.240	0.58934				2
2026.03.04	01:22:02.341	0.58931	0.58933			6
2026.03.04	01:22:03.246	0.58926	0.58928			6
2026.03.04	01:22:03.541	0.58924	0.58926			6
2026.03.04	01:22:03.840	0.58925	0.58927			6
2026.03.04	01:22:04.140	0.58924	0.58926			6
2026.03.04	01:22:05.043	0.58923	0.58925			6
2026.03.04	01:22:06.544	0.58919	0.58921			6
2026.03.04	01:22:07.444	0.58920	0.58922			6
2026.03.04	01:22:07.744	0.58919	0.58921			6
2026.03.04	01:22:08.344	0.58918	0.58920			6
2026.03.04	01:22:11.349	0.58916	0.58918			6
2026.03.04	01:22:11.646	0.58915	0.58917			6
2026.03.04	01:22:13.750	0.58916	0.58918			6
2026.03.04	01:22:15.856	0.58917	0.58919			6
2026.03.04	01:22:16.156	0.58918	0.58920			6
2026.03.04	01:22:18.259	0.58915	0.58917			6
2026.03.04	01:22:18.559	0.58916	0.58918			6
2026.03.04	01:22:18.859	0.58917	0.58919			6
2026.03.04	01:22:20.359	0.58918	0.58920			6
2026.03.04	01:22:21.265	0.58921	0.58923			6
2026.03.04	01:22:21.561	0.58923	0.58925			6
2026.03.04	01:22:22.160	0.58924	0.58926			6
2026.03.04	01:22:22.462	0.58925	0.58927			6
2026.03.04	01:22:27.874	0.58926	0.58928			6
2026.03.04	01:22:28.775	0.58925	0.58927			6
2026.03.04	01:22:29.075	0.58926	0.58928			6
2026.03.04	01:22:29.675	0.58927	0.58929			6
2026.03.04	01:22:32.378	0.58926	0.58928			6
2026.03.04	01:22:38.393	0.58925	0.58927			6
2026.03.04	01:22:38.693	0.58921	0.58923			6
2026.03.04	01:22:39.294	0.58920	0.58922			6
2026.03.04	01:22:39.594	0.58921				2
2026.03.04	01:22:39.894	0.58915	0.58917			6
2026.03.04	01:22:41.095	0.58914	0.58916			6
2026.03.04	01:22:42.603	0.58913	0.58915			6
2026.03.04	01:22:49.820	0.58914	0.58916			6
2026.03.04	01:22:50.118	0.58915	0.58917			6
2026.03.04	01:22:50.419	0.58916	0.58918			6
2026.03.04	01:22:54.628	0.58915	0.58917			6
2026.03.04	01:22:58.533	0.58914	0.58916			6
2026.03.04	01:22:59.434	0.58915	0.58917			6
2026.03.04	01:23:00.034	0.58915				2
2026.03.04	01:23:01.837	0.58918	0.58920			6
2026.03.04	01:23:02.137	0.58919	0.58921			6
2026.03.04	01:23:02.439	0.58920	0.58922			6
2026.03.04	01:23:02.737	0.58923	0.58925			6
2026.03.04	01:23:03.337	0.58924	0.58926			6
2026.03.04	01:23:05.140	0.58922	0.58924			6
2026.03.04	01:23:06.944	0.58923	0.58925			6
2026.03.04	01:23:08.148	0.58924	0.58926			6
2026.03.04	01:23:11.754	0.58925	0.58927			6
2026.03.04	01:23:12.054	0.58924	0.58926			6
2026.03.04	01:23:13.558	0.58928	0.58930			6
2026.03.04	01:23:14.158	0.58927	0.58929			6
2026.03.04	01:23:15.659	0.58926	0.58928			6
2026.03.04	01:23:15.959	0.58925	0.58927			6
2026.03.04	01:23:16.259	0.58926	0.58928			6
2026.03.04	01:23:16.558	0.58927	0.58929			6
2026.03.04	01:23:17.158	0.58929	0.58931			6
2026.03.04	01:23:18.964	0.58930	0.58932			6
2026.03.04	01:23:20.461	0.58929	0.58931			6
2026.03.04	01:23:22.270	0.58928	0.58930			6
2026.03.04	01:23:22.565	0.58927	0.58929			6
2026.03.04	01:23:23.467	0.58928	0.58930			6
2026.03.04	01:23:25.569	0.58927	0.58929			6
2026.03.04	01:23:33.392	0.58926	0.58928			6
2026.03.04	01:23:34.593	0.58925	0.58927			6
2026.03.04	01:23:37.305	0.58926	0.58928			6
2026.03.04	01:23:37.604	0.58925	0.58927			6
2026.03.04	01:23:38.505	0.58924	0.58926			6
2026.03.04	01:23:40.009	0.58925	0.58927			6
2026.03.04	01:23:41.214	0.58923	0.58925			6
2026.03.04	01:23:55.638	0.58922	0.58924			6
2026.03.04	01:23:59.844	0.58923	0.58925			6
2026.03.04	01:24:00.143	0.58923				2
2026.03.04	01:24:01.345	0.58920	0.58922			6
2026.03.04	01:24:01.646	0.58919	0.58921			6
2026.03.04	01:24:02.546	0.58920	0.58922			6
2026.03.04	01:24:06.754	0.58918	0.58920			6
2026.03.04	01:24:07.971	0.58917	0.58919			6
2026.03.04	01:24:08.265	0.58919	0.58920			6
2026.03.04	01:24:08.567	0.58918				2
2026.03.04	01:24:09.169	0.58919				2
2026.03.04	01:24:09.467	0.58918				2
2026.03.04	01:24:09.769	0.58919				2
2026.03.04	01:24:10.069	0.58918	0.58919			6
2026.03.04	01:24:10.367		0.58920			4
2026.03.04	01:24:10.667		0.58919			4
2026.03.04	01:24:10.968		0.58920			4
2026.03.04	01:24:16.985	0.58913	0.58914			6
2026.03.04	01:24:17.285	0.58911	0.58913			6
2026.03.04	01:24:18.187	0.58910	0.58912			6
2026.03.04	01:24:19.392	0.58909	0.58911			6
2026.03.04	01:24:20.296		0.58910			4
2026.03.04	01:24:20.597	0.58912	0.58914			6
2026.03.04	01:24:23.903	0.58911	0.58913			6
2026.03.04	01:24:24.204	0.58912	0.58914			6
2026.03.04	01:24:30.220	0.58911	0.58912			6
2026.03.04	01:24:30.518	0.58910				2
2026.03.04	01:24:31.720	0.58909	0.58911			6
2026.03.04	01:24:41.336	0.58903	0.58905			6
2026.03.04	01:24:41.636	0.58899	0.58901			6
2026.03.04	01:24:41.937	0.58898	0.58900			6
2026.03.04	01:24:46.142	0.58899	0.58901			6
2026.03.04	01:24:54.866	0.58901	0.58902			6
2026.03.04	01:24:55.163	0.58903	0.58905			6
2026.03.04	01:25:00.279	0.58903				2
2026.03.04	01:25:20.415	0.58904	0.58906			6
2026.03.04	01:25:21.615	0.58906	0.58908			6
2026.03.04	01:25:23.720	0.58907	0.58909			6
2026.03.04	01:25:25.226	0.58908	0.58910			6
2026.03.04	01:25:25.525	0.58909	0.58911			6
2026.03.04	01:25:39.937	0.58910	0.58912			6
2026.03.04	01:25:42.039	0.58909	0.58911			6
2026.03.04	01:25:43.840	0.58910	0.58912			6
2026.03.04	01:25:46.852	0.58909	0.58911			6
2026.03.04	01:25:49.258	0.58910	0.58912			6
2026.03.04	01:25:52.875	0.58912	0.58914			6
2026.03.04	01:25:54.682	0.58911	0.58913			6
2026.03.04	01:26:00.099	0.58911				2
2026.03.04	01:26:00.700	0.58912	0.58914			6
2026.03.04	01:26:02.202	0.58910	0.58912			6
2026.03.04	01:26:14.518	0.58911	0.58913			6
2026.03.04	01:26:17.226	0.58910	0.58912			6
2026.03.04	01:26:22.335	0.58911	0.58913			6
2026.03.04	01:26:23.234	0.58910	0.58912			6
2026.03.04	01:26:31.341	0.58908	0.58910			6
2026.03.04	01:26:32.542	0.58909	0.58911			6
2026.03.04	01:26:32.843	0.58910	0.58912			6
2026.03.04	01:26:34.948	0.58909	0.58911			6
2026.03.04	01:26:35.249	0.58907	0.58908			6
2026.03.04	01:26:35.548	0.58905	0.58907			6
2026.03.04	01:26:36.450	0.58904	0.58906			6
2026.03.04	01:26:36.752	0.58905	0.58907			6
2026.03.04	01:26:40.664	0.58904	0.58906			6
2026.03.04	01:26:51.198	0.58903	0.58905			6
2026.03.04	01:26:51.500	0.58902	0.58904			6
2026.03.04	01:26:52.704	0.58904	0.58906			6
2026.03.04	01:26:53.002	0.58906	0.58908			6
2026.03.04	01:27:00.216	0.58906				2
2026.03.04	01:27:02.919	0.58904	0.58906			6
2026.03.04	01:27:03.520	0.58905	0.58907			6
2026.03.04	01:27:09.533	0.58910	0.58912			6
2026.03.04	01:27:10.433	0.58911	0.58913			6
2026.03.04	01:27:12.537	0.58910	0.58912			6
2026.03.04	01:27:17.643	0.58911	0.58913			6
2026.03.04	01:27:17.939	0.58913	0.58915			6
2026.03.04	01:27:21.846	0.58911	0.58913			6
2026.03.04	01:27:27.553	0.58909	0.58911			6
2026.03.04	01:27:27.854	0.58908	0.58910			6
2026.03.04	01:27:31.161	0.58907	0.58909			6
2026.03.04	01:27:32.664	0.58908	0.58910			6
2026.03.04	01:27:40.486	0.58910	0.58912			6
2026.03.04	01:27:42.590	0.58908	0.58910			6
2026.03.04	01:27:43.191	0.58907	0.58908			6
2026.03.04	01:27:43.491	0.58905	0.58907			6
2026.03.04	01:27:49.204	0.58907	0.58909			6
2026.03.04	01:27:52.209	0.58905	0.58907			6
2026.03.04	01:27:55.816	0.58907	0.58909			6
2026.03.04	01:27:56.417	0.58908	0.58910			6
2026.03.04	01:27:57.019	0.58906	0.58908			6
2026.03.04	01:27:57.318	0.58905	0.58907			6
2026.03.04	01:28:00.024	0.58905				2
2026.03.04	01:28:01.527	0.58896	0.58898			6
2026.03.04	01:28:02.727	0.58895	0.58897			6
2026.03.04	01:28:03.028	0.58896	0.58898			6
2026.03.04	01:28:06.030	0.58895	0.58897			6
2026.03.04	01:28:06.934	0.58893	0.58895			6
2026.03.04	01:28:12.037	0.58895	0.58897			6
2026.03.04	01:28:12.939	0.58894	0.58896			6
2026.03.04	01:28:22.849	0.58898	0.58900			6
2026.03.04	01:28:23.150	0.58900	0.58902			6
2026.03.04	01:28:26.451	0.58899	0.58901			6
2026.03.04	01:28:26.752	0.58900	0.58902			6
2026.03.04	01:28:28.256	0.58897	0.58899			6
2026.03.04	01:28:28.858	0.58894	0.58896			6
2026.03.04	01:28:36.668	0.58895	0.58897			6
2026.03.04	01:28:36.969	0.58896	0.58898			6
2026.03.04	01:28:37.273	0.58897	0.58899			6
2026.03.04	01:28:39.680	0.58896	0.58898			6
2026.03.04	01:28:40.280	0.58897	0.58899			6
2026.03.04	01:28:40.581	0.58896	0.58898			6
2026.03.04	01:28:42.389	0.58897	0.58899			6
2026.03.04	01:28:50.215	0.58898	0.58900			6
2026.03.04	01:28:50.515	0.58899	0.58901			6
2026.03.04	01:28:51.415	0.58900	0.58902			6
2026.03.04	01:28:54.117	0.58898	0.58900			6
2026.03.04	01:29:00.129	0.58898				2
2026.03.04	01:29:00.430	0.58899	0.58901			6
2026.03.04	01:29:03.734	0.58900	0.58902			6
2026.03.04	01:29:04.934	0.58902	0.58904			6
2026.03.04	01:29:05.234	0.58903	0.58905			6
2026.03.04	01:29:15.141	0.58905	0.58907			6
2026.03.04	01:29:15.441	0.58906	0.58908			6
2026.03.04	01:29:18.443	0.58905	0.58907			6
2026.03.04	01:29:29.868	0.58903	0.58905			6
2026.03.04	01:29:36.483	0.58902	0.58904			6
2026.03.04	01:29:37.084	0.58905	0.58907			6
2026.03.04	01:29:40.389	0.58907	0.58909			6
2026.03.04	01:29:42.494	0.58908	0.58910			6
2026.03.04	01:30:00.242	0.58908				2
2026.03.04	01:30:02.045	0.58909	0.58911			6
2026.03.04	01:30:06.853	0.58911	0.58913			6
2026.03.04	01:30:07.154	0.58912	0.58914			6
2026.03.04	01:30:07.759	0.58911	0.58913			6
2026.03.04	01:30:08.361	0.58910	0.58912			6
2026.03.04	01:30:17.385	0.58909	0.58911			6
2026.03.04	01:30:17.686	0.58910	0.58912			6
2026.03.04	01:30:18.588	0.58909	0.58911			6
2026.03.04	01:30:19.789	0.58910	0.58912			6
2026.03.04	01:30:20.990	0.58909	0.58911			6
2026.03.04	01:30:30.909	0.58908	0.58910			6
2026.03.04	01:30:31.204	0.58905	0.58907			6
2026.03.04	01:30:32.114	0.58904	0.58906			6
2026.03.04	01:30:33.619	0.58907	0.58909			6
2026.03.04	01:30:33.920	0.58909	0.58911			6
2026.03.04	01:30:34.820	0.58908	0.58910			6
2026.03.04	01:30:36.625	0.58909	0.58911			6
2026.03.04	01:30:37.828	0.58908	0.58910			6
2026.03.04	01:30:40.235	0.58907	0.58909			6
2026.03.04	01:30:40.535	0.58906	0.58908			6
2026.03.04	01:30:45.042	0.58905	0.58907			6
2026.03.04	01:30:45.343	0.58904	0.58906			6
2026.03.04	01:30:50.151	0.58906	0.58908			6
2026.03.04	01:30:51.351	0.58908	0.58910			6
2026.03.04	01:30:51.951	0.58907	0.58909			6
2026.03.04	01:30:52.251	0.58908	0.58910			6
2026.03.04	01:30:56.164	0.58910	0.58912			6
2026.03.04	01:30:58.264	0.58909	0.58911			6
2026.03.04	01:31:00.067	0.58909				2
2026.03.04	01:31:01.268	0.58912	0.58914			6
2026.03.04	01:31:02.471	0.58913	0.58915			6
2026.03.04	01:31:04.875	0.58907	0.58909			6
2026.03.04	01:31:05.174	0.58905	0.58907			6
2026.03.04	01:31:06.375	0.58904	0.58906			6
2026.03.04	01:31:07.278	0.58906	0.58908			6
2026.03.04	01:31:07.578	0.58907	0.58909			6
2026.03.04	01:31:14.185	0.58908				2
2026.03.04	01:31:14.479	0.58910	0.58912			6
2026.03.04	01:31:15.681	0.58909	0.58911			6
2026.03.04	01:31:18.384	0.58910	0.58912			6
2026.03.04	01:31:21.089	0.58911	0.58913			6
2026.03.04	01:31:34.018	0.58912	0.58914			6
2026.03.04	01:31:41.226	0.58911	0.58913			6
2026.03.04	01:31:43.326	0.58912	0.58914			6
2026.03.04	01:31:56.244	0.58911	0.58913			6
2026.03.04	01:31:56.543	0.58912	0.58914			6
2026.03.04	01:31:56.843	0.58911	0.58913			6
2026.03.04	01:31:58.046	0.58910	0.58912			6
2026.03.04	01:32:00.150	0.58910				2
2026.03.04	01:32:00.749	0.58909	0.58911			6
2026.03.04	01:32:03.751	0.58911	0.58913			6
2026.03.04	01:32:04.950	0.58912	0.58914			6
2026.03.04	01:32:07.355	0.58911	0.58913			6
2026.03.04	01:32:07.954	0.58912	0.58914			6
2026.03.04	01:32:25.688	0.58910	0.58912			6
2026.03.04	01:32:26.286	0.58909	0.58911			6
2026.03.04	01:32:30.190	0.58910	0.58912			6
2026.03.04	01:32:30.790	0.58911	0.58913			6
2026.03.04	01:32:31.992	0.58912	0.58914			6
2026.03.04	01:32:33.197	0.58911	0.58913			6
2026.03.04	01:32:33.797	0.58912	0.58914			6
2026.03.04	01:32:34.698	0.58911	0.58913			6
2026.03.04	01:32:36.806	0.58910	0.58912			6
2026.03.04	01:32:39.212	0.58909	0.58911			6
2026.03.04	01:32:44.022	0.58910	0.58912			6
2026.03.04	01:32:44.320	0.58912	0.58914			6
2026.03.04	01:32:54.228	0.58911	0.58913			6
2026.03.04	01:32:58.130	0.58912	0.58914			6
2026.03.04	01:32:59.032	0.58911	0.58913			6
2026.03.04	01:33:00.236	0.58911				2
2026.03.04	01:33:00.535	0.58912	0.58914			6
2026.03.04	01:33:02.337	0.58913	0.58915			6
2026.03.04	01:33:02.637	0.58912	0.58914			6
2026.03.04	01:33:14.047	0.58913	0.58915			6
2026.03.04	01:33:16.152	0.58912	0.58914			6
2026.03.04	01:33:22.166	0.58913	0.58915			6
2026.03.04	01:33:27.577	0.58914	0.58916			6
2026.03.04	01:33:28.177	0.58913	0.58915			6
2026.03.04	01:33:28.478	0.58914	0.58916			6
2026.03.04	01:34:00.037	0.58914				2
2026.03.04	01:34:08.743	0.58913	0.58915			6
2026.03.04	01:34:20.466	0.58914	0.58916			6
2026.03.04	01:34:21.666	0.58913	0.58915			6
2026.03.04	01:34:29.473	0.58914	0.58916			6
2026.03.04	01:34:35.182	0.58913	0.58915			6
2026.03.04	01:34:37.884	0.58916	0.58918			6
2026.03.04	01:34:38.483	0.58917	0.58919			6
2026.03.04	01:34:40.286	0.58916	0.58918			6
2026.03.04	01:34:45.701	0.58917	0.58919			6
2026.03.04	01:34:47.204	0.58913	0.58915			6
2026.03.04	01:34:47.503	0.58911	0.58913			6
2026.03.04	01:34:56.520	0.58909	0.58911			6
2026.03.04	01:34:57.119	0.58910	0.58912			6
2026.03.04	01:35:00.125	0.58910				2
2026.03.04	01:35:10.633	0.58909	0.58911			6
2026.03.04	01:35:16.942	0.58908	0.58910			6
2026.03.04	01:35:20.544	0.58907	0.58909			6
2026.03.04	01:35:21.746	0.58906	0.58908			6
2026.03.04	01:35:23.249	0.58907	0.58909			6
2026.03.04	01:35:29.873	0.58908	0.58910			6
2026.03.04	01:35:36.782	0.58907	0.58909			6
2026.03.04	01:35:40.090	0.58906	0.58908			6
2026.03.04	01:35:40.388	0.58907	0.58909			6
2026.03.04	01:35:40.990	0.58908	0.58910			6
2026.03.04	01:35:41.291	0.58909	0.58911			6
2026.03.04	01:35:42.193	0.58908	0.58910			6
2026.03.04	01:35:43.096	0.58907	0.58909			6
2026.03.04	01:35:43.996	0.58905	0.58907			6
2026.03.04	01:35:45.498	0.58904	0.58906			6
2026.03.04	01:35:52.408	0.58905	0.58907			6
2026.03.04	01:35:52.707	0.58904	0.58906			6
2026.03.04	01:35:53.610	0.58902	0.58904			6
2026.03.04	01:35:54.212	0.58901	0.58903			6
2026.03.04	01:35:57.517	0.58903	0.58905			6
2026.03.04	01:36:00.222	0.58903				2
2026.03.04	01:36:02.321	0.58904	0.58906			6
2026.03.04	01:36:03.221	0.58903	0.58905			6
2026.03.04	01:36:03.823	0.58902	0.58904			6
2026.03.04	01:36:04.123	0.58900	0.58902			6
2026.03.04	01:36:04.423	0.58899	0.58901			6
2026.03.04	01:36:04.722	0.58902	0.58904			6
2026.03.04	01:36:05.025	0.58903	0.58905			6
2026.03.04	01:36:06.829	0.58904	0.58906			6
2026.03.04	01:36:07.128	0.58903	0.58905			6
2026.03.04	01:36:10.735	0.58904	0.58906			6
2026.03.04	01:36:13.138	0.58911	0.58913			6
2026.03.04	01:36:14.640	0.58910	0.58912			6
2026.03.04	01:36:14.942	0.58912	0.58914			6
2026.03.04	01:36:17.344	0.58910	0.58912			6
2026.03.04	01:36:17.643	0.58909	0.58911			6
2026.03.04	01:36:23.050	0.58910	0.58912			6
2026.03.04	01:36:31.463	0.58909	0.58911			6
2026.03.04	01:37:00.030	0.58909				2
2026.03.04	01:37:08.737	0.58910	0.58912			6
2026.03.04	01:37:15.645	0.58909	0.58911			6
2026.03.04	01:37:16.246	0.58910	0.58912			6
2026.03.04	01:37:18.950	0.58909	0.58911			6
2026.03.04	01:37:21.953	0.58910	0.58912			6
2026.03.04	01:37:24.965	0.58909	0.58911			6
2026.03.04	01:37:30.672	0.58910	0.58912			6
2026.03.04	01:37:30.972	0.58909	0.58911			6
2026.03.04	01:37:34.878	0.58908	0.58910			6
2026.03.04	01:37:35.179	0.58907	0.58909			6
2026.03.04	01:37:35.479	0.58906	0.58908			6
2026.03.04	01:37:35.780	0.58905	0.58907			6
2026.03.04	01:37:45.396	0.58904	0.58906			6
2026.03.04	01:37:47.203	0.58905	0.58907			6
2026.03.04	01:37:47.500	0.58907	0.58909			6
2026.03.04	01:37:47.801	0.58908	0.58910			6
2026.03.04	01:37:50.204	0.58907	0.58909			6
2026.03.04	01:37:51.406	0.58906	0.58908			6
2026.03.04	01:37:52.008	0.58905	0.58907			6
2026.03.04	01:37:52.908	0.58904	0.58906			6
2026.03.04	01:38:00.119	0.58904				2
2026.03.04	01:38:02.521	0.58905	0.58907			6
2026.03.04	01:38:04.924	0.58906	0.58908			6
2026.03.04	01:38:22.643	0.58905	0.58907			6
2026.03.04	01:38:23.242	0.58906	0.58908			6
2026.03.04	01:38:49.708	0.58905	0.58907			6
2026.03.04	01:38:50.307	0.58904	0.58906			6
2026.03.04	01:39:00.226	0.58904				2
2026.03.04	01:39:00.524	0.58905	0.58907			6
2026.03.04	01:39:05.931	0.58903	0.58905			6
2026.03.04	01:39:14.341	0.58904	0.58906			6
2026.03.04	01:39:22.746	0.58903	0.58905			6
2026.03.04	01:39:39.276		0.58904			4
2026.03.04	01:39:39.574	0.58900	0.58902			6
2026.03.04	01:39:39.873	0.58899	0.58901			6
2026.03.04	01:39:46.496	0.58898	0.58900			6
2026.03.04	01:39:46.796	0.58899	0.58901			6
2026.03.04	01:39:49.802	0.58898	0.58900			6
2026.03.04	01:39:50.403	0.58899	0.58901			6
2026.03.04	01:40:00.026	0.58899				2
2026.03.04	01:40:01.528	0.58898	0.58900			6
2026.03.04	01:40:04.233	0.58897	0.58899			6
2026.03.04	01:40:04.532	0.58896	0.58898			6
2026.03.04	01:40:06.336	0.58898	0.58900			6
2026.03.04	01:40:11.439	0.58899	0.58901			6
2026.03.04	01:40:15.341	0.58900	0.58902			6
2026.03.04	01:40:16.541	0.58899	0.58901			6
2026.03.04	01:40:16.841	0.58900	0.58902			6
2026.03.04	01:40:23.450	0.58901	0.58903			6
2026.03.04	01:40:23.751	0.58899	0.58901			6
2026.03.04	01:40:26.158	0.58900	0.58902			6
2026.03.04	01:40:32.170	0.58899	0.58901			6
2026.03.04	01:40:41.795	0.58898	0.58900			6
2026.03.04	01:40:46.906	0.58897	0.58899			6
2026.03.04	01:40:48.709	0.58898	0.58900			6
2026.03.04	01:40:50.511	0.58900	0.58902			6
2026.03.04	01:40:58.629	0.58902	0.58904			6
2026.03.04	01:41:00.130	0.58902				2
2026.03.04	01:41:02.533	0.58903				2
2026.03.04	01:41:02.833		0.58905			4
2026.03.04	01:41:03.434	0.58904	0.58906			6
2026.03.04	01:41:03.733	0.58905	0.58907			6
2026.03.04	01:41:04.334	0.58903	0.58905			6
2026.03.04	01:41:04.634	0.58904	0.58906			6
2026.03.04	01:41:08.541	0.58903	0.58905			6
2026.03.04	01:41:16.650	0.58904				2
2026.03.04	01:41:16.947	0.58903				2
2026.03.04	01:41:17.249	0.58904				2
2026.03.04	01:41:17.850	0.58903				2
2026.03.04	01:41:18.150	0.58904				2
2026.03.04	01:41:18.451	0.58903				2
2026.03.04	01:41:18.749	0.58904				2
2026.03.04	01:41:19.051	0.58903				2
2026.03.04	01:41:19.351	0.58904				2
2026.03.04	01:41:19.653		0.58906			4
2026.03.04	01:41:19.954		0.58905			4
2026.03.04	01:41:20.254		0.58906			4
2026.03.04	01:41:22.961	0.58903	0.58905			6
2026.03.04	01:41:24.166	0.58904	0.58906			6
2026.03.04	01:41:28.079	0.58903	0.58905			6
2026.03.04	01:41:30.784	0.58904	0.58906			6
2026.03.04	01:41:31.085	0.58903	0.58905			6
2026.03.04	01:41:33.189	0.58902	0.58904			6
2026.03.04	01:41:44.309	0.58903	0.58905			6
2026.03.04	01:41:44.610	0.58902	0.58904			6
2026.03.04	01:41:50.021	0.58901	0.58903			6
2026.03.04	01:41:57.527	0.58904	0.58906			6
2026.03.04	01:41:57.830	0.58903	0.58905			6
2026.03.04	01:42:00.233	0.58903				2
2026.03.04	01:42:01.436	0.58898	0.58900			6
2026.03.04	01:42:02.935	0.58899	0.58901			6
2026.03.04	01:42:03.538	0.58901	0.58903			6
2026.03.04	01:42:15.550	0.58902	0.58904			6
2026.03.04	01:42:17.351	0.58900	0.58902			6
2026.03.04	01:42:17.653	0.58899	0.58901			6
2026.03.04	01:42:33.884	0.58897	0.58899			6
2026.03.04	01:42:34.187	0.58894	0.58896			6
2026.03.04	01:42:34.486	0.58896	0.58898			6
2026.03.04	01:42:50.425	0.58894	0.58896			6
2026.03.04	01:42:59.441	0.58895	0.58897			6
2026.03.04	01:43:00.043	0.58895				2
2026.03.04	01:43:00.342	0.58894	0.58896			6
2026.03.04	01:43:01.244	0.58893	0.58895			6
2026.03.04	01:43:01.543	0.58890	0.58892			6
2026.03.04	01:43:01.845	0.58889	0.58891			6
2026.03.04	01:43:02.148	0.58888	0.58890			6
2026.03.04	01:43:02.442	0.58889	0.58891			6
2026.03.04	01:43:04.846	0.58890	0.58892			6
2026.03.04	01:43:15.071	0.58892	0.58894			6
2026.03.04	01:43:15.375	0.58893	0.58895			6
2026.03.04	01:43:20.787	0.58894	0.58896			6
2026.03.04	01:43:21.089	0.58900	0.58901			6
2026.03.04	01:43:21.388	0.58902	0.58904			6
2026.03.04	01:43:21.688	0.58903	0.58905			6
2026.03.04	01:43:23.194	0.58905	0.58907			6
2026.03.04	01:43:23.493	0.58907	0.58909			6
2026.03.04	01:43:23.792	0.58904	0.58906			6
2026.03.04	01:43:25.298		0.58907			4
2026.03.04	01:43:27.405		0.58906			4
2026.03.04	01:43:30.416	0.58907	0.58909			6
2026.03.04	01:43:30.715	0.58906	0.58908			6
2026.03.04	01:43:31.317	0.58904	0.58907			6
2026.03.04	01:43:33.608	0.58903	0.58906			6
2026.03.04	01:43:36.914	0.58904	0.58907			6
2026.03.04	01:43:44.129		0.58906			4
2026.03.04	01:43:47.432	0.58901	0.58902			6
2026.03.04	01:43:47.733	0.58899	0.58901			6
2026.03.04	01:43:48.333	0.58898				2
2026.03.04	01:43:50.134	0.58899	0.58902			6
2026.03.04	01:43:52.834	0.58898	0.58901			6
2026.03.04	01:44:00.041	0.58898				2
2026.03.04	01:44:01.242	0.58899	0.58902			6
2026.03.04	01:44:04.702	0.58900				2
2026.03.04	01:44:08.613	0.58899				2
2026.03.04	01:44:11.615	0.58900				2
2026.03.04	01:44:11.916	0.58899				2
2026.03.04	01:44:15.706	0.58900	0.58903			6
2026.03.04	01:44:18.716	0.58899	0.58902			6
2026.03.04	01:44:21.118	0.58898	0.58901			6
2026.03.04	01:44:23.824	0.58900	0.58902			6
2026.03.04	01:44:31.033	0.58901				2
2026.03.04	01:44:37.039	0.58900				2
2026.03.04	01:44:45.150	0.58899	0.58901			6
2026.03.04	01:44:45.450	0.58898	0.58900			6
2026.03.04	01:44:46.952	0.58899	0.58901			6
2026.03.04	01:44:48.756	0.58898	0.58900			6
2026.03.04	01:44:50.864	0.58899	0.58901			6
2026.03.04	01:44:51.464	0.58897	0.58899			6
2026.03.04	01:44:53.567	0.58896	0.58898			6
2026.03.04	01:44:58.676	0.58895	0.58897			6
2026.03.04	01:45:00.181	0.58895				2
2026.03.04	01:45:01.382	0.58894	0.58896			6
2026.03.04	01:45:01.686	0.58890	0.58892			6
2026.03.04	01:45:01.982	0.58887	0.58889			6
2026.03.04	01:45:02.284	0.58886				2
2026.03.04	01:45:04.984	0.58888	0.58891			6
2026.03.04	01:45:05.285	0.58885	0.58888			6
2026.03.04	01:45:05.585	0.58883	0.58886			6
2026.03.04	01:45:05.886	0.58884	0.58887			6
2026.03.04	01:45:08.891	0.58886	0.58889			6
2026.03.04	01:45:09.191	0.58887				2
2026.03.04	01:45:09.491	0.58886				2
2026.03.04	01:45:10.396	0.58887	0.58890			6
2026.03.04	01:45:12.500	0.58886	0.58889			6
2026.03.04	01:45:13.400	0.58887	0.58890			6
2026.03.04	01:45:13.700	0.58888	0.58891			6
2026.03.04	01:45:20.310	0.58886	0.58889			6
2026.03.04	01:45:20.611	0.58888	0.58891			6
2026.03.04	01:45:22.112	0.58889	0.58892			6
2026.03.04	01:45:22.413	0.58890	0.58893			6
2026.03.04	01:45:25.115	0.58889	0.58892			6
2026.03.04	01:45:29.623	0.58890	0.58893			6
2026.03.04	01:45:30.524	0.58892	0.58895			6
2026.03.04	01:45:35.330	0.58891	0.58894			6
2026.03.04	01:45:39.233	0.58890	0.58893			6
2026.03.04	01:45:39.533	0.58888	0.58891			6
2026.03.04	01:45:39.833	0.58889	0.58892			6
2026.03.04	01:45:40.133	0.58888	0.58891			6
2026.03.04	01:45:40.735	0.58889	0.58892			6
2026.03.04	01:45:42.837	0.58888	0.58891			6
2026.03.04	01:45:43.438	0.58889	0.58892			6
2026.03.04	01:45:45.839	0.58888	0.58891			6
2026.03.04	01:45:46.139	0.58889	0.58892			6
2026.03.04	01:45:46.440	0.58888	0.58891			6
2026.03.04	01:45:46.741	0.58889	0.58892			6
2026.03.04	01:45:47.341	0.58890	0.58893			6
2026.03.04	01:45:49.442	0.58889	0.58892			6
2026.03.04	01:45:49.743	0.58887	0.58890			6
2026.03.04	01:45:51.251	0.58892	0.58894			6
2026.03.04	01:45:51.553	0.58893	0.58896			6
2026.03.04	01:45:56.666	0.58892	0.58895			6
2026.03.04	01:45:56.967		0.58894			4
2026.03.04	01:45:59.973		0.58895			4
2026.03.04	01:46:00.274	0.58892				2
2026.03.04	01:46:04.478	0.58893	0.58896			6
2026.03.04	01:46:15.005	0.58891	0.58894			6
2026.03.04	01:46:15.907	0.58890	0.58893			6
2026.03.04	01:46:16.207	0.58889	0.58892			6
2026.03.04	01:46:20.714	0.58890	0.58893			6
2026.03.04	01:46:21.314	0.58891	0.58894			6
2026.03.04	01:46:21.615	0.58892				2
2026.03.04	01:46:21.914		0.58895			4
2026.03.04	01:46:22.215	0.58893	0.58896			6
2026.03.04	01:46:31.532	0.58892	0.58895			6
2026.03.04	01:46:33.038	0.58893	0.58896			6
2026.03.04	01:46:36.647	0.58886	0.58889			6
2026.03.04	01:46:36.945	0.58883	0.58886			6
2026.03.04	01:46:42.355	0.58881	0.58884			6
2026.03.04	01:46:42.654	0.58880	0.58883			6
2026.03.04	01:46:44.459	0.58882	0.58885			6
2026.03.04	01:46:45.961	0.58883	0.58886			6
2026.03.04	01:46:55.583	0.58889	0.58892			6
2026.03.04	01:46:56.485	0.58892	0.58895			6
2026.03.04	01:46:56.791	0.58891	0.58894			6
2026.03.04	01:46:57.392	0.58890	0.58893			6
2026.03.04	01:46:57.692	0.58889	0.58892			6
2026.03.04	01:47:00.097	0.58888	0.58891			6
2026.03.04	01:47:07.906	0.58887	0.58890			6
2026.03.04	01:47:09.110	0.58888	0.58891			6
2026.03.04	01:47:16.621	0.58887	0.58890			6
2026.03.04	01:47:16.920	0.58886	0.58889			6
2026.03.04	01:47:19.928	0.58887	0.58890			6
2026.03.04	01:47:20.829	0.58886	0.58889			6
2026.03.04	01:47:24.434	0.58887	0.58890			6
2026.03.04	01:47:28.037	0.58886	0.58889			6
2026.03.04	01:47:28.637	0.58887	0.58890			6
2026.03.04	01:47:38.848	0.58886	0.58889			6
2026.03.04	01:47:42.751	0.58885	0.58888			6
2026.03.04	01:47:43.353	0.58886	0.58889			6
2026.03.04	01:47:49.364	0.58888				2
2026.03.04	01:47:49.662	0.58890	0.58893			6
2026.03.04	01:47:49.963	0.58888	0.58891			6
2026.03.04	01:47:50.865	0.58889	0.58892			6
2026.03.04	01:47:55.072	0.58890	0.58893			6
2026.03.04	01:48:00.187	0.58890				2
2026.03.04	01:48:15.519	0.58891	0.58894			6
2026.03.04	01:48:15.821	0.58893	0.58896			6
2026.03.04	01:48:17.921	0.58892	0.58895			6
2026.03.04	01:48:18.825	0.58893	0.58896			6
2026.03.04	01:48:20.026	0.58891	0.58894			6
2026.03.04	01:48:30.537	0.58893	0.58896			6
2026.03.04	01:48:32.940	0.58895	0.58898			6
2026.03.04	01:48:34.441	0.58894	0.58897			6
2026.03.04	01:48:35.942	0.58895	0.58898			6
2026.03.04	01:48:38.043	0.58894	0.58897			6
2026.03.04	01:48:41.046	0.58895	0.58898			6
2026.03.04	01:48:49.173	0.58897	0.58900			6
2026.03.04	01:48:49.473	0.58898	0.58901			6
2026.03.04	01:48:51.277	0.58897	0.58900			6
2026.03.04	01:48:56.697	0.58898	0.58901			6
2026.03.04	01:48:57.597	0.58897	0.58900			6
2026.03.04	01:48:57.897	0.58898	0.58901			6
2026.03.04	01:48:59.098	0.58897	0.58900			6
2026.03.04	01:49:00.003	0.58897				2
2026.03.04	01:49:02.108	0.58894	0.58897			6
2026.03.04	01:49:04.514	0.58893	0.58896			6
2026.03.04	01:49:05.114	0.58894	0.58897			6
2026.03.04	01:49:05.414	0.58893	0.58896			6
2026.03.04	01:49:06.316	0.58894	0.58897			6
2026.03.04	01:49:09.020		0.58895			4
2026.03.04	01:49:09.321		0.58897			4
2026.03.04	01:49:16.233	0.58896	0.58898			6
2026.03.04	01:49:16.535	0.58897	0.58900			6
2026.03.04	01:49:26.745	0.58894	0.58897			6
2026.03.04	01:49:30.353	0.58893	0.58896			6
2026.03.04	01:49:30.953	0.58894	0.58897			6
2026.03.04	01:49:31.254	0.58893	0.58896			6
2026.03.04	01:49:36.063	0.58895	0.58898			6
2026.03.04	01:49:36.364	0.58894	0.58897			6
2026.03.04	01:49:36.666	0.58893	0.58896			6
2026.03.04	01:49:38.168	0.58891	0.58894			6
2026.03.04	01:49:42.374	0.58892	0.58895			6
2026.03.04	01:49:42.976	0.58891	0.58894			6
2026.03.04	01:49:43.276	0.58892	0.58895			6
2026.03.04	01:49:45.078	0.58891	0.58894			6
2026.03.04	01:49:52.599	0.58892	0.58895			6
2026.03.04	01:49:52.898	0.58891	0.58894			6
2026.03.04	01:49:55.302	0.58892	0.58895			6
2026.03.04	01:50:00.114	0.58892				2
2026.03.04	01:50:00.414	0.58894	0.58897			6
2026.03.04	01:50:00.715	0.58895	0.58898			6
2026.03.04	01:50:01.317	0.58896				2
2026.03.04	01:50:01.617	0.58895	0.58897			6
2026.03.04	01:50:01.917	0.58894				2
2026.03.04	01:50:03.717	0.58893	0.58896			6
2026.03.04	01:50:04.317	0.58892	0.58895			6
2026.03.04	01:50:10.628	0.58891	0.58894			6
2026.03.04	01:50:12.731	0.58890	0.58892			6
2026.03.04	01:50:13.031	0.58889				2
2026.03.04	01:50:18.137	0.58890	0.58893			6
2026.03.04	01:50:21.139	0.58889	0.58892			6
2026.03.04	01:50:22.341	0.58890	0.58893			6
2026.03.04	01:50:25.643	0.58889	0.58892			6
2026.03.04	01:50:26.546	0.58887	0.58890			6
2026.03.04	01:50:26.848	0.58886	0.58889			6
2026.03.04	01:50:27.149	0.58885	0.58888			6
2026.03.04	01:50:28.949	0.58886	0.58889			6
2026.03.04	01:50:30.451	0.58885	0.58888			6
2026.03.04	01:50:30.751	0.58884	0.58887			6
2026.03.04	01:50:31.052	0.58883	0.58886			6
2026.03.04	01:50:34.655	0.58884	0.58887			6
2026.03.04	01:50:35.856	0.58883	0.58886			6
2026.03.04	01:50:36.757	0.58884	0.58887			6
2026.03.04	01:50:40.368	0.58883	0.58886			6
2026.03.04	01:50:47.300	0.58884	0.58887			6
2026.03.04	01:50:53.615	0.58886	0.58889			6
2026.03.04	01:50:56.019	0.58888	0.58891			6
2026.03.04	01:51:00.230	0.58887	0.58890			6
2026.03.04	01:51:01.435	0.58886	0.58889			6
2026.03.04	01:51:02.635	0.58884	0.58887			6
2026.03.04	01:51:02.935	0.58883	0.58886			6
2026.03.04	01:51:08.041	0.58884	0.58887			6
2026.03.04	01:51:14.348	0.58883	0.58886			6
2026.03.04	01:51:17.055	0.58881	0.58884			6
2026.03.04	01:51:17.354	0.58880	0.58883			6
2026.03.04	01:51:20.060		0.58882			4
2026.03.04	01:51:20.359	0.58878	0.58881			6
2026.03.04	01:51:20.959	0.58879	0.58882			6
2026.03.04	01:51:27.876	0.58878	0.58881			6
2026.03.04	01:51:29.378	0.58877	0.58880			6
2026.03.04	01:51:31.179	0.58873	0.58876			6
2026.03.04	01:51:31.783	0.58871	0.58872			6
2026.03.04	01:51:32.082	0.58868	0.58871			6
2026.03.04	01:51:33.284	0.58869	0.58872			6
2026.03.04	01:51:36.294	0.58868	0.58871			6
2026.03.04	01:51:43.671	0.58869	0.58872			6
2026.03.04	01:51:50.285	0.58871	0.58874			6
2026.03.04	01:51:54.198	0.58874	0.58877			6
2026.03.04	01:51:55.099	0.58875	0.58878			6
2026.03.04	01:51:58.404	0.58876	0.58879			6
2026.03.04	01:52:00.209	0.58876				2
2026.03.04	01:52:00.812	0.58879	0.58882			6
2026.03.04	01:52:01.111	0.58881	0.58884			6
2026.03.04	01:52:03.214	0.58880	0.58883			6
2026.03.04	01:52:03.517	0.58879	0.58882			6
2026.03.04	01:52:04.117	0.58880	0.58883			6
2026.03.04	01:52:07.124	0.58881	0.58884			6
2026.03.04	01:52:08.024	0.58882				2
2026.03.04	01:52:10.426	0.58881				2
2026.03.04	01:52:25.142	0.58879	0.58882			6
2026.03.04	01:52:28.446	0.58878	0.58881			6
2026.03.04	01:52:32.361	0.58879	0.58882			6
2026.03.04	01:52:32.961	0.58880	0.58883			6
2026.03.04	01:52:33.261	0.58879	0.58882			6
2026.03.04	01:52:33.863	0.58878	0.58881			6
2026.03.04	01:52:34.162	0.58879	0.58882			6
2026.03.04	01:52:35.967	0.58878	0.58881			6
2026.03.04	01:52:36.568	0.58879	0.58882			6
2026.03.04	01:52:37.470	0.58880	0.58883			6
2026.03.04	01:52:39.578		0.58882			4
2026.03.04	01:52:39.878	0.58879				2
2026.03.04	01:52:44.087	0.58878	0.58881			6
2026.03.04	01:52:46.490	0.58877	0.58880			6
2026.03.04	01:52:49.197	0.58878	0.58881			6
2026.03.04	01:52:49.498	0.58877	0.58880			6
2026.03.04	01:52:49.800	0.58876	0.58879			6
2026.03.04	01:53:00.013	0.58877	0.58880			6
2026.03.04	01:53:00.313	0.58878	0.58881			6
2026.03.04	01:53:03.617	0.58877	0.58880			6
2026.03.04	01:53:05.418	0.58879	0.58882			6
2026.03.04	01:53:09.626	0.58880	0.58883			6
2026.03.04	01:53:10.527	0.58881	0.58884			6
2026.03.04	01:53:14.134	0.58887	0.58888			6
2026.03.04	01:53:14.433		0.58890			4
2026.03.04	01:53:16.234	0.58888	0.58891			6
2026.03.04	01:53:18.935	0.58884	0.58887			6
2026.03.04	01:53:19.837	0.58885	0.58888			6
2026.03.04	01:53:22.242	0.58884	0.58887			6
2026.03.04	01:53:22.843	0.58885				2
2026.03.04	01:53:23.143	0.58884				2
2026.03.04	01:53:29.150	0.58882	0.58885			6
2026.03.04	01:53:30.351	0.58883	0.58886			6
2026.03.04	01:53:35.162	0.58884	0.58887			6
2026.03.04	01:53:46.286	0.58885	0.58888			6
2026.03.04	01:54:00.121	0.58885				2
2026.03.04	01:54:01.923	0.58886	0.58889			6
2026.03.04	01:54:02.829	0.58889	0.58892			6
2026.03.04	01:54:03.125	0.58888	0.58891			6
2026.03.04	01:54:30.812	0.58885	0.58888			6
2026.03.04	01:54:40.673	0.58886	0.58889			6
2026.03.04	01:54:45.187	0.58885	0.58888			6
2026.03.04	01:54:47.593	0.58886	0.58889			6
2026.03.04	01:54:55.416		0.58887			4
2026.03.04	01:54:55.717		0.58889			4
2026.03.04	01:55:00.232	0.58886				2
2026.03.04	01:55:02.634	0.58888	0.58891			6
2026.03.04	01:55:06.538	0.58887	0.58890			6
2026.03.04	01:55:16.468	0.58886	0.58889			6
2026.03.04	01:55:23.082	0.58888	0.58891			6
2026.03.04	01:55:24.283	0.58887	0.58890			6
2026.03.04	01:55:27.890	0.58889				2
2026.03.04	01:55:28.492	0.58887				2
2026.03.04	01:55:28.792	0.58888	0.58891			6
2026.03.04	01:55:30.894	0.58885	0.58888			6
2026.03.04	01:55:31.494	0.58886	0.58889			6
2026.03.04	01:55:32.395	0.58887	0.58890			6
2026.03.04	01:55:37.503	0.58885	0.58888			6
2026.03.04	01:55:45.953	0.58884	0.58887			6
2026.03.04	01:55:48.956	0.58883	0.58886			6
2026.03.04	01:55:51.659	0.58884	0.58887			6
2026.03.04	01:55:52.560	0.58883	0.58886			6
2026.03.04	01:55:54.366	0.58884				2
2026.03.04	01:55:57.973	0.58888	0.58889			6
2026.03.04	01:55:58.273		0.58890			4
2026.03.04	01:55:58.573	0.58889	0.58891			6
2026.03.04	01:55:59.173	0.58888				2
2026.03.04	01:56:00.075	0.58888				2
2026.03.04	01:56:09.801	0.58889	0.58892			6
2026.03.04	01:56:11.906	0.58891				2
2026.03.04	01:56:12.206	0.58888	0.58891			6
2026.03.04	01:56:13.408	0.58886	0.58889			6
2026.03.04	01:56:14.911	0.58888	0.58891			6
2026.03.04	01:56:15.211	0.58889	0.58892			6
2026.03.04	01:56:19.415	0.58888	0.58891			6
2026.03.04	01:56:33.084	0.58889				2
2026.03.04	01:56:41.809	0.58888	0.58890			6
2026.03.04	01:56:56.238	0.58889	0.58891			6
2026.03.04	01:57:00.141	0.58889				2
2026.03.04	01:57:00.442	0.58890	0.58892			6
2026.03.04	01:57:00.742	0.58889	0.58891			6
2026.03.04	01:57:14.878	0.58888	0.58890			6
2026.03.04	01:57:30.232	0.58889	0.58891			6
2026.03.04	01:57:30.532	0.58887	0.58889			6
2026.03.04	01:57:31.132	0.58888				2
2026.03.04	01:57:32.033	0.58887				2
2026.03.04	01:57:36.235	0.58884	0.58886			6
2026.03.04	01:57:40.441	0.58885	0.58887			6
2026.03.04	01:57:41.642	0.58886	0.58888			6
2026.03.04	01:57:41.942	0.58887	0.58889			6
2026.03.04	01:57:48.253	0.58886	0.58888			6
2026.03.04	01:57:48.553	0.58887	0.58889			6
2026.03.04	01:57:52.460	0.58888	0.58890			6
2026.03.04	01:58:00.278	0.58888				2
2026.03.04	01:58:04.180	0.58886	0.58888			6
2026.03.04	01:58:07.188	0.58884	0.58886			6
2026.03.04	01:58:07.488	0.58886	0.58887			6
2026.03.04	01:58:08.089	0.58884	0.58886			6
2026.03.04	01:58:08.390	0.58886	0.58887			6
2026.03.04	01:58:08.690	0.58884	0.58886			6
2026.03.04	01:58:08.989	0.58886	0.58887			6
2026.03.04	01:58:09.292	0.58884	0.58886			6
2026.03.04	01:58:09.591	0.58886	0.58887			6
2026.03.04	01:58:09.892	0.58885				2
2026.03.04	01:58:10.191	0.58884	0.58886			6
2026.03.04	01:58:10.492	0.58886	0.58887			6
2026.03.04	01:58:10.795	0.58884	0.58886			6
2026.03.04	01:58:11.096	0.58886	0.58887			6
2026.03.04	01:58:11.396	0.58884	0.58886			6
2026.03.04	01:58:13.200		0.58885			4
2026.03.04	01:58:13.497	0.58882	0.58884			6
2026.03.04	01:58:13.798	0.58881	0.58883			6
2026.03.04	01:58:16.205	0.58882	0.58884			6
2026.03.04	01:58:17.111	0.58881	0.58883			6
2026.03.04	01:58:21.317	0.58882	0.58884			6
2026.03.04	01:58:30.929	0.58883	0.58885			6
2026.03.04	01:58:33.332	0.58882	0.58884			6
2026.03.04	01:58:33.633	0.58883	0.58885			6
2026.03.04	01:58:39.643	0.58884	0.58886			6
2026.03.04	01:58:42.948	0.58883	0.58885			6
2026.03.04	01:58:49.862	0.58884	0.58886			6
2026.03.04	01:58:50.765	0.58885	0.58887			6
2026.03.04	01:58:55.574	0.58884	0.58886			6
2026.03.04	01:59:00.088	0.58884				2
2026.03.04	01:59:09.700	0.58883	0.58885			6
2026.03.04	01:59:10.001	0.58881	0.58883			6
2026.03.04	01:59:10.904	0.58880	0.58882			6
2026.03.04	01:59:11.203	0.58879	0.58881			6
2026.03.04	01:59:11.806	0.58880	0.58882			6
2026.03.04	01:59:13.007	0.58879	0.58881			6
2026.03.04	01:59:13.308	0.58878	0.58880			6
2026.03.04	01:59:19.017	0.58879	0.58881			6
2026.03.04	01:59:20.219	0.58878	0.58880			6
2026.03.04	01:59:32.838	0.58879	0.58881			6
2026.03.04	01:59:33.439	0.58877	0.58878			6
2026.03.04	01:59:33.737	0.58876				2
2026.03.04	01:59:35.841	0.58878	0.58880			6
2026.03.04	01:59:37.943	0.58877	0.58879			6
2026.03.04	01:59:38.843	0.58876	0.58878			6
2026.03.04	01:59:40.345	0.58874	0.58876			6
2026.03.04	01:59:43.047	0.58875	0.58877			6
2026.03.04	01:59:54.172	0.58874	0.58876			6
2026.03.04	01:59:55.974	0.58877	0.58879			6
2026.03.04	01:59:56.275	0.58878	0.58880			6
2026.03.04	01:59:56.878	0.58877	0.58879			6
2026.03.04	01:59:58.078	0.58878	0.58880			6
2026.03.04	01:59:59.884	0.58877	0.58879			6
2026.03.04	02:00:00.184	0.58878	0.58880			6
2026.03.04	02:00:00.484	0.58879	0.58881			6
2026.03.04	02:00:01.685	0.58880	0.58882			6
2026.03.04	02:00:02.889	0.58879	0.58881			6
2026.03.04	02:00:03.189	0.58877	0.58879			6
2026.03.04	02:00:03.489	0.58878	0.58880			6
2026.03.04	02:00:05.589	0.58879	0.58881			6
2026.03.04	02:00:06.790	0.58878	0.58880			6
2026.03.04	02:00:07.992	0.58876	0.58878			6
2026.03.04	02:00:08.293	0.58875	0.58877			6
2026.03.04	02:00:10.395	0.58873	0.58875			6
2026.03.04	02:00:11.295	0.58870	0.58872			6
2026.03.04	02:00:11.595	0.58867	0.58869			6
2026.03.04	02:00:12.196		0.58870			4
2026.03.04	02:00:13.098	0.58865	0.58868			6
2026.03.04	02:00:13.396	0.58864	0.58867			6
2026.03.04	02:00:13.697	0.58863	0.58866			6
2026.03.04	02:00:13.997	0.58864	0.58867			6
2026.03.04	02:00:14.297	0.58867	0.58870			6
2026.03.04	02:00:14.597	0.58868	0.58871			6
2026.03.04	02:00:14.898	0.58866	0.58869			6
2026.03.04	02:00:16.699	0.58867	0.58870			6
2026.03.04	02:00:16.998	0.58866	0.58869			6
2026.03.04	02:00:19.702	0.58867	0.58870			6
2026.03.04	02:00:20.001	0.58870	0.58872			6
2026.03.04	02:00:20.301	0.58872	0.58875			6
2026.03.04	02:00:20.901	0.58871	0.58874			6
2026.03.04	02:00:21.502	0.58872				2
2026.03.04	02:00:21.802		0.58875			4
2026.03.04	02:00:23.303	0.58871	0.58874			6
2026.03.04	02:00:26.008	0.58869	0.58872			6
2026.03.04	02:00:26.909	0.58868	0.58871			6
2026.03.04	02:00:27.811	0.58867	0.58870			6
2026.03.04	02:00:28.412	0.58868	0.58871			6
2026.03.04	02:00:29.315	0.58866	0.58869			6
2026.03.04	02:00:29.616	0.58865	0.58868			6
2026.03.04	02:00:30.520	0.58866	0.58869			6
2026.03.04	02:00:31.419	0.58865	0.58868			6
2026.03.04	02:00:32.321	0.58864	0.58867			6
2026.03.04	02:00:32.621		0.58866			4
2026.03.04	02:00:32.922		0.58867			4
2026.03.04	02:00:34.123		0.58866			4
2026.03.04	02:00:35.924	0.58866	0.58867			6
2026.03.04	02:00:36.228	0.58868	0.58870			6
2026.03.04	02:00:36.524		0.58871			4
2026.03.04	02:00:36.825	0.58869	0.58872			6
2026.03.04	02:00:37.427	0.58868	0.58871			6
2026.03.04	02:00:38.627	0.58870	0.58873			6
2026.03.04	02:00:38.929	0.58869	0.58872			6
2026.03.04	02:00:39.228	0.58870	0.58873			6
2026.03.04	02:00:40.432	0.58865	0.58868			6
2026.03.04	02:00:40.730	0.58864	0.58867			6
2026.03.04	02:00:45.535	0.58862	0.58865			6
2026.03.04	02:00:47.038	0.58859	0.58862			6
2026.03.04	02:00:47.337		0.58863			4
2026.03.04	02:00:47.938		0.58862			4
2026.03.04	02:00:48.835		0.58863			4
2026.03.04	02:00:49.438		0.58862			4
2026.03.04	02:00:51.241	0.58860	0.58863			6
2026.03.04	02:00:51.541	0.58861	0.58864			6
2026.03.04	02:00:53.340	0.58860	0.58863			6
2026.03.04	02:00:53.644	0.58861				2
2026.03.04	02:00:53.943		0.58864			4
2026.03.04	02:00:54.242	0.58860	0.58863			6
2026.03.04	02:00:54.549	0.58855	0.58858			6
2026.03.04	02:00:54.843	0.58854	0.58857			6
2026.03.04	02:00:55.144	0.58853	0.58856			6
2026.03.04	02:00:56.044	0.58854	0.58857			6
2026.03.04	02:00:56.346	0.58852	0.58855			6
2026.03.04	02:00:56.644	0.58851	0.58854			6
2026.03.04	02:00:57.248	0.58852	0.58855			6
2026.03.04	02:00:57.845	0.58853	0.58856			6
2026.03.04	02:00:58.145	0.58852	0.58855			6
2026.03.04	02:00:58.446	0.58849	0.58852			6
2026.03.04	02:00:58.748	0.58850	0.58853			6
2026.03.04	02:01:00.246	0.58848	0.58851			6
2026.03.04	02:01:00.553	0.58843	0.58846			6
2026.03.04	02:01:00.847	0.58839	0.58842			6
2026.03.04	02:01:01.147	0.58840	0.58844			6
2026.03.04	02:01:02.049	0.58843	0.58847			6
2026.03.04	02:01:02.352	0.58844	0.58848			6
2026.03.04	02:01:02.649	0.58843	0.58847			6
2026.03.04	02:01:03.856	0.58841	0.58845			6
2026.03.04	02:01:05.056	0.58842	0.58846			6
2026.03.04	02:01:05.359	0.58843	0.58847			6
2026.03.04	02:01:07.462	0.58842				2
2026.03.04	02:01:07.767	0.58841	0.58846			6
2026.03.04	02:01:08.068	0.58839	0.58843			6
2026.03.04	02:01:08.624	0.58840				2
2026.03.04	02:01:09.225	0.58839				2
2026.03.04	02:01:09.826	0.58840	0.58844			6
2026.03.04	02:01:10.427	0.58841	0.58845			6
2026.03.04	02:01:12.530	0.58839	0.58840			6
2026.03.04	02:01:12.830	0.58833	0.58837			6
2026.03.04	02:01:13.132	0.58834	0.58838			6
2026.03.04	02:01:13.431	0.58838	0.58842			6
2026.03.04	02:01:13.731	0.58837	0.58841			6
2026.03.04	02:01:14.632	0.58836	0.58839			6
2026.03.04	02:01:14.932	0.58837				2
2026.03.04	02:01:15.233	0.58838	0.58842			6
2026.03.04	02:01:15.832	0.58837	0.58841			6
2026.03.04	02:01:17.336	0.58838	0.58842			6
2026.03.04	02:01:17.637	0.58837	0.58841			6
2026.03.04	02:01:17.937	0.58838	0.58842			6
2026.03.04	02:01:18.239	0.58837	0.58841			6
2026.03.04	02:01:18.839	0.58838	0.58842			6
2026.03.04	02:01:19.440	0.58839	0.58843			6
2026.03.04	02:01:19.740	0.58838	0.58842			6
2026.03.04	02:01:25.746	0.58836	0.58839			6
2026.03.04	02:01:26.347	0.58835				2
2026.03.04	02:01:27.247	0.58833	0.58837			6
2026.03.04	02:01:29.868	0.58831	0.58835			6
2026.03.04	02:01:30.166	0.58830	0.58834			6
2026.03.04	02:01:30.767	0.58831	0.58835			6
2026.03.04	02:01:32.853	0.58834	0.58838			6
2026.03.04	02:01:33.155	0.58838	0.58842			6
2026.03.04	02:01:33.455		0.58841			4
2026.03.04	02:01:34.357		0.58842			4
2026.03.04	02:01:35.510	0.58837	0.58840			6
2026.03.04	02:01:36.746		0.58841			4
2026.03.04	02:01:37.648	0.58838	0.58842			6
2026.03.04	02:01:37.949		0.58841			4
2026.03.04	02:01:38.249		0.58840			4
2026.03.04	02:01:38.550		0.58841			4
2026.03.04	02:01:40.230		0.58842			4
2026.03.04	02:01:40.531		0.58841			4
2026.03.04	02:01:42.227	0.58833	0.58837			6
2026.03.04	02:01:43.129		0.58836			4
2026.03.04	02:01:43.430	0.58831	0.58835			6
2026.03.04	02:01:46.721	0.58832	0.58836			6
2026.03.04	02:01:49.751	0.58831	0.58835			6
2026.03.04	02:01:50.351	0.58832				2
2026.03.04	02:01:50.651	0.58831				2
2026.03.04	02:01:51.319	0.58828	0.58829			6
2026.03.04	02:01:51.618	0.58821	0.58825			6
2026.03.04	02:01:52.519	0.58823	0.58827			6
2026.03.04	02:01:55.210	0.58824	0.58828			6
2026.03.04	02:01:56.156	0.58825				2
2026.03.04	02:01:56.456		0.58829			4
2026.03.04	02:01:59.800	0.58827				2
2026.03.04	02:02:00.099	0.58827	0.58831			6
2026.03.04	02:02:00.399	0.58828				2
2026.03.04	02:02:01.602		0.58832			4
2026.03.04	02:02:04.093		0.58831			4
2026.03.04	02:02:04.994		0.58832			4
2026.03.04	02:02:06.535	0.58827	0.58831			6
2026.03.04	02:02:06.834	0.58826	0.58830			6
2026.03.04	02:02:07.435	0.58827				2
2026.03.04	02:02:08.336	0.58826				2
2026.03.04	02:02:08.636	0.58825	0.58828			6
2026.03.04	02:02:08.936	0.58824				2
2026.03.04	02:02:12.103	0.58825	0.58829			6
2026.03.04	02:02:13.675		0.58828			4
2026.03.04	02:02:13.976		0.58829			4
2026.03.04	02:02:16.677	0.58826	0.58830			6
2026.03.04	02:02:17.277	0.58829	0.58833			6
2026.03.04	02:02:18.480	0.58828	0.58832			6
2026.03.04	02:02:19.079		0.58831			4
2026.03.04	02:02:19.379	0.58826	0.58830			6
2026.03.04	02:02:20.279	0.58828	0.58832			6
2026.03.04	02:02:23.776	0.58829				2
2026.03.04	02:02:25.279	0.58833	0.58836			6
2026.03.04	02:02:25.579	0.58829	0.58833			6
2026.03.04	02:02:27.684	0.58830				2
2026.03.04	02:02:28.585	0.58831	0.58835			6
2026.03.04	02:02:29.185	0.58833	0.58837			6
2026.03.04	02:02:29.485	0.58832	0.58836			6
2026.03.04	02:02:29.786	0.58831	0.58835			6
2026.03.04	02:02:31.291		0.58834			4
2026.03.04	02:02:32.264	0.58828	0.58832			6
2026.03.04	02:02:34.451	0.58829	0.58833			6
2026.03.04	02:02:35.051	0.58828	0.58832			6
2026.03.04	02:02:39.162	0.58829	0.58833			6
2026.03.04	02:02:39.763	0.58825	0.58828			6
2026.03.04	02:02:40.668	0.58828	0.58829			6
2026.03.04	02:02:40.964		0.58831			4
