<DATE>	<TIME>	<BID>	<ASK>	<LAST>	<VOLUME>	<FLAGS>
2026.04.21	00:03:30.048	0.58763	0.58852			6
2026.04.21	00:04:00.131	0.58763				2
2026.04.21	00:04:30.221		0.58852			4
2026.04.21	00:04:34.735		0.58851			4
2026.04.21	00:05:00.023	0.58763				2
2026.04.21	00:05:00.623	0.58765	0.58891			6
2026.04.21	00:05:01.826	0.58769				2
2026.04.21	00:05:04.530		0.58901			4
2026.04.21	00:05:05.732	0.58825				2
2026.04.21	00:05:06.935	0.58829				2
2026.04.21	00:05:15.367	0.58833				2
2026.04.21	00:05:15.668	0.58769	0.58886			6
2026.04.21	00:05:20.482	0.58780				2
2026.04.21	00:05:24.396	0.58786				2
2026.04.21	00:05:25.297	0.58794				2
2026.04.21	00:05:31.017	0.58769				2
2026.04.21	00:05:31.317		0.58882			4
2026.04.21	00:06:00.193	0.58769				2
2026.04.21	00:06:31.486		0.58882			4
2026.04.21	00:07:00.067	0.58769				2
2026.04.21	00:07:10.298		0.58881			4
2026.04.21	00:07:44.600		0.58870			4
2026.04.21	00:07:48.207		0.58885			4
2026.04.21	00:07:49.111		0.58870			4
2026.04.21	00:08:00.238	0.58769				2
2026.04.21	00:08:05.353	0.58776	0.58915			6
2026.04.21	00:09:00.117	0.58776				2
2026.04.21	00:09:05.529		0.58915			4
2026.04.21	00:09:14.567	0.58765	0.58880			6
2026.04.21	00:09:14.869	0.58763	0.58916			6
2026.04.21	00:09:15.773	0.58773	0.58913			6
2026.04.21	00:09:18.483	0.58783	0.58916			6
2026.04.21	00:09:20.891	0.58770	0.58890			6
2026.04.21	00:09:34.126	0.58773	0.58914			6
2026.04.21	00:09:41.365	0.58770	0.58900			6
2026.04.21	00:09:46.490	0.58787	0.58884			6
2026.04.21	00:09:54.304	0.58764	0.58899			6
2026.04.21	00:09:55.506	0.58765	0.58898			6
2026.04.21	00:10:00.022	0.58765				2
2026.04.21	00:10:55.683		0.58898			4
2026.04.21	00:11:00.198	0.58765				2
2026.04.21	00:11:08.017	0.58763	0.58890			6
2026.04.21	00:11:54.353	0.58765				2
2026.04.21	00:12:00.074	0.58765				2
2026.04.21	00:12:08.193		0.58890			4
2026.04.21	00:13:00.224	0.58765				2
2026.04.21	00:13:08.343		0.58890			4
2026.04.21	00:13:28.806	0.58763				2
2026.04.21	00:13:46.237	0.58762				2
2026.04.21	00:13:48.345	0.58763				2
2026.04.21	00:14:00.095	0.58763				2
2026.04.21	00:14:08.514		0.58890			4
2026.04.21	00:15:00.276	0.58763				2
2026.04.21	00:15:01.482	0.58765				2
2026.04.21	00:15:08.700		0.58890			4
2026.04.21	00:15:33.366	0.58772				2
2026.04.21	00:15:43.305	0.58773				2
2026.04.21	00:15:49.017	0.58770				2
2026.04.21	00:15:53.223	0.58771				2
2026.04.21	00:15:57.428		0.58900			4
2026.04.21	00:15:58.031		0.58890			4
2026.04.21	00:16:00.146	0.58771				2
2026.04.21	00:16:02.253	0.58772				2
2026.04.21	00:16:07.082	0.58780				2
2026.04.21	00:16:08.288	0.58771				2
2026.04.21	00:16:17.915	0.58772				2
2026.04.21	00:16:56.127	0.58810				2
2026.04.21	00:16:59.329		0.58890			4
2026.04.21	00:17:02.327	0.58810				2
2026.04.21	00:17:02.995	0.58816				2
2026.04.21	00:17:08.155	0.58807				2
2026.04.21	00:17:14.210	0.58801				2
2026.04.21	00:17:32.848	0.58812				2
2026.04.21	00:18:01.129	0.58812	0.58890			6
2026.04.21	00:18:32.933	0.58813				2
2026.04.21	00:19:00.828	0.58813				2
2026.04.21	00:19:01.419		0.58890			4
2026.04.21	00:19:25.728	0.58811				2
2026.04.21	00:19:29.072	0.58809				2
2026.04.21	00:19:36.058	0.58811				2
2026.04.21	00:19:54.074	0.58809				2
2026.04.21	00:20:01.128	0.58809				2
2026.04.21	00:20:01.428		0.58890			4
2026.04.21	00:20:14.658	0.58788				2
2026.04.21	00:20:15.058	0.58791				2
2026.04.21	00:21:00.827	0.58791				2
2026.04.21	00:21:05.298		0.58890			4
2026.04.21	00:22:00.527	0.58791				2
2026.04.21	00:22:06.199		0.58890			4
2026.04.21	00:22:31.431	0.58801				2
2026.04.21	00:22:32.855	0.58815				2
2026.04.21	00:22:33.157	0.58813				2
2026.04.21	00:22:48.505	0.58810				2
2026.04.21	00:22:56.033	0.58813				2
2026.04.21	00:23:01.427	0.58813				2
2026.04.21	00:23:06.227		0.58890			4
2026.04.21	00:23:11.658	0.58811				2
2026.04.21	00:23:40.700	0.58794	0.58880			6
2026.04.21	00:23:56.328	0.58812				2
2026.04.21	00:23:56.628	0.58809				2
2026.04.21	00:24:00.827	0.58809				2
2026.04.21	00:24:37.943	0.58805				2
2026.04.21	00:24:42.528		0.58880			4
2026.04.21	00:24:56.252	0.58814				2
2026.04.21	00:25:01.127	0.58814				2
2026.04.21	00:25:15.255	0.58757				2
2026.04.21	00:25:43.427		0.58880			4
2026.04.21	00:26:01.427	0.58757				2
2026.04.21	00:26:44.964		0.58880			4
2026.04.21	00:27:10.046	0.58757				2
2026.04.21	00:27:49.727		0.58880			4
2026.04.21	00:28:01.127	0.58757				2
2026.04.21	00:28:50.948		0.58880			4
2026.04.21	00:29:02.028	0.58757				2
2026.04.21	00:29:51.819		0.58880			4
2026.04.21	00:30:00.076	0.58757				2
2026.04.21	00:30:02.495	0.58766				2
2026.04.21	00:30:02.798	0.58763				2
2026.04.21	00:30:03.186	0.58757				2
2026.04.21	00:30:23.306	0.58765	0.58882			6
2026.04.21	00:30:23.607	0.58757				2
2026.04.21	00:30:23.909	0.58765				2
2026.04.21	00:30:24.208	0.58757				2
2026.04.21	00:30:24.511	0.58765				2
2026.04.21	00:30:24.811	0.58757				2
2026.04.21	00:30:25.112	0.58765				2
2026.04.21	00:30:25.412	0.58757				2
2026.04.21	00:30:25.712	0.58765				2
2026.04.21	00:30:26.013	0.58757				2
2026.04.21	00:30:26.313	0.58765				2
2026.04.21	00:30:26.613	0.58757				2
2026.04.21	00:30:51.293	0.58765				2
2026.04.21	00:30:51.593	0.58757				2
2026.04.21	00:30:53.099	0.58765				2
2026.04.21	00:30:53.406	0.58757				2
2026.04.21	00:30:54.007	0.58765				2
2026.04.21	00:30:54.307	0.58757				2
2026.04.21	00:30:54.608	0.58765				2
2026.04.21	00:30:54.909	0.58757				2
2026.04.21	00:30:59.414		0.58890			4
2026.04.21	00:31:00.015	0.58757				2
2026.04.21	00:31:03.021	0.58758				2
2026.04.21	00:31:05.729	0.58762				2
2026.04.21	00:31:11.460	0.58773				2
2026.04.21	00:31:11.761	0.58770				2
2026.04.21	00:31:21.316	0.58765				2
2026.04.21	00:31:21.617	0.58762				2
2026.04.21	00:31:26.423	0.58771				2
2026.04.21	00:31:33.453	0.58769				2
2026.04.21	00:31:36.532	0.58765				2
2026.04.21	00:31:41.328	0.58767				2
2026.04.21	00:31:51.580	0.58764				2
2026.04.21	00:31:56.489	0.58772				2
2026.04.21	00:31:59.524		0.58890			4
2026.04.21	00:32:02.327	0.58772				2
2026.04.21	00:32:03.722	0.58770				2
2026.04.21	00:32:06.860	0.58763				2
2026.04.21	00:32:11.487	0.58769				2
2026.04.21	00:32:13.641	0.58767				2
2026.04.21	00:32:19.076	0.58770				2
2026.04.21	00:32:21.670	0.58767				2
2026.04.21	00:32:26.328	0.58772				2
2026.04.21	00:32:33.379	0.58770				2
2026.04.21	00:32:36.885	0.58768				2
2026.04.21	00:32:39.827	0.58762				2
2026.04.21	00:32:41.327	0.58768				2
2026.04.21	00:32:41.631	0.58764				2
2026.04.21	00:32:44.077	0.58768				2
2026.04.21	00:32:44.678	0.58767				2
2026.04.21	00:32:51.529	0.58762				2
2026.04.21	00:32:56.351	0.58774				2
2026.04.21	00:32:56.654	0.58771				2
2026.04.21	00:33:00.228	0.58771	0.58890			6
2026.04.21	00:33:06.229	0.58762				2
2026.04.21	00:33:13.476	0.58764				2
2026.04.21	00:33:16.929	0.58774				2
2026.04.21	00:33:20.920	0.58766				2
2026.04.21	00:33:21.221	0.58769				2
2026.04.21	00:33:29.755	0.58767				2
2026.04.21	00:33:31.433	0.58765				2
2026.04.21	00:33:31.733	0.58764				2
2026.04.21	00:33:36.215	0.58771				2
2026.04.21	00:33:46.428	0.58762				2
2026.04.21	00:33:51.253	0.58770				2
2026.04.21	00:34:00.827	0.58770	0.58890			6
2026.04.21	00:34:01.581	0.58762				2
2026.04.21	00:34:06.407	0.58774				2
2026.04.21	00:34:10.128	0.58772				2
2026.04.21	00:34:13.201	0.58774				2
2026.04.21	00:34:16.271	0.58762				2
2026.04.21	00:34:21.386	0.58778				2
2026.04.21	00:34:21.688	0.58775				2
2026.04.21	00:34:31.592	0.58762				2
2026.04.21	00:34:36.406	0.58780				2
2026.04.21	00:34:36.709	0.58777				2
2026.04.21	00:34:40.747	0.58776				2
2026.04.21	00:34:46.429	0.58762				2
2026.04.21	00:34:51.255	0.58784				2
2026.04.21	00:34:51.559	0.58781				2
2026.04.21	00:35:01.127	0.58781	0.58890			6
2026.04.21	00:35:01.807	0.58762				2
2026.04.21	00:35:21.360	0.58786				2
2026.04.21	00:35:21.661	0.58783				2
2026.04.21	00:35:31.845	0.58762				2
2026.04.21	00:35:51.403	0.58793				2
2026.04.21	00:35:51.703	0.58788				2
2026.04.21	00:36:00.527	0.58788				2
2026.04.21	00:36:01.361		0.58890			4
2026.04.21	00:36:01.661	0.58762				2
2026.04.21	00:36:06.483	0.58797				2
2026.04.21	00:36:06.785	0.58792				2
2026.04.21	00:36:16.676	0.58770				2
2026.04.21	00:36:17.278	0.58762				2
2026.04.21	00:36:21.487	0.58800				2
2026.04.21	00:36:21.789	0.58795				2
2026.04.21	00:36:31.591	0.58782				2
2026.04.21	00:36:31.893	0.58762				2
2026.04.21	00:36:36.405	0.58802				2
2026.04.21	00:36:36.705	0.58797				2
2026.04.21	00:36:44.328	0.58777				2
2026.04.21	00:36:44.628	0.58764				2
2026.04.21	00:36:44.929	0.58763				2
2026.04.21	00:36:45.230	0.58766				2
2026.04.21	00:36:48.279	0.58762				2
2026.04.21	00:36:48.578	0.58789				2
2026.04.21	00:36:49.711	0.58762				2
2026.04.21	00:36:53.314	0.58781				2
2026.04.21	00:36:53.614	0.58778				2
2026.04.21	00:37:00.380	0.58778				2
2026.04.21	00:37:01.436	0.58791	0.58890			6
2026.04.21	00:37:04.278	0.58790				2
2026.04.21	00:37:11.225	0.58775				2
2026.04.21	00:37:11.525	0.58777				2
2026.04.21	00:37:11.825	0.58779				2
2026.04.21	00:37:12.535	0.58762				2
2026.04.21	00:37:31.485	0.58794				2
2026.04.21	00:37:31.785	0.58792				2
2026.04.21	00:37:41.251	0.58778				2
2026.04.21	00:37:41.553	0.58762				2
2026.04.21	00:37:46.378	0.58798				2
2026.04.21	00:37:46.678	0.58796				2
2026.04.21	00:37:56.763	0.58762				2
2026.04.21	00:38:00.076	0.58762				2
2026.04.21	00:38:01.578		0.58890			4
2026.04.21	00:38:16.321	0.58797				2
2026.04.21	00:38:16.624	0.58795				2
2026.04.21	00:38:26.640	0.58762				2
2026.04.21	00:38:31.473	0.58800				2
2026.04.21	00:38:31.774	0.58796				2
2026.04.21	00:38:41.301	0.58784				2
2026.04.21	00:38:41.601	0.58762				2
2026.04.21	00:38:46.414	0.58792				2
2026.04.21	00:38:46.715	0.58789				2
2026.04.21	00:38:56.516	0.58777				2
2026.04.21	00:38:56.816	0.58762				2
2026.04.21	00:38:57.417	0.58788				2
2026.04.21	00:38:57.717	0.58785				2
2026.04.21	00:39:00.828	0.58785				2
2026.04.21	00:39:03.457	0.58783	0.58890			6
2026.04.21	00:39:07.460	0.58762				2
2026.04.21	00:39:12.274	0.58798				2
2026.04.21	00:39:12.576	0.58793				2
2026.04.21	00:39:12.876	0.58790				2
2026.04.21	00:39:13.176	0.58771				2
2026.04.21	00:39:13.778	0.58769				2
2026.04.21	00:39:24.041	0.58771				2
2026.04.21	00:39:24.827	0.58773				2
2026.04.21	00:39:34.952	0.58762				2
2026.04.21	00:39:35.253	0.58789				2
2026.04.21	00:39:36.204	0.58771				2
2026.04.21	00:39:36.504	0.58778				2
2026.04.21	00:39:36.806	0.58781				2
2026.04.21	00:39:37.411	0.58780				2
2026.04.21	00:39:38.315	0.58765				2
2026.04.21	00:39:38.614	0.58779				2
2026.04.21	00:39:38.916	0.58765				2
2026.04.21	00:39:39.218	0.58779				2
2026.04.21	00:39:39.518	0.58765				2
2026.04.21	00:39:40.120	0.58779				2
2026.04.21	00:39:40.421	0.58765				2
2026.04.21	00:39:41.024	0.58777				2
2026.04.21	00:39:48.038	0.58765				2
2026.04.21	00:39:50.002	0.58777				2
2026.04.21	00:39:53.725	0.58766				2
2026.04.21	00:39:56.279	0.58779				2
2026.04.21	00:39:58.277	0.58778				2
2026.04.21	00:40:03.228	0.58778				2
2026.04.21	00:40:03.531	0.58777	0.58890			6
2026.04.21	00:40:06.480	0.58789				2
2026.04.21	00:40:06.782	0.58781				2
2026.04.21	00:40:07.081	0.58777				2
2026.04.21	00:40:07.382	0.58764				2
2026.04.21	00:40:07.681	0.58767				2
2026.04.21	00:40:08.282	0.58777				2
2026.04.21	00:40:08.582	0.58762				2
2026.04.21	00:40:17.007	0.58763				2
2026.04.21	00:40:17.308	0.58764				2
2026.04.21	00:40:17.610	0.58763				2
2026.04.21	00:40:17.911	0.58771				2
2026.04.21	00:40:18.254	0.58763				2
2026.04.21	00:40:18.867	0.58771				2
2026.04.21	00:40:19.555	0.58763				2
2026.04.21	00:40:19.856	0.58771				2
2026.04.21	00:40:20.255	0.58763				2
2026.04.21	00:40:20.857	0.58771				2
2026.04.21	00:40:21.560	0.58764				2
2026.04.21	00:40:21.860	0.58771				2
2026.04.21	00:40:22.555	0.58764				2
2026.04.21	00:40:22.858	0.58772				2
2026.04.21	00:40:23.554	0.58764				2
2026.04.21	00:40:23.856	0.58772				2
2026.04.21	00:40:24.556	0.58764				2
2026.04.21	00:40:24.856	0.58772				2
2026.04.21	00:40:25.557	0.58764				2
2026.04.21	00:40:25.857	0.58774				2
2026.04.21	00:40:26.158	0.58785				2
2026.04.21	00:40:27.058	0.58774				2
2026.04.21	00:40:27.362	0.58762				2
2026.04.21	00:40:29.173	0.58777				2
2026.04.21	00:40:31.278	0.58762				2
2026.04.21	00:40:33.083	0.58777				2
2026.04.21	00:40:36.279	0.58776				2
2026.04.21	00:40:43.127	0.58762				2
2026.04.21	00:40:43.428	0.58793				2
2026.04.21	00:40:43.727	0.58766				2
2026.04.21	00:40:44.028	0.58777				2
2026.04.21	00:40:44.328	0.58762				2
2026.04.21	00:40:45.227	0.58773				2
2026.04.21	00:40:46.210	0.58781				2
2026.04.21	00:40:49.080	0.58778				2
2026.04.21	00:40:57.529	0.58784				2
2026.04.21	00:40:57.830	0.58786				2
2026.04.21	00:40:59.043	0.58763				2
2026.04.21	00:40:59.344	0.58787				2
2026.04.21	00:40:59.649	0.58784				2
2026.04.21	00:41:00.252	0.58784				2
2026.04.21	00:41:02.238	0.58762				2
2026.04.21	00:41:03.744		0.58890			4
2026.04.21	00:41:12.768	0.58769				2
2026.04.21	00:41:13.068	0.58762				2
2026.04.21	00:41:15.178	0.58776				2
2026.04.21	00:41:23.450	0.58812				2
2026.04.21	00:41:23.752	0.58774				2
2026.04.21	00:41:27.067	0.58795				2
2026.04.21	00:41:27.367	0.58793				2
2026.04.21	00:41:33.727	0.58791				2
2026.04.21	00:41:37.638	0.58801				2
2026.04.21	00:41:37.939	0.58794				2
2026.04.21	00:41:38.239	0.58811				2
2026.04.21	00:41:38.859	0.58808				2
2026.04.21	00:41:41.378		0.58892			4
2026.04.21	00:41:48.536	0.58762				2
2026.04.21	00:41:48.840	0.58771				2
2026.04.21	00:41:49.140	0.58762				2
2026.04.21	00:41:50.346	0.58802				2
2026.04.21	00:41:50.647	0.58800				2
2026.04.21	00:41:55.564	0.58762				2
2026.04.21	00:41:56.767	0.58789				2
2026.04.21	00:41:57.069	0.58762				2
2026.04.21	00:42:00.093	0.58762				2
2026.04.21	00:42:03.098	0.58799				2
2026.04.21	00:42:03.397	0.58792				2
2026.04.21	00:42:03.701	0.58762				2
2026.04.21	00:42:13.921	0.58763				2
2026.04.21	00:42:15.292	0.58762				2
2026.04.21	00:42:15.893	0.58766				2
2026.04.21	00:42:17.928	0.58789				2
2026.04.21	00:42:18.228	0.58762				2
2026.04.21	00:42:22.148	0.58797				2
2026.04.21	00:42:23.628	0.58783				2
2026.04.21	00:42:23.928	0.58762				2
2026.04.21	00:42:24.228	0.58787				2
2026.04.21	00:42:29.855	0.58804				2
2026.04.21	00:42:30.157	0.58765				2
2026.04.21	00:42:30.458	0.58795				2
2026.04.21	00:42:30.759	0.58793				2
2026.04.21	00:42:35.227	0.58807				2
2026.04.21	00:42:35.528	0.58773				2
2026.04.21	00:42:35.827	0.58779				2
2026.04.21	00:42:36.129	0.58808				2
2026.04.21	00:42:36.430	0.58810				2
2026.04.21	00:42:36.732	0.58762				2
2026.04.21	00:42:37.034	0.58809				2
2026.04.21	00:42:37.337	0.58808				2
2026.04.21	00:42:37.637	0.58762				2
2026.04.21	00:42:41.552		0.58892			4
2026.04.21	00:42:48.478	0.58784				2
2026.04.21	00:42:48.779	0.58775				2
2026.04.21	00:42:49.079	0.58789				2
2026.04.21	00:42:50.030	0.58794				2
2026.04.21	00:42:50.333	0.58791				2
2026.04.21	00:42:51.276	0.58762				2
2026.04.21	00:42:51.578	0.58787				2
2026.04.21	00:42:52.179	0.58762				2
2026.04.21	00:42:52.781	0.58790				2
2026.04.21	00:42:53.081	0.58762				2
2026.04.21	00:42:56.691	0.58784				2
2026.04.21	00:42:56.992	0.58801				2
2026.04.21	00:42:57.292	0.58782				2
2026.04.21	00:42:57.591	0.58762				2
2026.04.21	00:42:58.492	0.58791				2
2026.04.21	00:43:00.228	0.58791				2
2026.04.21	00:43:07.709	0.58762				2
2026.04.21	00:43:13.414	0.58765				2
2026.04.21	00:43:14.309	0.58762				2
2026.04.21	00:43:14.610	0.58798				2
2026.04.21	00:43:14.910	0.58788				2
2026.04.21	00:43:15.512	0.58762				2
2026.04.21	00:43:16.714	0.58780				2
2026.04.21	00:43:17.013	0.58762				2
2026.04.21	00:43:17.314	0.58785				2
2026.04.21	00:43:24.155	0.58765				2
2026.04.21	00:43:24.758	0.58792				2
2026.04.21	00:43:26.268	0.58786				2
2026.04.21	00:43:34.299	0.58789				2
2026.04.21	00:43:34.599	0.58762				2
2026.04.21	00:43:34.900	0.58795				2
2026.04.21	00:43:35.200	0.58762				2
2026.04.21	00:43:37.005	0.58810				2
2026.04.21	00:43:37.306	0.58807				2
2026.04.21	00:43:41.627		0.58892			4
2026.04.21	00:43:47.329	0.58799				2
2026.04.21	00:43:48.194	0.58785				2
2026.04.21	00:43:48.494	0.58765				2
2026.04.21	00:43:48.796	0.58807				2
2026.04.21	00:43:49.097	0.58762				2
2026.04.21	00:44:00.218	0.58762				2
2026.04.21	00:44:01.118	0.58765				2
2026.04.21	00:44:01.419	0.58799				2
2026.04.21	00:44:01.718	0.58801				2
2026.04.21	00:44:02.019	0.58785				2
2026.04.21	00:44:02.320	0.58762				2
2026.04.21	00:44:03.224	0.58802				2
2026.04.21	00:44:10.429	0.58762				2
2026.04.21	00:44:11.932	0.58792				2
2026.04.21	00:44:12.235	0.58762				2
2026.04.21	00:44:13.146	0.58792				2
2026.04.21	00:44:13.448	0.58762				2
2026.04.21	00:44:14.352	0.58791				2
2026.04.21	00:44:14.953	0.58792				2
2026.04.21	00:44:19.842	0.58762				2
2026.04.21	00:44:22.861	0.58786				2
2026.04.21	00:44:23.165	0.58794				2
2026.04.21	00:44:24.184	0.58796				2
2026.04.21	00:44:25.606	0.58794				2
2026.04.21	00:44:30.838	0.58762				2
2026.04.21	00:44:31.146	0.58797				2
2026.04.21	00:44:32.513	0.58762				2
2026.04.21	00:44:32.813	0.58765				2
2026.04.21	00:44:33.413	0.58800				2
2026.04.21	00:44:33.713	0.58798				2
2026.04.21	00:44:34.014	0.58762				2
2026.04.21	00:44:41.781		0.58892			4
2026.04.21	00:44:44.792	0.58769				2
2026.04.21	00:44:45.093	0.58785				2
2026.04.21	00:44:45.393	0.58805				2
2026.04.21	00:44:45.693	0.58803				2
2026.04.21	00:44:46.509	0.58769				2
2026.04.21	00:44:46.809	0.58792				2
2026.04.21	00:44:50.155	0.58773				2
2026.04.21	00:44:50.456	0.58790				2
2026.04.21	00:44:56.927	0.58806				2
2026.04.21	00:44:57.228	0.58804				2
2026.04.21	00:45:00.528	0.58804				2
2026.04.21	00:45:01.241	0.58768				2
2026.04.21	00:45:01.541	0.58791				2
2026.04.21	00:45:01.842	0.58765				2
2026.04.21	00:45:02.443	0.58762	0.58915			6
2026.04.21	00:45:02.743		0.58914			4
2026.04.21	00:45:03.644		0.58913			4
2026.04.21	00:45:04.250	0.58782				2
2026.04.21	00:45:04.852	0.58797	0.58892			6
2026.04.21	00:45:14.364	0.58787				2
2026.04.21	00:45:14.663	0.58775				2
2026.04.21	00:45:24.397	0.58768				2
2026.04.21	00:45:26.206	0.58772				2
2026.04.21	00:45:26.506	0.58767				2
2026.04.21	00:45:26.806	0.58769				2
2026.04.21	00:45:27.113	0.58768				2
2026.04.21	00:45:27.412	0.58769				2
2026.04.21	00:45:28.128	0.58768				2
2026.04.21	00:45:28.428	0.58769				2
2026.04.21	00:45:29.029	0.58768				2
2026.04.21	00:45:29.329	0.58769				2
2026.04.21	00:45:30.229	0.58770				2
2026.04.21	00:45:30.833	0.58769				2
2026.04.21	00:45:31.437	0.58770				2
2026.04.21	00:45:31.737	0.58769				2
2026.04.21	00:45:32.039	0.58770				2
2026.04.21	00:45:33.542	0.58769				2
2026.04.21	00:45:33.842	0.58770				2
2026.04.21	00:45:34.143	0.58810				2
2026.04.21	00:45:34.443	0.58778				2
2026.04.21	00:45:37.279	0.58780				2
2026.04.21	00:45:37.579	0.58784				2
2026.04.21	00:45:37.879	0.58768				2
2026.04.21	00:45:38.180	0.58810				2
2026.04.21	00:45:38.860	0.58808				2
2026.04.21	00:45:40.428		0.58886			4
2026.04.21	00:45:43.510	0.58770				2
2026.04.21	00:45:43.812	0.58767				2
2026.04.21	00:45:44.113	0.58773				2
2026.04.21	00:45:44.413	0.58769				2
2026.04.21	00:45:47.754	0.58771				2
2026.04.21	00:45:48.055	0.58769				2
2026.04.21	00:45:54.392	0.58806				2
2026.04.21	00:45:54.692	0.58803				2
2026.04.21	00:45:56.868	0.58794				2
2026.04.21	00:45:57.168	0.58774				2
2026.04.21	00:45:57.469	0.58772				2
2026.04.21	00:45:58.532	0.58771				2
2026.04.21	00:45:58.835	0.58770				2
2026.04.21	00:45:59.134	0.58809				2
2026.04.21	00:45:59.435	0.58804				2
2026.04.21	00:45:59.735	0.58802				2
2026.04.21	00:46:00.036	0.58802				2
2026.04.21	00:46:04.392	0.58806				2
2026.04.21	00:46:04.692	0.58803				2
2026.04.21	00:46:05.294	0.58770				2
2026.04.21	00:46:13.810	0.58813				2
2026.04.21	00:46:14.110	0.58805				2
2026.04.21	00:46:24.429	0.58766				2
2026.04.21	00:46:24.729	0.58773				2
2026.04.21	00:46:25.029	0.58811				2
2026.04.21	00:46:25.329	0.58773				2
2026.04.21	00:46:32.639	0.58772				2
2026.04.21	00:46:33.652	0.58810				2
2026.04.21	00:46:33.952	0.58812				2
2026.04.21	00:46:40.729		0.58886			4
2026.04.21	00:46:43.514	0.58774				2
2026.04.21	00:46:43.815	0.58807				2
2026.04.21	00:46:49.777	0.58804				2
2026.04.21	00:46:50.076	0.58795				2
2026.04.21	00:46:52.427	0.58779				2
2026.04.21	00:46:52.727	0.58763				2
2026.04.21	00:46:53.084	0.58799				2
2026.04.21	00:46:53.385	0.58776				2
2026.04.21	00:46:53.688	0.58764				2
2026.04.21	00:46:54.287	0.58792				2
2026.04.21	00:46:55.019	0.58797				2
2026.04.21	00:46:55.320	0.58774				2
2026.04.21	00:46:56.352	0.58766				2
2026.04.21	00:47:01.128	0.58766				2
2026.04.21	00:47:01.772	0.58807				2
2026.04.21	00:47:02.078	0.58765				2
2026.04.21	00:47:02.379	0.58762	0.58911			6
2026.04.21	00:47:02.980	0.58787				2
2026.04.21	00:47:04.784	0.58803	0.58886			6
2026.04.21	00:47:07.801	0.58799				2
2026.04.21	00:47:08.101	0.58794				2
2026.04.21	00:47:10.130	0.58762				2
2026.04.21	00:47:11.329	0.58804				2
2026.04.21	00:47:11.630	0.58762				2
2026.04.21	00:47:11.931	0.58772				2
2026.04.21	00:47:12.531	0.58765				2
2026.04.21	00:47:12.833	0.58795				2
2026.04.21	00:47:13.133	0.58792				2
2026.04.21	00:47:17.348	0.58809				2
2026.04.21	00:47:28.427	0.58794				2
2026.04.21	00:47:28.728	0.58808				2
2026.04.21	00:47:29.330	0.58765				2
2026.04.21	00:47:30.513	0.58791				2
2026.04.21	00:47:30.813	0.58765				2
2026.04.21	00:47:41.298		0.58892			4
2026.04.21	00:47:45.828	0.58819				2
2026.04.21	00:47:46.135	0.58770				2
2026.04.21	00:47:49.854	0.58762				2
2026.04.21	00:47:50.155	0.58768				2
2026.04.21	00:47:50.698	0.58771				2
2026.04.21	00:47:59.929	0.58824				2
2026.04.21	00:48:00.231	0.58779				2
2026.04.21	00:48:00.532	0.58813				2
2026.04.21	00:48:00.833	0.58811				2
2026.04.21	00:48:02.443	0.58776				2
2026.04.21	00:48:02.747	0.58764				2
2026.04.21	00:48:03.354	0.58814				2
2026.04.21	00:48:03.654	0.58812				2
2026.04.21	00:48:08.328	0.58824				2
2026.04.21	00:48:17.681	0.58775				2
2026.04.21	00:48:17.982	0.58816				2
2026.04.21	00:48:18.282	0.58813				2
2026.04.21	00:48:19.101	0.58819				2
2026.04.21	00:48:20.110	0.58768				2
2026.04.21	00:48:20.753	0.58770				2
2026.04.21	00:48:24.568	0.58785				2
2026.04.21	00:48:24.868	0.58819				2
2026.04.21	00:48:25.169	0.58817				2
2026.04.21	00:48:25.887	0.58780				2
2026.04.21	00:48:26.191	0.58775				2
2026.04.21	00:48:26.495	0.58807				2
2026.04.21	00:48:26.795	0.58805				2
2026.04.21	00:48:30.245	0.58819				2
2026.04.21	00:48:30.545	0.58807				2
2026.04.21	00:48:39.529	0.58783				2
2026.04.21	00:48:39.828	0.58807				2
2026.04.21	00:48:40.132	0.58805				2
2026.04.21	00:48:40.432	0.58778				2
2026.04.21	00:48:40.732	0.58780	0.58889			6
2026.04.21	00:48:41.032	0.58770				2
2026.04.21	00:48:41.655	0.58780				2
2026.04.21	00:48:41.955	0.58781				2
2026.04.21	00:48:42.257	0.58771				2
2026.04.21	00:48:43.324	0.58818				2
2026.04.21	00:48:43.624	0.58816				2
2026.04.21	00:48:49.381	0.58814				2
2026.04.21	00:48:53.631	0.58813				2
2026.04.21	00:48:58.247	0.58825				2
2026.04.21	00:48:58.550	0.58793				2
2026.04.21	00:48:58.850	0.58767				2
2026.04.21	00:48:59.154	0.58770				2
2026.04.21	00:48:59.755	0.58808				2
2026.04.21	00:49:00.059	0.58806				2
2026.04.21	00:49:02.831	0.58773				2
2026.04.21	00:49:03.432	0.58783				2
2026.04.21	00:49:03.732	0.58809				2
2026.04.21	00:49:04.339	0.58771				2
2026.04.21	00:49:05.342	0.58804				2
2026.04.21	00:49:05.643	0.58790				2
2026.04.21	00:49:08.547	0.58804				2
2026.04.21	00:49:08.848	0.58799				2
2026.04.21	00:49:09.716	0.58802				2
2026.04.21	00:49:13.733	0.58779				2
2026.04.21	00:49:18.206	0.58765	0.58892			6
2026.04.21	00:49:19.412		0.58895			4
2026.04.21	00:49:20.012	0.58805				2
2026.04.21	00:49:20.312	0.58765				2
2026.04.21	00:49:20.613	0.58807				2
2026.04.21	00:49:23.852	0.58765				2
2026.04.21	00:49:26.260	0.58791				2
2026.04.21	00:49:29.248	0.58805				2
2026.04.21	00:49:29.553	0.58790				2
2026.04.21	00:49:29.853	0.58802				2
2026.04.21	00:49:30.153	0.58765				2
2026.04.21	00:49:31.363	0.58798				2
2026.04.21	00:49:31.668	0.58765				2
2026.04.21	00:49:31.969	0.58790				2
2026.04.21	00:49:32.269	0.58783				2
2026.04.21	00:49:32.569	0.58780				2
2026.04.21	00:49:32.869	0.58769				2
2026.04.21	00:49:33.169	0.58765				2
2026.04.21	00:49:34.673	0.58797				2
2026.04.21	00:49:34.974	0.58765				2
2026.04.21	00:49:35.275	0.58767				2
2026.04.21	00:49:36.051	0.58766				2
2026.04.21	00:49:36.351	0.58765				2
2026.04.21	00:49:36.652	0.58785				2
2026.04.21	00:49:38.980	0.58765				2
2026.04.21	00:49:39.281	0.58795				2
2026.04.21	00:49:39.582	0.58768				2
2026.04.21	00:49:39.883	0.58765				2
2026.04.21	00:49:40.484	0.58788				2
2026.04.21	00:49:41.524	0.58765				2
2026.04.21	00:49:42.725	0.58792				2
2026.04.21	00:49:52.864	0.58796				2
2026.04.21	00:49:53.163	0.58766				2
2026.04.21	00:49:53.768	0.58770				2
2026.04.21	00:49:55.271	0.58798				2
2026.04.21	00:49:55.570	0.58789				2
2026.04.21	00:50:01.427	0.58789				2
2026.04.21	00:50:03.094	0.58798				2
2026.04.21	00:50:03.395	0.58796				2
2026.04.21	00:50:03.996	0.58765				2
2026.04.21	00:50:04.296	0.58769				2
2026.04.21	00:50:04.824	0.58767				2
2026.04.21	00:50:05.124	0.58768				2
2026.04.21	00:50:09.053	0.58796				2
2026.04.21	00:50:09.354	0.58793				2
2026.04.21	00:50:14.394	0.58789				2
2026.04.21	00:50:16.322	0.58798				2
2026.04.21	00:50:16.622	0.58796				2
2026.04.21	00:50:17.257	0.58772				2
2026.04.21	00:50:17.906		0.58893			4
2026.04.21	00:50:18.510	0.58773				2
2026.04.21	00:50:19.412	0.58797				2
2026.04.21	00:50:19.712	0.58794				2
2026.04.21	00:50:24.393	0.58810				2
2026.04.21	00:50:24.698	0.58775				2
2026.04.21	00:50:25.002	0.58773				2
2026.04.21	00:50:25.302	0.58771				2
2026.04.21	00:50:26.496	0.58794				2
2026.04.21	00:50:26.796	0.58767				2
2026.04.21	00:50:27.097	0.58790				2
2026.04.21	00:50:34.251	0.58768				2
2026.04.21	00:50:34.551	0.58787				2
2026.04.21	00:50:34.853	0.58765				2
2026.04.21	00:50:36.357	0.58788				2
2026.04.21	00:50:36.656	0.58784				2
2026.04.21	00:50:36.957	0.58765				2
2026.04.21	00:50:40.270	0.58787				2
2026.04.21	00:50:40.570	0.58767				2
2026.04.21	00:50:41.631	0.58765				2
2026.04.21	00:50:43.438	0.58766				2
2026.04.21	00:50:43.737	0.58784				2
2026.04.21	00:50:44.039	0.58776				2
2026.04.21	00:50:44.641	0.58768				2
2026.04.21	00:50:44.941	0.58767				2
2026.04.21	00:50:46.194	0.58780				2
2026.04.21	00:50:51.685	0.58769				2
2026.04.21	00:50:52.507	0.58767				2
2026.04.21	00:50:52.809	0.58765				2
2026.04.21	00:50:53.411	0.58797				2
2026.04.21	00:50:53.712	0.58794				2
2026.04.21	00:50:54.705	0.58795				2
2026.04.21	00:50:55.007	0.58765				2
2026.04.21	00:50:55.308	0.58766				2
2026.04.21	00:50:55.608	0.58798				2
2026.04.21	00:50:55.908	0.58773				2
2026.04.21	00:50:56.209	0.58787				2
2026.04.21	00:51:03.429	0.58787				2
2026.04.21	00:51:03.728	0.58769				2
2026.04.21	00:51:04.029	0.58792				2
2026.04.21	00:51:04.332	0.58766				2
2026.04.21	00:51:04.633	0.58769				2
2026.04.21	00:51:05.411	0.58767				2
2026.04.21	00:51:05.712	0.58768				2
2026.04.21	00:51:06.734	0.58789				2
2026.04.21	00:51:09.529	0.58805	0.58906			6
2026.04.21	00:51:18.571		0.58905			4
2026.04.21	00:51:19.173		0.58906			4
2026.04.21	00:51:58.276	0.58811				2
2026.04.21	00:51:58.576	0.58808				2
2026.04.21	00:51:58.877	0.58805				2
2026.04.21	00:52:00.078	0.58805				2
2026.04.21	00:52:15.419		0.58905			4
2026.04.21	00:52:25.954	0.58804	0.58931			6
2026.04.21	00:52:26.255		0.58930			4
2026.04.21	00:52:26.556		0.58932			4
2026.04.21	00:52:27.458		0.58930			4
2026.04.21	00:52:28.662		0.58932			4
2026.04.21	00:52:32.575		0.58936			4
2026.04.21	00:52:35.582		0.58932			4
2026.04.21	00:52:41.299		0.58937			4
2026.04.21	00:52:43.104		0.58935			4
2026.04.21	00:52:43.705		0.58930			4
2026.04.21	00:52:44.311		0.58936			4
2026.04.21	00:52:44.610		0.58925			4
2026.04.21	00:52:45.211		0.58931			4
2026.04.21	00:52:45.815		0.58926			4
2026.04.21	00:52:46.116		0.58932			4
2026.04.21	00:52:46.716		0.58926			4
2026.04.21	00:52:47.316		0.58932			4
2026.04.21	00:52:47.616		0.58927			4
2026.04.21	00:52:48.217		0.58931			4
2026.04.21	00:52:48.819		0.58929			4
2026.04.21	00:52:49.119		0.58932			4
2026.04.21	00:52:49.422		0.58931			4
2026.04.21	00:52:49.722		0.58928			4
2026.04.21	00:52:50.022		0.58932			4
2026.04.21	00:52:50.626		0.58928			4
2026.04.21	00:52:51.228		0.58932			4
2026.04.21	00:52:51.831		0.58928			4
2026.04.21	00:52:52.132		0.58932			4
2026.04.21	00:52:52.735		0.58929			4
2026.04.21	00:52:53.036		0.58906			4
2026.04.21	00:53:00.258	0.58804				2
2026.04.21	00:53:53.216		0.58906			4
2026.04.21	00:54:00.123	0.58804				2
2026.04.21	00:54:23.914		0.58891			4
2026.04.21	00:55:00.019	0.58804				2
2026.04.21	00:55:13.140	0.58809				2
2026.04.21	00:55:24.060		0.58891			4
2026.04.21	00:56:00.162	0.58809				2
2026.04.21	00:56:24.252		0.58891			4
2026.04.21	00:56:24.553		0.58910			4
2026.04.21	00:57:00.058	0.58809				2
2026.04.21	00:57:03.667	0.58824				2
2026.04.21	00:57:12.990	0.58829				2
2026.04.21	00:57:24.723		0.58910			4
2026.04.21	00:57:28.028		0.58909			4
2026.04.21	00:58:00.213	0.58829				2
2026.04.21	00:58:28.201		0.58909			4
2026.04.21	00:59:00.086	0.58829				2
2026.04.21	00:59:23.537	0.58820				2
2026.04.21	00:59:23.836	0.58826				2
2026.04.21	00:59:24.438	0.58829				2
2026.04.21	00:59:27.759	0.58834				2
2026.04.21	00:59:28.057	0.58837				2
2026.04.21	00:59:28.361		0.58909			4
2026.04.21	00:59:29.870	0.58828				2
2026.04.21	00:59:30.170	0.58829				2
2026.04.21	00:59:30.472	0.58828				2
2026.04.21	00:59:30.769	0.58819				2
2026.04.21	00:59:31.074	0.58835				2
2026.04.21	00:59:32.277	0.58833				2
2026.04.21	00:59:32.882	0.58819				2
2026.04.21	00:59:56.342	0.58823				2
2026.04.21	00:59:57.241	0.58819				2
2026.04.21	00:59:58.441	0.58823				2
2026.04.21	00:59:58.742	0.58820				2
2026.04.21	01:00:00.247	0.58861	0.58920			6
2026.04.21	01:00:00.545	0.58867				2
2026.04.21	01:00:01.149	0.58861				2
2026.04.21	01:00:01.446	0.58875	0.58949			6
2026.04.21	01:00:01.746	0.58862	0.58947			6
2026.04.21	01:00:02.045	0.58879				2
2026.04.21	01:00:02.344	0.58876	0.58949			6
2026.04.21	01:00:02.645	0.58880	0.58951			6
2026.04.21	01:00:02.949	0.58877				2
2026.04.21	01:00:03.247	0.58876				2
2026.04.21	01:00:03.848	0.58871	0.58950			6
2026.04.21	01:00:04.452	0.58867	0.58945			6
2026.04.21	01:00:04.748	0.58869				2
2026.04.21	01:00:05.354	0.58867	0.58943			6
2026.04.21	01:00:05.654	0.58876	0.58945			6
2026.04.21	01:00:06.555	0.58877				2
2026.04.21	01:00:07.757	0.58879				2
2026.04.21	01:00:08.058	0.58878	0.58943			6
2026.04.21	01:00:08.358		0.58942			4
2026.04.21	01:00:08.659	0.58879				2
2026.04.21	01:00:09.260	0.58876				2
2026.04.21	01:00:10.459	0.58877	0.58943			6
2026.04.21	01:00:10.760		0.58942			4
2026.04.21	01:00:11.357		0.58941			4
2026.04.21	01:00:11.659	0.58880	0.58945			6
2026.04.21	01:00:12.559	0.58876	0.58937			6
2026.04.21	01:00:13.162		0.58945			4
2026.04.21	01:00:13.458		0.58942			4
2026.04.21	01:00:13.760	0.58878				2
2026.04.21	01:00:14.360		0.58938			4
2026.04.21	01:00:14.659	0.58876				2
2026.04.21	01:00:16.761	0.58879				2
2026.04.21	01:00:19.165	0.58880				2
2026.04.21	01:00:20.366	0.58884	0.58937			6
2026.04.21	01:00:20.663	0.58885				2
2026.04.21	01:00:21.865		0.58936			4
2026.04.21	01:00:22.465	0.58887	0.58937			6
2026.04.21	01:00:23.665	0.58883	0.58931			6
2026.04.21	01:00:29.378	0.58886	0.58936			6
2026.04.21	01:00:30.280	0.58885				2
2026.04.21	01:00:31.484	0.58886	0.58929			6
2026.04.21	01:00:35.388	0.58885	0.58936			6
2026.04.21	01:00:35.988	0.58896	0.58928			6
2026.04.21	01:00:36.289	0.58907	0.58917			6
2026.04.21	01:00:36.589	0.58897	0.58910			6
2026.04.21	01:00:36.885	0.58902	0.58913			6
2026.04.21	01:00:37.488		0.58916			4
2026.04.21	01:00:38.689		0.58915			4
2026.04.21	01:00:38.987		0.58916			4
2026.04.21	01:00:39.587		0.58915			4
2026.04.21	01:00:40.188	0.58901	0.58916			6
2026.04.21	01:00:40.487		0.58913			4
2026.04.21	01:00:41.392		0.58911			4
2026.04.21	01:00:41.690		0.58910			4
2026.04.21	01:00:43.188		0.58912			4
2026.04.21	01:00:45.894		0.58911			4
2026.04.21	01:00:52.207		0.58912			4
2026.04.21	01:00:53.409		0.58913			4
2026.04.21	01:00:54.308		0.58914			4
2026.04.21	01:00:54.610		0.58913			4
2026.04.21	01:00:57.013		0.58914			4
2026.04.21	01:00:59.417		0.58913			4
2026.04.21	01:01:00.018	0.58903				2
2026.04.21	01:01:00.318	0.58908	0.58910			6
2026.04.21	01:01:02.417	0.58907	0.58909			6
2026.04.21	01:01:04.518	0.58908	0.58910			6
2026.04.21	01:01:06.021	0.58909	0.58911			6
2026.04.21	01:01:09.922	0.58907	0.58909			6
2026.04.21	01:01:14.429	0.58908	0.58910			6
2026.04.21	01:01:14.727		0.58909			4
2026.04.21	01:01:18.334	0.58909	0.58910			6
2026.04.21	01:01:18.934	0.58908				2
2026.04.21	01:01:23.136	0.58907	0.58909			6
2026.04.21	01:01:24.939	0.58908	0.58910			6
2026.04.21	01:01:27.942	0.58909	0.58911			6
2026.04.21	01:01:28.543		0.58910			4
2026.04.21	01:01:31.250		0.58911			4
2026.04.21	01:01:32.454	0.58908				2
2026.04.21	01:01:33.354	0.58909				2
2026.04.21	01:01:34.257	0.58907	0.58908			6
2026.04.21	01:01:34.559	0.58909	0.58911			6
2026.04.21	01:01:34.859	0.58907	0.58908			6
2026.04.21	01:01:35.160	0.58909	0.58911			6
2026.04.21	01:01:35.462	0.58907	0.58908			6
2026.04.21	01:01:35.762	0.58910	0.58912			6
2026.04.21	01:01:36.063	0.58907	0.58908			6
2026.04.21	01:01:36.362	0.58910	0.58912			6
2026.04.21	01:01:36.663	0.58907	0.58908			6
2026.04.21	01:01:36.962	0.58909	0.58911			6
2026.04.21	01:01:37.260	0.58907	0.58908			6
2026.04.21	01:01:37.566	0.58909	0.58911			6
2026.04.21	01:01:39.366		0.58910			4
2026.04.21	01:01:39.666	0.58907				2
2026.04.21	01:01:40.268	0.58905				2
2026.04.21	01:01:41.768	0.58909				2
2026.04.21	01:01:45.373	0.58910	0.58911			6
2026.04.21	01:01:53.174	0.58909	0.58910			6
2026.04.21	01:02:00.085	0.58909				2
2026.04.21	01:02:00.383	0.58910	0.58911			6
2026.04.21	01:02:00.984	0.58909	0.58910			6
2026.04.21	01:02:01.282	0.58908	0.58909			6
2026.04.21	01:02:02.184	0.58907	0.58908			6
2026.04.21	01:02:02.482	0.58908	0.58909			6
2026.04.21	01:02:02.785	0.58907	0.58908			6
2026.04.21	01:02:03.082	0.58908	0.58909			6
2026.04.21	01:02:03.386	0.58907	0.58908			6
2026.04.21	01:02:03.685	0.58908	0.58909			6
2026.04.21	01:02:03.985	0.58907	0.58908			6
2026.04.21	01:02:04.284	0.58908	0.58909			6
2026.04.21	01:02:04.585	0.58907	0.58908			6
2026.04.21	01:02:04.885	0.58908	0.58909			6
2026.04.21	01:02:05.188	0.58907	0.58908			6
2026.04.21	01:02:05.487	0.58908	0.58909			6
2026.04.21	01:02:07.890	0.58909	0.58910			6
2026.04.21	01:02:09.992	0.58908	0.58909			6
2026.04.21	01:02:15.399	0.58910	0.58911			6
2026.04.21	01:02:15.698	0.58912	0.58913			6
2026.04.21	01:02:23.205	0.58911	0.58912			6
2026.04.21	01:02:33.115	0.58908	0.58909			6
2026.04.21	01:02:35.818	0.58907	0.58908			6
2026.04.21	01:02:56.240		0.58909			4
2026.04.21	01:03:00.143	0.58907				2
2026.04.21	01:03:00.444	0.58905	0.58906			6
2026.04.21	01:03:01.946		0.58907			4
2026.04.21	01:03:18.771	0.58895	0.58896			6
2026.04.21	01:03:19.072	0.58898	0.58899			6
2026.04.21	01:03:19.371	0.58897	0.58898			6
2026.04.21	01:03:19.973	0.58895	0.58897			6
2026.04.21	01:03:25.378	0.58897	0.58899			6
2026.04.21	01:03:40.095	0.58894	0.58896			6
2026.04.21	01:03:40.397	0.58892	0.58894			6
2026.04.21	01:03:40.999	0.58891	0.58893			6
2026.04.21	01:03:41.298		0.58892			4
2026.04.21	01:03:41.598		0.58893			4
2026.04.21	01:03:43.100	0.58893	0.58894			6
2026.04.21	01:03:45.804	0.58892				2
2026.04.21	01:03:47.606	0.58891	0.58892			6
2026.04.21	01:03:50.308	0.58892	0.58893			6
2026.04.21	01:03:52.410	0.58891	0.58892			6
2026.04.21	01:03:54.517	0.58892	0.58893			6
2026.04.21	01:04:00.221	0.58892				2
2026.04.21	01:04:01.425	0.58891	0.58892			6
2026.04.21	01:04:02.321	0.58888	0.58890			6
2026.04.21	01:04:02.622	0.58887	0.58889			6
2026.04.21	01:04:03.526	0.58881	0.58882			6
2026.04.21	01:04:03.821	0.58880	0.58881			6
2026.04.21	01:04:04.125	0.58872	0.58873			6
2026.04.21	01:04:04.426	0.58869	0.58871			6
2026.04.21	01:04:05.324	0.58866	0.58868			6
2026.04.21	01:04:05.925	0.58871	0.58872			6
2026.04.21	01:04:06.525	0.58866	0.58868			6
2026.04.21	01:04:32.364	0.58867	0.58869			6
2026.04.21	01:04:54.000	0.58866	0.58868			6
2026.04.21	01:05:00.009	0.58866				2
2026.04.21	01:05:01.506	0.58871	0.58873			6
2026.04.21	01:05:02.409	0.58868	0.58870			6
2026.04.21	01:05:03.008	0.58867	0.58869			6
2026.04.21	01:05:05.712	0.58866	0.58868			6
2026.04.21	01:05:17.123	0.58867	0.58869			6
2026.04.21	01:05:18.029	0.58868	0.58870			6
2026.04.21	01:05:23.738	0.58874	0.58876			6
2026.04.21	01:05:24.035	0.58872	0.58873			6
2026.04.21	01:05:24.337	0.58873	0.58875			6
2026.04.21	01:05:24.637	0.58875	0.58877			6
2026.04.21	01:05:25.239		0.58876			4
2026.04.21	01:05:25.843	0.58878	0.58880			6
2026.04.21	01:05:33.059	0.58881	0.58883			6
2026.04.21	01:05:33.363	0.58880	0.58882			6
2026.04.21	01:05:34.267	0.58879	0.58881			6
2026.04.21	01:05:39.080	0.58882	0.58884			6
2026.04.21	01:05:46.287	0.58884	0.58886			6
2026.04.21	01:05:46.588	0.58886	0.58888			6
2026.04.21	01:05:47.788		0.58887			4
2026.04.21	01:05:48.089	0.58885				2
2026.04.21	01:05:51.696	0.58886				2
2026.04.21	01:05:51.997	0.58885				2
2026.04.21	01:06:00.110	0.58885				2
2026.04.21	01:06:00.710		0.58886			4
2026.04.21	01:06:02.513	0.58889	0.58891			6
2026.04.21	01:06:02.810	0.58888	0.58890			6
2026.04.21	01:06:04.316	0.58874	0.58876			6
2026.04.21	01:06:04.915		0.58875			4
2026.04.21	01:06:05.215	0.58873				2
2026.04.21	01:06:05.513	0.58871	0.58873			6
2026.04.21	01:06:14.523	0.58875	0.58877			6
2026.04.21	01:06:14.822	0.58876	0.58878			6
2026.04.21	01:06:54.207	0.58877				2
2026.04.21	01:06:54.509	0.58878	0.58880			6
2026.04.21	01:07:00.221	0.58878				2
2026.04.21	01:07:13.740	0.58877	0.58879			6
2026.04.21	01:07:14.334	0.58878				2
2026.04.21	01:07:15.539	0.58877				2
2026.04.21	01:07:17.343	0.58878	0.58880			6
2026.04.21	01:07:26.967		0.58879			4
2026.04.21	01:07:31.781		0.58880			4
2026.04.21	01:07:33.884	0.58879				2
2026.04.21	01:07:48.601	0.58878				2
2026.04.21	01:07:49.504		0.58879			4
2026.04.21	01:07:52.807		0.58880			4
2026.04.21	01:07:54.008		0.58879			4
2026.04.21	01:07:57.613		0.58880			4
2026.04.21	01:08:00.018	0.58878				2
2026.04.21	01:08:18.937	0.58877	0.58879			6
2026.04.21	01:09:00.132	0.58877				2
2026.04.21	01:09:19.081		0.58879			4
2026.04.21	01:09:42.818	0.58876	0.58877			6
2026.04.21	01:09:43.117		0.58878			4
2026.04.21	01:09:43.720	0.58879	0.58880			6
2026.04.21	01:09:44.020	0.58880	0.58882			6
2026.04.21	01:09:44.319	0.58881				2
2026.04.21	01:09:44.920		0.58883			4
2026.04.21	01:09:57.546	0.58878	0.58880			6
2026.04.21	01:09:57.847	0.58877	0.58879			6
2026.04.21	01:09:58.148	0.58878	0.58880			6
2026.04.21	01:09:58.749	0.58877	0.58879			6
2026.04.21	01:09:59.049	0.58876	0.58878			6
2026.04.21	01:10:00.255	0.58876				2
2026.04.21	01:10:23.401	0.58877	0.58879			6
2026.04.21	01:10:32.725	0.58876	0.58878			6
2026.04.21	01:10:35.729	0.58877	0.58879			6
2026.04.21	01:10:45.948	0.58876	0.58878			6
2026.04.21	01:10:48.653	0.58877	0.58879			6
2026.04.21	01:10:49.856	0.58876	0.58878			6
2026.04.21	01:10:52.565	0.58877	0.58879			6
2026.04.21	01:10:52.868	0.58876	0.58878			6
2026.04.21	01:11:00.088	0.58876				2
2026.04.21	01:11:24.430	0.58875	0.58877			6
2026.04.21	01:11:25.331	0.58876	0.58878			6
2026.04.21	01:11:28.934	0.58877				2
2026.04.21	01:11:31.036	0.58875	0.58876			6
2026.04.21	01:11:31.339		0.58877			4
2026.04.21	01:11:32.838	0.58874	0.58876			6
2026.04.21	01:11:38.552	0.58875	0.58877			6
2026.04.21	01:11:39.754		0.58876			4
2026.04.21	01:12:00.210	0.58874				2
2026.04.21	01:12:01.711	0.58875	0.58877			6
2026.04.21	01:12:02.915	0.58873	0.58875			6
2026.04.21	01:12:09.221	0.58874				2
2026.04.21	01:12:09.821	0.58875	0.58877			6
2026.04.21	01:12:10.419		0.58876			4
2026.04.21	01:12:16.425	0.58879	0.58881			6
2026.04.21	01:12:16.726	0.58880	0.58882			6
2026.04.21	01:12:17.027	0.58881				2
2026.04.21	01:12:17.927	0.58880	0.58881			6
2026.04.21	01:12:19.127	0.58881	0.58883			6
2026.04.21	01:12:23.332	0.58883	0.58884			6
2026.04.21	01:12:23.632	0.58882				2
2026.04.21	01:12:23.933	0.58879	0.58880			6
2026.04.21	01:12:24.230	0.58878	0.58879			6
2026.04.21	01:12:25.129	0.58876	0.58878			6
2026.04.21	01:12:31.450	0.58877	0.58879			6
2026.04.21	01:12:31.752		0.58878			4
2026.04.21	01:12:33.255	0.58876	0.58877			6
2026.04.21	01:12:39.573	0.58874	0.58875			6
2026.04.21	01:12:39.875		0.58876			4
2026.04.21	01:12:40.779		0.58875			4
2026.04.21	01:12:42.583	0.58872	0.58874			6
2026.04.21	01:12:45.890	0.58873	0.58875			6
2026.04.21	01:12:50.997		0.58874			4
2026.04.21	01:12:52.798		0.58875			4
2026.04.21	01:13:00.013	0.58873				2
2026.04.21	01:13:01.509		0.58874			4
2026.04.21	01:13:02.111	0.58872				2
2026.04.21	01:13:03.614		0.58873			4
2026.04.21	01:13:03.914	0.58874	0.58875			6
2026.04.21	01:13:04.212	0.58875	0.58877			6
2026.04.21	01:13:04.513	0.58876	0.58878			6
2026.04.21	01:13:23.452	0.58877				2
2026.04.21	01:13:34.890	0.58876	0.58877			6
2026.04.21	01:13:37.592	0.58877	0.58879			6
2026.04.21	01:14:00.128	0.58877				2
2026.04.21	01:14:03.738	0.58878	0.58880			6
2026.04.21	01:14:30.806	0.58879	0.58881			6
2026.04.21	01:14:56.345	0.58877	0.58878			6
2026.04.21	01:14:56.646		0.58879			4
2026.04.21	01:14:57.251	0.58878				2
2026.04.21	01:14:57.554		0.58880			4
2026.04.21	01:15:00.266	0.58878				2
2026.04.21	01:15:02.974	0.58877	0.58879			6
2026.04.21	01:15:12.907	0.58878				2
2026.04.21	01:16:00.103	0.58878				2
2026.04.21	01:16:03.117		0.58879			4
2026.04.21	01:16:04.020	0.58881	0.58883			6
2026.04.21	01:16:04.319	0.58882	0.58884			6
2026.04.21	01:16:04.618		0.58883			4
2026.04.21	01:16:56.362	0.58881	0.58882			6
2026.04.21	01:17:00.275	0.58881				2
2026.04.21	01:17:04.485	0.58884	0.58886			6
2026.04.21	01:17:05.384	0.58885	0.58887			6
2026.04.21	01:17:05.689	0.58884	0.58886			6
2026.04.21	01:17:27.645	0.58885				2
2026.04.21	01:17:27.943		0.58887			4
2026.04.21	01:17:28.844		0.58886			4
2026.04.21	01:17:39.378		0.58887			4
2026.04.21	01:17:43.588	0.58883	0.58885			6
2026.04.21	01:17:45.091		0.58884			4
2026.04.21	01:17:52.001	0.58882	0.58883			6
2026.04.21	01:17:55.908		0.58884			4
2026.04.21	01:18:00.119	0.58882				2
2026.04.21	01:18:02.217	0.58883	0.58885			6
2026.04.21	01:18:02.818		0.58884			4
2026.04.21	01:18:10.928		0.58885			4
2026.04.21	01:18:16.037	0.58881	0.58883			6
2026.04.21	01:18:16.636	0.58882	0.58884			6
2026.04.21	01:18:31.079	0.58881	0.58883			6
2026.04.21	01:18:33.181	0.58883	0.58885			6
2026.04.21	01:18:34.383	0.58881	0.58883			6
2026.04.21	01:18:35.285	0.58882	0.58884			6
2026.04.21	01:19:00.224	0.58882				2
2026.04.21	01:19:05.930	0.58884	0.58886			6
2026.04.21	01:19:10.744	0.58885	0.58887			6
2026.04.21	01:19:11.345	0.58886	0.58888			6
2026.04.21	01:19:16.759	0.58885	0.58887			6
2026.04.21	01:19:17.057	0.58886	0.58888			6
2026.04.21	01:19:22.791	0.58885	0.58887			6
2026.04.21	01:19:31.207		0.58886			4
2026.04.21	01:20:00.057	0.58885				2
2026.04.21	01:20:00.361	0.58884				2
2026.04.21	01:20:04.881	0.58885	0.58887			6
2026.04.21	01:20:05.780	0.58889	0.58891			6
2026.04.21	01:20:06.083	0.58890				2
2026.04.21	01:20:07.883	0.58891	0.58893			6
2026.04.21	01:20:14.502		0.58892			4
2026.04.21	01:20:16.306	0.58890				2
2026.04.21	01:20:16.606	0.58889	0.58891			6
2026.04.21	01:20:17.507		0.58890			4
2026.04.21	01:20:20.815		0.58891			4
2026.04.21	01:20:29.821	0.58890	0.58892			6
2026.04.21	01:20:32.825	0.58889	0.58891			6
2026.04.21	01:20:33.727	0.58890	0.58892			6
2026.04.21	01:20:42.165	0.58889	0.58890			6
2026.04.21	01:20:42.767		0.58891			4
2026.04.21	01:20:51.486	0.58890	0.58892			6
2026.04.21	01:20:52.090	0.58889	0.58890			6
2026.04.21	01:20:52.392		0.58891			4
2026.04.21	01:20:53.595		0.58890			4
2026.04.21	01:20:55.396		0.58891			4
2026.04.21	01:20:55.997	0.58888	0.58890			6
2026.04.21	01:20:57.202	0.58889	0.58891			6
2026.04.21	01:21:00.208	0.58889				2
2026.04.21	01:21:21.231		0.58890			4
2026.04.21	01:21:27.245		0.58891			4
2026.04.21	01:21:31.759	0.58888	0.58890			6
2026.04.21	01:22:00.027	0.58888				2
2026.04.21	01:22:09.054	0.58889				2
2026.04.21	01:22:09.652		0.58891			4
2026.04.21	01:22:14.177		0.58890			4
2026.04.21	01:22:48.160	0.58887	0.58888			6
2026.04.21	01:23:00.192	0.58887				2
2026.04.21	01:23:08.310		0.58889			4
2026.04.21	01:23:11.018	0.58888	0.58890			6
2026.04.21	01:23:11.318		0.58889			4
2026.04.21	01:23:12.218	0.58889	0.58890			6
2026.04.21	01:23:21.230	0.58888	0.58889			6
2026.04.21	01:23:43.186	0.58887	0.58888			6
2026.04.21	01:23:47.394	0.58888	0.58889			6
2026.04.21	01:23:47.697	0.58886	0.58887			6
2026.04.21	01:23:53.102	0.58887	0.58889			6
2026.04.21	01:24:00.015	0.58887				2
2026.04.21	01:24:05.428	0.58885	0.58886			6
2026.04.21	01:24:05.726		0.58887			4
2026.04.21	01:24:06.929	0.58884	0.58886			6
2026.04.21	01:24:20.485		0.58885			4
2026.04.21	01:24:57.462		0.58886			4
2026.04.21	01:25:00.175	0.58884				2
2026.04.21	01:25:05.585		0.58885			4
2026.04.21	01:25:27.527	0.58883				2
2026.04.21	01:26:00.031	0.58883				2
2026.04.21	01:26:05.733		0.58885			4
2026.04.21	01:27:00.165	0.58883				2
2026.04.21	01:27:01.370	0.58884	0.58886			6
2026.04.21	01:27:09.186		0.58885			4
2026.04.21	01:27:16.094		0.58886			4
2026.04.21	01:27:21.208	0.58883	0.58884			6
2026.04.21	01:27:32.318	0.58884	0.58886			6
2026.04.21	01:27:32.615	0.58885				2
2026.04.21	01:27:47.040	0.58884				2
2026.04.21	01:27:57.580	0.58885				2
2026.04.21	01:28:00.282	0.58885				2
2026.04.21	01:28:21.619		0.58887			4
2026.04.21	01:28:27.028	0.58884	0.58886			6
2026.04.21	01:28:31.547	0.58886	0.58887			6
2026.04.21	01:28:34.861	0.58883	0.58885			6
2026.04.21	01:28:46.897		0.58884			4
2026.04.21	01:28:53.511	0.58882	0.58883			6
2026.04.21	01:29:00.121	0.58882				2
2026.04.21	01:29:06.738		0.58884			4
2026.04.21	01:29:29.316		0.58883			4
2026.04.21	01:30:00.011	0.58882				2
2026.04.21	01:30:01.508		0.58884			4
2026.04.21	01:30:03.607		0.58883			4
2026.04.21	01:30:03.907		0.58884			4
2026.04.21	01:30:15.331		0.58883			4
2026.04.21	01:30:16.231		0.58884			4
2026.04.21	01:30:24.044		0.58883			4
2026.04.21	01:30:25.542	0.58881				2
2026.04.21	01:30:58.304	0.58882	0.58884			6
2026.04.21	01:31:00.109	0.58882				2
2026.04.21	01:31:04.009	0.58886	0.58887			6
2026.04.21	01:31:06.110	0.58887	0.58889			6
2026.04.21	01:31:06.411	0.58886	0.58888			6
2026.04.21	01:31:10.321		0.58887			4
2026.04.21	01:31:16.629	0.58887	0.58888			6
2026.04.21	01:31:16.927	0.58888	0.58890			6
2026.04.21	01:31:17.231	0.58887	0.58889			6
2026.04.21	01:31:24.146		0.58888			4
2026.04.21	01:31:25.352		0.58889			4
2026.04.21	01:31:30.773		0.58888			4
2026.04.21	01:31:31.375	0.58886				2
2026.04.21	01:31:31.676	0.58887				2
2026.04.21	01:31:34.985	0.58886				2
2026.04.21	01:31:35.282		0.58887			4
2026.04.21	01:31:35.585	0.58885				2
2026.04.21	01:31:36.189	0.58884	0.58885			6
2026.04.21	01:31:36.484	0.58883				2
2026.04.21	01:31:41.294		0.58884			4
2026.04.21	01:31:41.894		0.58885			4
2026.04.21	01:31:45.203	0.58884				2
2026.04.21	01:31:47.004		0.58886			4
2026.04.21	01:31:50.909	0.58883	0.58885			6
2026.04.21	01:31:51.511		0.58884			4
2026.04.21	01:31:56.920	0.58884	0.58886			6
2026.04.21	01:31:59.024	0.58883	0.58885			6
2026.04.21	01:32:00.221	0.58883				2
2026.04.21	01:32:07.431	0.58882	0.58884			6
2026.04.21	01:32:14.651	0.58883	0.58885			6
2026.04.21	01:32:14.947	0.58884				2
2026.04.21	01:32:22.172		0.58886			4
2026.04.21	01:32:23.670		0.58885			4
2026.04.21	01:32:24.874		0.58886			4
2026.04.21	01:32:40.206		0.58885			4
2026.04.21	01:32:40.503		0.58886			4
2026.04.21	01:32:40.808		0.58885			4
2026.04.21	01:32:41.106		0.58886			4
2026.04.21	01:32:41.404		0.58885			4
2026.04.21	01:32:41.708		0.58886			4
2026.04.21	01:32:42.005		0.58885			4
2026.04.21	01:32:42.307		0.58886			4
2026.04.21	01:32:42.605		0.58885			4
2026.04.21	01:32:42.909		0.58886			4
2026.04.21	01:32:43.204		0.58885			4
2026.04.21	01:32:43.509		0.58886			4
2026.04.21	01:32:55.521		0.58885			4
2026.04.21	01:32:55.818		0.58886			4
2026.04.21	01:32:57.325		0.58885			4
2026.04.21	01:32:57.625		0.58886			4
2026.04.21	01:32:59.725	0.58885				2
2026.04.21	01:33:00.028	0.58884				2
2026.04.21	01:33:00.630		0.58885			4
2026.04.21	01:33:05.134		0.58886			4
2026.04.21	01:33:08.146	0.58885				2
2026.04.21	01:33:08.445	0.58884				2
2026.04.21	01:33:08.750	0.58885				2
2026.04.21	01:33:09.048	0.58884				2
2026.04.21	01:33:09.349	0.58885				2
2026.04.21	01:33:09.647	0.58884				2
2026.04.21	01:33:09.949	0.58885				2
2026.04.21	01:33:10.250	0.58884				2
2026.04.21	01:33:10.553	0.58885				2
2026.04.21	01:33:10.851	0.58884				2
2026.04.21	01:33:11.152	0.58885				2
2026.04.21	01:33:11.451	0.58884				2
2026.04.21	01:33:40.010	0.58880	0.58882			6
2026.04.21	01:33:41.209	0.58879	0.58881			6
2026.04.21	01:33:49.326	0.58880				2
2026.04.21	01:33:50.529	0.58879				2
2026.04.21	01:34:00.135	0.58879				2
2026.04.21	01:34:02.839	0.58880				2
2026.04.21	01:34:04.345		0.58882			4
2026.04.21	01:34:04.942	0.58881	0.58883			6
2026.04.21	01:34:05.245	0.58880	0.58882			6
2026.04.21	01:34:19.075	0.58881				2
2026.04.21	01:34:19.378		0.58883			4
2026.04.21	01:34:33.197	0.58880	0.58882			6
2026.04.21	01:34:36.795		0.58881			4
2026.04.21	01:34:37.100	0.58879				2
2026.04.21	01:34:46.113	0.58880				2
2026.04.21	01:34:46.409	0.58881	0.58883			6
2026.04.21	01:34:49.111	0.58880	0.58882			6
2026.04.21	01:34:49.413	0.58879	0.58881			6
2026.04.21	01:34:56.925		0.58880			4
2026.04.21	01:35:00.230	0.58879				2
2026.04.21	01:35:23.690		0.58881			4
2026.04.21	01:36:00.046	0.58879				2
2026.04.21	01:36:03.647		0.58880			4
2026.04.21	01:36:14.161		0.58881			4
2026.04.21	01:36:15.363		0.58880			4
2026.04.21	01:36:15.660		0.58881			4
2026.04.21	01:36:16.864	0.58880	0.58882			6
2026.04.21	01:37:00.127	0.58880				2
2026.04.21	01:37:01.926	0.58878	0.58880			6
2026.04.21	01:37:04.327	0.58880	0.58882			6
2026.04.21	01:37:04.626	0.58881	0.58883			6
2026.04.21	01:37:04.928		0.58882			4
2026.04.21	01:37:16.938		0.58883			4
2026.04.21	01:37:21.154		0.58882			4
2026.04.21	01:37:21.453	0.58880	0.58881			6
2026.04.21	01:37:23.257	0.58882	0.58884			6
2026.04.21	01:37:24.459		0.58883			4
2026.04.21	01:37:39.483	0.58881				2
2026.04.21	01:37:55.094	0.58882				2
2026.04.21	01:38:00.207	0.58882				2
2026.04.21	01:38:01.108		0.58884			4
2026.04.21	01:38:03.210	0.58884	0.58885			6
2026.04.21	01:38:03.506		0.58886			4
2026.04.21	01:38:09.517		0.58885			4
2026.04.21	01:38:10.720		0.58886			4
2026.04.21	01:38:13.428		0.58885			4
2026.04.21	01:38:26.053		0.58886			4
2026.04.21	01:38:42.300	0.58885				2
2026.04.21	01:38:42.600		0.58887			4
2026.04.21	01:39:00.026	0.58885				2
2026.04.21	01:39:02.130	0.58884	0.58886			6
2026.04.21	01:39:02.432	0.58885				2
2026.04.21	01:39:02.734	0.58884				2
2026.04.21	01:39:07.244	0.58885				2
2026.04.21	01:39:07.543	0.58884				2
2026.04.21	01:39:23.490		0.58885			4
2026.04.21	01:39:24.690	0.58883	0.58884			6
2026.04.21	01:39:25.596	0.58885	0.58887			6
2026.04.21	01:39:25.890	0.58884	0.58885			6
2026.04.21	01:39:26.193		0.58886			4
2026.04.21	01:40:00.144	0.58884				2
2026.04.21	01:40:22.976	0.58883	0.58885			6
2026.04.21	01:40:23.878	0.58884	0.58886			6
2026.04.21	01:40:28.983	0.58885	0.58887			6
2026.04.21	01:40:29.285	0.58884	0.58886			6
2026.04.21	01:40:33.494	0.58885	0.58887			6
2026.04.21	01:40:34.995	0.58884	0.58886			6
2026.04.21	01:40:35.597	0.58885	0.58887			6
2026.04.21	01:40:43.106	0.58884	0.58886			6
2026.04.21	01:40:53.622	0.58885	0.58887			6
2026.04.21	01:40:56.321	0.58884	0.58886			6
2026.04.21	01:40:58.726	0.58886	0.58888			6
2026.04.21	01:41:00.223	0.58886				2
2026.04.21	01:41:00.821	0.58885	0.58887			6
2026.04.21	01:41:01.122	0.58884	0.58886			6
2026.04.21	01:41:05.328	0.58885	0.58887			6
2026.04.21	01:41:05.623	0.58884	0.58886			6
2026.04.21	01:41:17.643	0.58883	0.58885			6
2026.04.21	01:41:23.647	0.58886	0.58888			6
2026.04.21	01:41:23.945	0.58887	0.58889			6
2026.04.21	01:41:37.180	0.58890	0.58892			6
2026.04.21	01:41:37.472	0.58891	0.58893			6
2026.04.21	01:41:37.772	0.58892	0.58894			6
2026.04.21	01:41:39.280	0.58891	0.58893			6
2026.04.21	01:41:47.089	0.58890	0.58892			6
2026.04.21	01:41:50.700	0.58892	0.58894			6
2026.04.21	01:41:50.997	0.58891	0.58893			6
2026.04.21	01:42:00.013	0.58891				2
2026.04.21	01:42:01.818	0.58893	0.58895			6
2026.04.21	01:42:13.827	0.58894	0.58896			6
2026.04.21	01:42:14.127	0.58893	0.58895			6
2026.04.21	01:42:17.432	0.58894	0.58896			6
2026.04.21	01:42:45.379	0.58893	0.58895			6
2026.04.21	01:43:00.093	0.58893				2
2026.04.21	01:43:01.595	0.58894	0.58896			6
2026.04.21	01:43:03.694	0.58893	0.58895			6
2026.04.21	01:43:06.099	0.58894	0.58896			6
2026.04.21	01:43:07.598	0.58893	0.58895			6
2026.04.21	01:43:08.199	0.58894	0.58896			6
2026.04.21	01:43:08.498	0.58893	0.58895			6
2026.04.21	01:43:22.009	0.58894	0.58896			6
2026.04.21	01:43:23.210	0.58893	0.58895			6
2026.04.21	01:43:23.513	0.58897	0.58899			6
2026.04.21	01:43:27.119	0.58898	0.58900			6
2026.04.21	01:43:29.819	0.58897	0.58899			6
2026.04.21	01:43:30.418	0.58896	0.58898			6
2026.04.21	01:43:30.720	0.58900	0.58901			6
2026.04.21	01:43:31.019		0.58902			4
2026.04.21	01:43:33.719	0.58901	0.58903			6
2026.04.21	01:43:34.919	0.58900	0.58902			6
2026.04.21	01:43:35.222	0.58899	0.58901			6
2026.04.21	01:43:41.530	0.58900	0.58902			6
2026.04.21	01:43:44.830	0.58905	0.58907			6
2026.04.21	01:43:45.133	0.58904	0.58906			6
2026.04.21	01:43:47.235	0.58906	0.58908			6
2026.04.21	01:43:49.940	0.58905	0.58907			6
2026.04.21	01:43:50.541	0.58903	0.58905			6
2026.04.21	01:43:51.435	0.58904	0.58906			6
2026.04.21	01:43:51.736	0.58903	0.58905			6
2026.04.21	01:43:52.035	0.58904	0.58906			6
2026.04.21	01:43:53.244	0.58903	0.58905			6
2026.04.21	01:44:00.160	0.58903				2
2026.04.21	01:44:00.454	0.58902	0.58904			6
2026.04.21	01:44:04.367	0.58899	0.58901			6
2026.04.21	01:44:05.269	0.58901	0.58903			6
2026.04.21	01:44:05.568	0.58899	0.58901			6
2026.04.21	01:44:05.866	0.58898	0.58900			6
2026.04.21	01:44:09.475	0.58899	0.58901			6
2026.04.21	01:44:09.777	0.58898	0.58900			6
2026.04.21	01:44:11.581	0.58899	0.58901			6
2026.04.21	01:44:11.884	0.58900	0.58902			6
2026.04.21	01:44:13.386		0.58903			4
2026.04.21	01:44:13.683	0.58899	0.58902			6
2026.04.21	01:44:13.984	0.58898	0.58901			6
2026.04.21	01:44:14.287	0.58897	0.58900			6
2026.04.21	01:44:15.490	0.58896	0.58899			6
2026.04.21	01:44:15.796	0.58895	0.58898			6
2026.04.21	01:44:16.087	0.58899	0.58902			6
2026.04.21	01:44:17.892	0.58897	0.58900			6
2026.04.21	01:44:25.407	0.58896	0.58899			6
2026.04.21	01:44:28.410	0.58897	0.58900			6
2026.04.21	01:44:30.212	0.58896	0.58899			6
2026.04.21	01:44:41.923	0.58897	0.58900			6
2026.04.21	01:44:42.826	0.58899	0.58902			6
2026.04.21	01:44:44.626	0.58898	0.58901			6
2026.04.21	01:44:45.225	0.58899	0.58902			6
2026.04.21	01:44:58.144	0.58898	0.58899			6
2026.04.21	01:44:59.953	0.58897				2
2026.04.21	01:45:00.257	0.58891	0.58892			6
2026.04.21	01:45:00.554	0.58930	0.58970			6
2026.04.21	01:45:00.854	0.58941	0.58942			6
2026.04.21	01:45:01.153	0.58942	0.58944			6
2026.04.21	01:45:01.453	0.58929	0.58932			6
2026.04.21	01:45:02.058	0.58940	0.58950			6
2026.04.21	01:45:02.357	0.58944	0.58946			6
2026.04.21	01:45:02.659	0.58949	0.58953			6
2026.04.21	01:45:02.958	0.58941	0.58960			6
2026.04.21	01:45:03.261	0.58937	0.58938			6
2026.04.21	01:45:03.559	0.58927	0.58931			6
2026.04.21	01:45:03.859	0.58950	0.58954			6
2026.04.21	01:45:04.156	0.58955	0.58956			6
2026.04.21	01:45:04.458	0.58954	0.58955			6
2026.04.21	01:45:04.764	0.58969	0.58970			6
2026.04.21	01:45:05.065	0.58979	0.58980			6
2026.04.21	01:45:05.363	0.58977	0.58978			6
2026.04.21	01:45:05.664	0.58975	0.58976			6
2026.04.21	01:45:06.261	0.58978	0.58979			6
2026.04.21	01:45:06.560	0.58977	0.58978			6
2026.04.21	01:45:07.762	0.58980	0.58981			6
2026.04.21	01:45:08.367	0.58986	0.58988			6
2026.04.21	01:45:08.662		0.58990			4
2026.04.21	01:45:08.969	0.58988	0.58989			6
2026.04.21	01:45:09.568	0.58987	0.58991			6
2026.04.21	01:45:10.169	0.58988	0.58992			6
2026.04.21	01:45:10.466	0.58985	0.58989			6
2026.04.21	01:45:11.071	0.58983	0.58987			6
2026.04.21	01:45:11.368	0.58985	0.58986			6
2026.04.21	01:45:11.672	0.58987	0.58990			6
2026.04.21	01:45:11.973	0.58997	0.58999			6
2026.04.21	01:45:12.271	0.59008	0.59011			6
2026.04.21	01:45:12.577	0.59026	0.59027			6
2026.04.21	01:45:12.875	0.59021	0.59025			6
2026.04.21	01:45:13.173	0.59019	0.59023			6
2026.04.21	01:45:18.550	0.59013	0.59017			6
2026.04.21	01:45:19.134	0.59014				2
2026.04.21	01:45:19.433	0.59018	0.59022			6
2026.04.21	01:45:19.733	0.59019				2
2026.04.21	01:45:20.031		0.59023			4
2026.04.21	01:45:21.537	0.59018	0.59021			6
2026.04.21	01:45:22.437	0.59021	0.59023			6
2026.04.21	01:45:22.738	0.59022	0.59026			6
2026.04.21	01:45:23.040	0.59021	0.59025			6
2026.04.21	01:45:23.341	0.59034	0.59035			6
2026.04.21	01:45:23.638	0.59033	0.59037			6
2026.04.21	01:45:24.239	0.59032	0.59036			6
2026.04.21	01:45:24.542	0.59030	0.59034			6
2026.04.21	01:45:24.843	0.59024	0.59028			6
2026.04.21	01:45:25.143	0.59021	0.59025			6
2026.04.21	01:45:25.446	0.59019	0.59023			6
2026.04.21	01:45:26.350	0.59011	0.59015			6
2026.04.21	01:45:26.947	0.59007	0.59011			6
2026.04.21	01:45:27.848	0.59006	0.59010			6
2026.04.21	01:45:28.149	0.59005	0.59009			6
2026.04.21	01:45:28.749	0.59006	0.59010			6
2026.04.21	01:45:29.050	0.59005	0.59009			6
2026.04.21	01:45:29.650	0.59001	0.59005			6
2026.04.21	01:45:30.555	0.58996	0.59000			6
2026.04.21	01:45:30.854	0.58997	0.59001			6
2026.04.21	01:45:32.364	0.58996	0.59000			6
2026.04.21	01:45:32.965	0.59001	0.59002			6
2026.04.21	01:45:33.263	0.59006	0.59010			6
2026.04.21	01:45:33.565	0.59012	0.59016			6
2026.04.21	01:45:33.863	0.59013	0.59017			6
2026.04.21	01:45:34.163	0.59021	0.59025			6
2026.04.21	01:45:34.465	0.59023	0.59026			6
2026.04.21	01:45:35.067	0.59026	0.59030			6
2026.04.21	01:45:36.269	0.59024	0.59028			6
2026.04.21	01:45:36.570	0.59023	0.59027			6
2026.04.21	01:45:36.868	0.59024	0.59028			6
2026.04.21	01:45:38.681	0.59022	0.59025			6
2026.04.21	01:45:41.081	0.59023	0.59027			6
2026.04.21	01:45:41.385	0.59025	0.59029			6
2026.04.21	01:45:47.398	0.59026	0.59030			6
2026.04.21	01:45:50.101	0.59022	0.59025			6
2026.04.21	01:45:51.001		0.59026			4
2026.04.21	01:45:51.300		0.59025			4
2026.04.21	01:45:53.105	0.59023				2
2026.04.21	01:45:53.405	0.59021				2
2026.04.21	01:45:54.006	0.59023	0.59027			6
2026.04.21	01:45:54.306	0.59031	0.59035			6
2026.04.21	01:45:54.905	0.59032	0.59036			6
2026.04.21	01:45:55.206	0.59029	0.59033			6
2026.04.21	01:45:55.807	0.59027	0.59031			6
2026.04.21	01:45:56.407	0.59025	0.59028			6
2026.04.21	01:45:56.709		0.59029			4
2026.04.21	01:45:59.714	0.59027	0.59031			6
2026.04.21	01:46:00.015	0.59027				2
2026.04.21	01:46:00.915	0.59029	0.59033			6
2026.04.21	01:46:01.216	0.59024	0.59028			6
2026.04.21	01:46:01.816	0.59026	0.59030			6
2026.04.21	01:46:10.227	0.59027	0.59031			6
2026.04.21	01:46:11.127	0.59033	0.59037			6
2026.04.21	01:46:11.727	0.59036	0.59040			6
2026.04.21	01:46:12.026	0.59037	0.59041			6
2026.04.21	01:46:12.328	0.59039	0.59043			6
2026.04.21	01:46:13.530	0.59038	0.59042			6
2026.04.21	01:46:14.132	0.59036	0.59040			6
2026.04.21	01:46:16.541	0.59037	0.59041			6
2026.04.21	01:46:16.841	0.59036	0.59040			6
2026.04.21	01:46:18.345	0.59041	0.59045			6
2026.04.21	01:46:18.644	0.59040	0.59044			6
2026.04.21	01:46:19.245	0.59041	0.59045			6
2026.04.21	01:46:19.545	0.59040	0.59044			6
2026.04.21	01:46:19.845	0.59039	0.59043			6
2026.04.21	01:46:23.751	0.59040	0.59044			6
2026.04.21	01:46:29.166	0.59036	0.59040			6
2026.04.21	01:46:30.369	0.59034	0.59038			6
2026.04.21	01:46:30.669	0.59032	0.59036			6
2026.04.21	01:46:31.871	0.59031	0.59035			6
2026.04.21	01:46:33.372	0.59041	0.59045			6
2026.04.21	01:46:33.673	0.59039	0.59043			6
2026.04.21	01:46:34.574	0.59036	0.59040			6
2026.04.21	01:46:34.874	0.59039	0.59043			6
2026.04.21	01:46:35.173	0.59044	0.59048			6
2026.04.21	01:46:36.073	0.59049	0.59053			6
2026.04.21	01:46:36.975	0.59050	0.59054			6
2026.04.21	01:46:37.274	0.59049	0.59053			6
2026.04.21	01:46:40.579	0.59041	0.59045			6
2026.04.21	01:46:44.190	0.59040	0.59044			6
2026.04.21	01:46:45.091	0.59044	0.59048			6
2026.04.21	01:46:45.390	0.59045	0.59049			6
2026.04.21	01:46:45.691	0.59044	0.59048			6
2026.04.21	01:46:45.992	0.59043	0.59047			6
2026.04.21	01:46:46.292	0.59045	0.59048			6
2026.04.21	01:46:46.592	0.59054	0.59058			6
2026.04.21	01:46:46.894	0.59055	0.59059			6
2026.04.21	01:46:47.195	0.59054	0.59058			6
2026.04.21	01:46:52.304	0.59055	0.59059			6
2026.04.21	01:46:55.613	0.59054	0.59058			6
2026.04.21	01:46:55.915	0.59052	0.59056			6
2026.04.21	01:46:56.215	0.59051	0.59055			6
2026.04.21	01:46:56.516	0.59052	0.59056			6
2026.04.21	01:46:58.316	0.59053	0.59057			6
2026.04.21	01:46:59.216	0.59054	0.59058			6
2026.04.21	01:47:00.117	0.59054				2
2026.04.21	01:47:00.719	0.59048	0.59052			6
2026.04.21	01:47:01.019	0.59054	0.59058			6
2026.04.21	01:47:01.322	0.59055	0.59059			6
2026.04.21	01:47:01.620	0.59054	0.59058			6
2026.04.21	01:47:01.918	0.59055	0.59059			6
2026.04.21	01:47:02.221	0.59056	0.59060			6
2026.04.21	01:47:03.120	0.59055	0.59059			6
2026.04.21	01:47:04.023	0.59053	0.59057			6
2026.04.21	01:47:04.323	0.59051	0.59055			6
2026.04.21	01:47:04.624	0.59050	0.59054			6
2026.04.21	01:47:06.726	0.59049	0.59053			6
2026.04.21	01:47:07.028	0.59048	0.59052			6
2026.04.21	01:47:07.328	0.59047	0.59051			6
2026.04.21	01:47:07.928	0.59046	0.59050			6
2026.04.21	01:47:08.229	0.59045	0.59049			6
2026.04.21	01:47:09.130	0.59044	0.59048			6
2026.04.21	01:47:09.433	0.59037	0.59041			6
2026.04.21	01:47:09.732	0.59034	0.59038			6
2026.04.21	01:47:10.032	0.59033	0.59037			6
2026.04.21	01:47:10.332	0.59034	0.59038			6
2026.04.21	01:47:15.138	0.59033	0.59037			6
2026.04.21	01:47:15.439	0.59034	0.59038			6
2026.04.21	01:47:18.447	0.59033	0.59037			6
2026.04.21	01:47:18.751	0.59034	0.59038			6
2026.04.21	01:47:26.581	0.59037	0.59041			6
2026.04.21	01:47:26.882	0.59039	0.59043			6
2026.04.21	01:47:27.181	0.59044	0.59048			6
2026.04.21	01:47:27.484	0.59045	0.59049			6
2026.04.21	01:47:27.782	0.59044	0.59048			6
2026.04.21	01:47:28.084	0.59047	0.59051			6
2026.04.21	01:47:28.685	0.59046	0.59050			6
2026.04.21	01:47:30.785	0.59048	0.59052			6
2026.04.21	01:47:31.690	0.59055	0.59059			6
2026.04.21	01:47:32.289	0.59054	0.59058			6
2026.04.21	01:47:32.591	0.59056	0.59060			6
2026.04.21	01:47:33.191	0.59055	0.59059			6
2026.04.21	01:47:34.091	0.59056	0.59060			6
2026.04.21	01:47:34.994	0.59057	0.59061			6
2026.04.21	01:47:36.197	0.59051	0.59055			6
2026.04.21	01:47:36.493	0.59050	0.59054			6
2026.04.21	01:47:46.414	0.59044	0.59048			6
2026.04.21	01:47:46.714	0.59043	0.59047			6
2026.04.21	01:47:49.417	0.59054	0.59058			6
2026.04.21	01:47:50.321		0.59057			4
2026.04.21	01:47:50.618	0.59049	0.59053			6
2026.04.21	01:47:50.917	0.59048	0.59052			6
2026.04.21	01:47:52.118	0.59049	0.59053			6
2026.04.21	01:47:52.719	0.59048	0.59052			6
2026.04.21	01:47:57.826	0.59047	0.59051			6
2026.04.21	01:47:58.727	0.59048	0.59052			6
2026.04.21	01:48:00.239	0.59048				2
2026.04.21	01:48:02.341	0.59049	0.59053			6
2026.04.21	01:48:02.643	0.59048	0.59052			6
2026.04.21	01:48:03.546	0.59045	0.59049			6
2026.04.21	01:48:06.852	0.59046	0.59050			6
2026.04.21	01:48:07.751	0.59043	0.59047			6
2026.04.21	01:48:08.052	0.59041	0.59045			6
2026.04.21	01:48:16.772	0.59042	0.59046			6
2026.04.21	01:48:22.483	0.59040	0.59044			6
2026.04.21	01:48:22.785	0.59039	0.59043			6
2026.04.21	01:48:23.385	0.59040	0.59044			6
2026.04.21	01:48:36.608	0.59039	0.59043			6
2026.04.21	01:48:41.117	0.59042	0.59046			6
2026.04.21	01:48:41.419	0.59043	0.59047			6
2026.04.21	01:48:41.717	0.59044	0.59048			6
2026.04.21	01:48:42.317	0.59043	0.59047			6
2026.04.21	01:48:46.222	0.59044	0.59048			6
2026.04.21	01:48:49.527	0.59043	0.59047			6
2026.04.21	01:48:50.128	0.59044	0.59048			6
2026.04.21	01:48:57.343	0.59045	0.59049			6
2026.04.21	01:49:00.048	0.59045				2
2026.04.21	01:49:00.348	0.59052	0.59056			6
2026.04.21	01:49:00.949	0.59051	0.59055			6
2026.04.21	01:49:02.451	0.59050	0.59054			6
2026.04.21	01:49:02.749	0.59051	0.59055			6
2026.04.21	01:49:06.358	0.59052	0.59056			6
2026.04.21	01:49:06.659	0.59053	0.59057			6
2026.04.21	01:49:15.085	0.59052	0.59056			6
2026.04.21	01:49:15.686	0.59053	0.59057			6
2026.04.21	01:49:16.287	0.59056	0.59060			6
2026.04.21	01:49:17.489	0.59081	0.59085			6
2026.04.21	01:49:17.786	0.59085	0.59089			6
2026.04.21	01:49:18.690	0.59084	0.59088			6
2026.04.21	01:49:19.291	0.59083	0.59087			6
2026.04.21	01:49:24.398	0.59082	0.59086			6
2026.04.21	01:49:24.698	0.59081	0.59085			6
2026.04.21	01:49:25.298	0.59080	0.59084			6
2026.04.21	01:49:29.205	0.59081	0.59085			6
2026.04.21	01:49:34.009	0.59079	0.59083			6
2026.04.21	01:49:35.210	0.59080	0.59084			6
2026.04.21	01:49:38.217	0.59079	0.59083			6
2026.04.21	01:49:39.417	0.59080	0.59084			6
2026.04.21	01:49:41.520	0.59079	0.59083			6
2026.04.21	01:49:51.142	0.59074	0.59078			6
2026.04.21	01:49:51.441	0.59073	0.59077			6
2026.04.21	01:49:52.344	0.59074	0.59078			6
2026.04.21	01:49:55.962	0.59076	0.59080			6
2026.04.21	01:49:56.262	0.59075	0.59079			6
2026.04.21	01:49:56.866	0.59077	0.59081			6
2026.04.21	01:49:57.165	0.59075	0.59079			6
2026.04.21	01:49:57.467	0.59074	0.59078			6
2026.04.21	01:49:58.066	0.59075	0.59079			6
2026.04.21	01:49:58.667	0.59074	0.59078			6
2026.04.21	01:49:58.968	0.59075	0.59079			6
2026.04.21	01:49:59.269	0.59074	0.59078			6
2026.04.21	01:50:00.167	0.59075	0.59079			6
2026.04.21	01:50:00.468	0.59074	0.59078			6
2026.04.21	01:50:01.068		0.59077			4
2026.04.21	01:50:01.368		0.59078			4
2026.04.21	01:50:02.269	0.59075	0.59079			6
2026.04.21	01:50:03.470	0.59073	0.59077			6
2026.04.21	01:50:03.773	0.59074	0.59078			6
2026.04.21	01:50:05.879	0.59079	0.59083			6
2026.04.21	01:50:06.180	0.59081	0.59085			6
2026.04.21	01:50:08.585	0.59080	0.59084			6
2026.04.21	01:50:08.885	0.59079	0.59083			6
2026.04.21	01:50:12.191	0.59082				2
2026.04.21	01:50:12.491	0.59080	0.59084			6
2026.04.21	01:50:12.792	0.59075	0.59079			6
2026.04.21	01:50:13.092	0.59074	0.59078			6
2026.04.21	01:50:13.395	0.59072	0.59076			6
2026.04.21	01:50:14.595	0.59077	0.59081			6
2026.04.21	01:50:14.895	0.59075	0.59079			6
2026.04.21	01:50:17.000	0.59073	0.59077			6
2026.04.21	01:50:17.300	0.59075	0.59079			6
2026.04.21	01:50:18.202	0.59074	0.59078			6
2026.04.21	01:50:20.304	0.59075	0.59079			6
2026.04.21	01:50:20.906	0.59073	0.59077			6
2026.04.21	01:50:21.205	0.59072	0.59076			6
2026.04.21	01:50:23.006	0.59068	0.59072			6
2026.04.21	01:50:23.306	0.59072	0.59076			6
2026.04.21	01:50:23.605	0.59073	0.59077			6
2026.04.21	01:50:26.008	0.59072	0.59076			6
2026.04.21	01:50:26.308	0.59073	0.59077			6
2026.04.21	01:50:26.608	0.59071	0.59074			6
2026.04.21	01:50:26.907	0.59070				2
2026.04.21	01:50:27.208	0.59069	0.59073			6
2026.04.21	01:50:30.517	0.59068	0.59072			6
2026.04.21	01:50:37.426	0.59069	0.59073			6
2026.04.21	01:50:39.828	0.59071				2
2026.04.21	01:50:40.129	0.59078	0.59082			6
2026.04.21	01:50:41.630	0.59077	0.59081			6
2026.04.21	01:50:41.930	0.59079	0.59083			6
2026.04.21	01:50:42.230	0.59078	0.59082			6
2026.04.21	01:50:45.534	0.59079	0.59083			6
2026.04.21	01:50:49.141	0.59080				2
2026.04.21	01:50:49.439		0.59084			4
2026.04.21	01:50:50.944	0.59081	0.59085			6
2026.04.21	01:50:56.054	0.59080	0.59084			6
2026.04.21	01:50:56.656	0.59081	0.59085			6
2026.04.21	01:50:57.560	0.59080	0.59084			6
2026.04.21	01:51:00.273	0.59080				2
2026.04.21	01:51:01.474	0.59079	0.59083			6
2026.04.21	01:51:02.976	0.59078	0.59082			6
2026.04.21	01:51:05.081	0.59079	0.59083			6
2026.04.21	01:51:06.283	0.59078	0.59082			6
2026.04.21	01:51:07.785	0.59069	0.59073			6
2026.04.21	01:51:08.083	0.59065	0.59069			6
2026.04.21	01:51:08.986	0.59064	0.59068			6
2026.04.21	01:51:09.286	0.59063	0.59067			6
2026.04.21	01:51:10.791	0.59059	0.59063			6
2026.04.21	01:51:11.389	0.59062	0.59066			6
2026.04.21	01:51:11.690	0.59061	0.59065			6
2026.04.21	01:51:11.989	0.59062	0.59066			6
2026.04.21	01:51:14.393	0.59063	0.59067			6
2026.04.21	01:51:16.506	0.59065	0.59069			6
2026.04.21	01:51:16.806	0.59067	0.59071			6
2026.04.21	01:51:18.005	0.59068	0.59072			6
2026.04.21	01:51:18.306	0.59069	0.59073			6
2026.04.21	01:51:19.507	0.59068	0.59072			6
2026.04.21	01:51:22.215	0.59069	0.59073			6
2026.04.21	01:51:23.716	0.59068	0.59072			6
2026.04.21	01:51:24.316	0.59076	0.59080			6
2026.04.21	01:51:24.916	0.59077	0.59081			6
2026.04.21	01:51:28.222	0.59076	0.59080			6
2026.04.21	01:51:29.131	0.59080	0.59084			6
2026.04.21	01:51:29.432	0.59092	0.59096			6
2026.04.21	01:51:29.729	0.59093	0.59097			6
2026.04.21	01:51:30.027	0.59091	0.59095			6
2026.04.21	01:51:30.932	0.59090	0.59094			6
2026.04.21	01:51:34.236	0.59091	0.59095			6
2026.04.21	01:51:36.341	0.59095	0.59099			6
2026.04.21	01:51:36.642	0.59097	0.59101			6
2026.04.21	01:51:36.942	0.59096	0.59100			6
2026.04.21	01:51:41.166	0.59095	0.59099			6
2026.04.21	01:51:41.465	0.59096	0.59100			6
2026.04.21	01:51:42.368	0.59097				2
2026.04.21	01:51:42.667	0.59099	0.59103			6
2026.04.21	01:51:42.968	0.59100	0.59104			6
2026.04.21	01:51:45.380	0.59099	0.59103			6
2026.04.21	01:51:47.184	0.59098	0.59102			6
2026.04.21	01:51:47.785	0.59103	0.59107			6
2026.04.21	01:51:48.386	0.59102	0.59106			6
2026.04.21	01:51:48.990	0.59103	0.59107			6
2026.04.21	01:51:52.896	0.59104	0.59108			6
2026.04.21	01:51:53.196	0.59100	0.59104			6
2026.04.21	01:51:54.097	0.59099	0.59103			6
2026.04.21	01:51:55.902	0.59100	0.59104			6
2026.04.21	01:51:56.203	0.59099	0.59103			6
2026.04.21	01:51:56.803	0.59100	0.59104			6
2026.04.21	01:51:58.906	0.59101	0.59105			6
2026.04.21	01:52:00.106	0.59101				2
2026.04.21	01:52:00.407	0.59099	0.59103			6
2026.04.21	01:52:03.115	0.59098	0.59102			6
2026.04.21	01:52:03.415	0.59100	0.59104			6
2026.04.21	01:52:07.319	0.59101	0.59105			6
2026.04.21	01:52:07.619	0.59100	0.59104			6
2026.04.21	01:52:07.918	0.59101	0.59105			6
2026.04.21	01:52:09.421	0.59100	0.59104			6
2026.04.21	01:52:11.525	0.59102				2
2026.04.21	01:52:11.823	0.59108	0.59112			6
2026.04.21	01:52:12.125	0.59106	0.59110			6
2026.04.21	01:52:12.425	0.59107	0.59111			6
2026.04.21	01:52:13.026	0.59108	0.59112			6
2026.04.21	01:52:13.626	0.59107	0.59111			6
2026.04.21	01:52:13.926	0.59106	0.59110			6
2026.04.21	01:52:15.426	0.59108	0.59112			6
2026.04.21	01:52:16.328	0.59107	0.59111			6
2026.04.21	01:52:16.629	0.59108	0.59112			6
2026.04.21	01:52:16.929	0.59107	0.59111			6
2026.04.21	01:52:17.231	0.59105	0.59109			6
2026.04.21	01:52:26.266	0.59106	0.59110			6
2026.04.21	01:52:26.566	0.59104	0.59108			6
2026.04.21	01:52:26.865	0.59106	0.59110			6
2026.04.21	01:52:27.167	0.59111	0.59115			6
2026.04.21	01:52:27.468	0.59110	0.59114			6
2026.04.21	01:52:27.769	0.59111	0.59115			6
2026.04.21	01:52:32.582	0.59110	0.59114			6
2026.04.21	01:52:34.085	0.59107	0.59111			6
2026.04.21	01:52:36.194	0.59105	0.59109			6
2026.04.21	01:52:37.096	0.59110	0.59114			6
2026.04.21	01:52:37.398	0.59106	0.59110			6
2026.04.21	01:52:37.701	0.59105	0.59109			6
2026.04.21	01:52:38.000	0.59106	0.59110			6
2026.04.21	01:52:38.301	0.59105	0.59109			6
2026.04.21	01:52:38.601	0.59106	0.59110			6
2026.04.21	01:52:42.505	0.59105	0.59109			6
2026.04.21	01:52:44.006	0.59104	0.59108			6
2026.04.21	01:52:44.909	0.59105	0.59109			6
2026.04.21	01:52:50.016	0.59104	0.59108			6
2026.04.21	01:52:51.219	0.59102	0.59106			6
2026.04.21	01:52:51.517	0.59094	0.59098			6
2026.04.21	01:52:52.118	0.59099	0.59103			6
2026.04.21	01:52:52.718	0.59096	0.59100			6
2026.04.21	01:52:53.019	0.59095	0.59099			6
2026.04.21	01:52:56.923	0.59099	0.59103			6
2026.04.21	01:52:57.223	0.59100	0.59104			6
2026.04.21	01:52:58.727	0.59099	0.59103			6
2026.04.21	01:53:00.229	0.59099				2
2026.04.21	01:53:01.728	0.59100	0.59104			6
2026.04.21	01:53:02.028	0.59096	0.59100			6
2026.04.21	01:53:02.632	0.59092	0.59096			6
2026.04.21	01:53:02.929	0.59089	0.59093			6
2026.04.21	01:53:03.230	0.59088	0.59092			6
2026.04.21	01:53:04.130	0.59089	0.59093			6
2026.04.21	01:53:05.033		0.59090			4
2026.04.21	01:53:05.333	0.59083	0.59087			6
2026.04.21	01:53:06.834	0.59084	0.59088			6
2026.04.21	01:53:07.134	0.59083	0.59087			6
2026.04.21	01:53:07.434	0.59082	0.59086			6
2026.04.21	01:53:08.039	0.59083	0.59087			6
2026.04.21	01:53:09.540	0.59082	0.59086			6
2026.04.21	01:53:09.841	0.59081	0.59085			6
2026.04.21	01:53:10.145	0.59082	0.59086			6
2026.04.21	01:53:10.447	0.59081	0.59085			6
2026.04.21	01:53:11.053	0.59082	0.59086			6
2026.04.21	01:53:11.351	0.59087	0.59091			6
2026.04.21	01:53:11.654	0.59089	0.59093			6
2026.04.21	01:53:17.668	0.59088	0.59092			6
2026.04.21	01:53:17.968	0.59089	0.59093			6
2026.04.21	01:53:18.572	0.59092	0.59094			6
2026.04.21	01:53:18.871	0.59094	0.59098			6
2026.04.21	01:53:20.376	0.59092	0.59096			6
2026.04.21	01:53:20.676	0.59091	0.59095			6
2026.04.21	01:53:31.205	0.59090	0.59094			6
2026.04.21	01:53:32.104	0.59091	0.59095			6
2026.04.21	01:53:33.904	0.59090	0.59094			6
2026.04.21	01:53:39.915	0.59091	0.59095			6
2026.04.21	01:53:40.216	0.59090	0.59094			6
2026.04.21	01:53:41.415	0.59091	0.59095			6
2026.04.21	01:53:42.314	0.59090	0.59094			6
2026.04.21	01:53:43.215	0.59091	0.59095			6
2026.04.21	01:53:43.514	0.59090	0.59094			6
2026.04.21	01:53:45.617	0.59086	0.59090			6
2026.04.21	01:53:45.917	0.59085	0.59089			6
2026.04.21	01:53:46.217	0.59084	0.59088			6
2026.04.21	01:53:46.818	0.59085	0.59089			6
2026.04.21	01:53:51.321	0.59086				2
2026.04.21	01:53:51.622		0.59090			4
2026.04.21	01:53:51.922	0.59085	0.59089			6
2026.04.21	01:53:53.124	0.59084	0.59088			6
2026.04.21	01:53:53.725	0.59085	0.59089			6
2026.04.21	01:53:54.627	0.59084	0.59088			6
2026.04.21	01:53:55.826	0.59079	0.59083			6
2026.04.21	01:53:56.127	0.59078	0.59082			6
2026.04.21	01:53:56.428	0.59079	0.59083			6
2026.04.21	01:53:56.728	0.59078	0.59082			6
2026.04.21	01:54:00.032	0.59078				2
2026.04.21	01:54:00.331	0.59079	0.59083			6
2026.04.21	01:54:01.236	0.59082	0.59085			6
2026.04.21	01:54:01.539	0.59085	0.59089			6
2026.04.21	01:54:01.840	0.59084	0.59088			6
2026.04.21	01:54:02.138	0.59085	0.59089			6
2026.04.21	01:54:02.439	0.59084	0.59088			6
2026.04.21	01:54:04.243	0.59081	0.59085			6
2026.04.21	01:54:04.540	0.59078	0.59082			6
2026.04.21	01:54:05.447	0.59079	0.59083			6
2026.04.21	01:54:05.746	0.59078	0.59082			6
2026.04.21	01:54:06.646	0.59079	0.59083			6
2026.04.21	01:54:07.548	0.59080	0.59084			6
2026.04.21	01:54:08.452	0.59081				2
2026.04.21	01:54:08.752	0.59086	0.59090			6
2026.04.21	01:54:11.463	0.59091	0.59093			6
2026.04.21	01:54:11.765	0.59089				2
2026.04.21	01:54:17.183	0.59085	0.59089			6
2026.04.21	01:54:17.783	0.59086	0.59090			6
2026.04.21	01:54:21.389	0.59089	0.59093			6
2026.04.21	01:54:29.199	0.59094	0.59098			6
2026.04.21	01:54:31.603	0.59095	0.59099			6
2026.04.21	01:54:34.607	0.59094	0.59098			6
2026.04.21	01:54:35.810	0.59095	0.59099			6
2026.04.21	01:54:37.013	0.59094	0.59098			6
2026.04.21	01:54:37.613	0.59093	0.59097			6
2026.04.21	01:54:38.215	0.59092	0.59096			6
2026.04.21	01:54:41.218	0.59094	0.59097			6
2026.04.21	01:54:41.517	0.59095	0.59099			6
2026.04.21	01:54:42.419	0.59094	0.59098			6
2026.04.21	01:54:42.721	0.59095	0.59099			6
2026.04.21	01:54:46.027	0.59094	0.59098			6
2026.04.21	01:54:47.830	0.59095	0.59099			6
2026.04.21	01:54:51.135	0.59098				2
2026.04.21	01:54:51.436	0.59101	0.59105			6
2026.04.21	01:54:51.740	0.59100	0.59104			6
2026.04.21	01:54:52.944	0.59101	0.59105			6
2026.04.21	01:55:00.173	0.59101				2
2026.04.21	01:55:01.375	0.59098	0.59102			6
2026.04.21	01:55:01.676	0.59097	0.59101			6
2026.04.21	01:55:05.284	0.59096	0.59100			6
2026.04.21	01:55:07.390	0.59097	0.59101			6
2026.04.21	01:55:16.110	0.59099	0.59103			6
2026.04.21	01:55:17.310	0.59100	0.59104			6
2026.04.21	01:55:17.611	0.59101	0.59105			6
2026.04.21	01:55:18.213	0.59099	0.59103			6
2026.04.21	01:55:20.316	0.59100	0.59104			6
2026.04.21	01:55:21.514	0.59102	0.59106			6
2026.04.21	01:55:23.017	0.59104				2
2026.04.21	01:55:23.316		0.59108			4
2026.04.21	01:55:23.619	0.59102	0.59106			6
2026.04.21	01:55:23.919	0.59101	0.59105			6
2026.04.21	01:55:24.220	0.59102	0.59106			6
2026.04.21	01:55:24.820	0.59103	0.59107			6
2026.04.21	01:55:29.027	0.59102	0.59106			6
2026.04.21	01:55:29.328	0.59103				2
2026.04.21	01:55:31.431	0.59106	0.59109			6
2026.04.21	01:55:31.734	0.59105	0.59108			6
2026.04.21	01:55:32.338	0.59109	0.59110			6
2026.04.21	01:55:32.635		0.59112			4
2026.04.21	01:55:32.936		0.59111			4
2026.04.21	01:55:33.837	0.59108				2
2026.04.21	01:55:35.937	0.59106	0.59109			6
2026.04.21	01:55:36.239	0.59104	0.59107			6
2026.04.21	01:55:41.349	0.59108	0.59111			6
2026.04.21	01:55:41.649		0.59110			4
2026.04.21	01:55:44.362	0.59106	0.59109			6
2026.04.21	01:55:53.390	0.59105	0.59108			6
2026.04.21	01:55:59.702	0.59104	0.59107			6
2026.04.21	01:56:00.001	0.59105	0.59108			6
2026.04.21	01:56:00.303	0.59106	0.59109			6
2026.04.21	01:56:01.504	0.59107	0.59110			6
2026.04.21	01:56:03.305	0.59106	0.59109			6
2026.04.21	01:56:03.605	0.59105	0.59108			6
2026.04.21	01:56:05.710	0.59106	0.59109			6
2026.04.21	01:56:06.312	0.59108				2
2026.04.21	01:56:06.612		0.59111			4
2026.04.21	01:56:07.811		0.59110			4
2026.04.21	01:56:09.013	0.59107				2
2026.04.21	01:56:09.613	0.59105	0.59108			6
2026.04.21	01:56:09.914	0.59106	0.59109			6
2026.04.21	01:56:10.816	0.59105	0.59108			6
2026.04.21	01:56:11.417	0.59106	0.59109			6
2026.04.21	01:56:17.423	0.59107	0.59110			6
2026.04.21	01:56:17.724	0.59106	0.59108			6
2026.04.21	01:56:18.024	0.59104	0.59107			6
2026.04.21	01:56:18.325	0.59105	0.59108			6
2026.04.21	01:56:19.826	0.59104	0.59107			6
2026.04.21	01:56:20.127	0.59105	0.59108			6
2026.04.21	01:56:20.728	0.59107				2
2026.04.21	01:56:21.028	0.59110	0.59113			6
2026.04.21	01:56:21.328	0.59111	0.59114			6
2026.04.21	01:56:21.627	0.59114	0.59117			6
2026.04.21	01:56:21.928	0.59113	0.59116			6
2026.04.21	01:56:22.530	0.59110	0.59113			6
2026.04.21	01:56:23.737	0.59112	0.59115			6
2026.04.21	01:56:24.335	0.59111	0.59114			6
2026.04.21	01:56:24.638	0.59110	0.59113			6
2026.04.21	01:56:33.048	0.59109	0.59112			6
2026.04.21	01:56:40.563	0.59106	0.59109			6
2026.04.21	01:56:40.863	0.59104	0.59107			6
2026.04.21	01:56:41.164	0.59107	0.59110			6
2026.04.21	01:56:42.364	0.59106	0.59109			6
2026.04.21	01:56:42.965	0.59108	0.59111			6
2026.04.21	01:56:43.263	0.59109	0.59112			6
2026.04.21	01:56:43.566	0.59108	0.59111			6
2026.04.21	01:56:43.869	0.59109	0.59112			6
2026.04.21	01:56:45.970	0.59108	0.59111			6
2026.04.21	01:56:46.570	0.59107	0.59110			6
2026.04.21	01:56:47.470	0.59108	0.59111			6
2026.04.21	01:56:51.077	0.59109	0.59112			6
2026.04.21	01:56:51.378	0.59113	0.59114			6
2026.04.21	01:56:51.676		0.59116			4
2026.04.21	01:56:51.978	0.59114	0.59117			6
2026.04.21	01:56:52.578	0.59113	0.59116			6
2026.04.21	01:56:53.180	0.59114				2
2026.04.21	01:56:57.087		0.59117			4
2026.04.21	01:56:57.388	0.59122	0.59123			6
2026.04.21	01:56:57.686	0.59124	0.59127			6
2026.04.21	01:56:57.988	0.59121	0.59124			6
2026.04.21	01:56:58.288	0.59120	0.59123			6
2026.04.21	01:56:58.590	0.59119	0.59122			6
2026.04.21	01:56:59.490	0.59120				2
2026.04.21	01:56:59.789	0.59124	0.59127			6
2026.04.21	01:57:00.094	0.59124				2
2026.04.21	01:57:00.391	0.59123	0.59126			6
2026.04.21	01:57:00.690	0.59122	0.59125			6
2026.04.21	01:57:00.996	0.59121	0.59124			6
2026.04.21	01:57:06.407	0.59122	0.59125			6
2026.04.21	01:57:07.014	0.59121	0.59124			6
2026.04.21	01:57:11.517	0.59122	0.59125			6
2026.04.21	01:57:14.821	0.59121	0.59124			6
2026.04.21	01:57:16.323	0.59122	0.59125			6
2026.04.21	01:57:16.623	0.59121	0.59124			6
2026.04.21	01:57:16.926	0.59122	0.59125			6
2026.04.21	01:57:17.226	0.59121	0.59124			6
2026.04.21	01:57:17.526	0.59120	0.59123			6
2026.04.21	01:57:18.126	0.59121	0.59124			6
2026.04.21	01:57:21.132	0.59122	0.59125			6
2026.04.21	01:57:21.433	0.59121	0.59124			6
2026.04.21	01:57:23.537	0.59119	0.59122			6
2026.04.21	01:57:25.640	0.59120				2
2026.04.21	01:57:25.938	0.59122	0.59125			6
2026.04.21	01:57:29.246	0.59121	0.59124			6
2026.04.21	01:57:29.546	0.59122	0.59125			6
2026.04.21	01:57:30.150	0.59121	0.59124			6
2026.04.21	01:57:30.451	0.59122	0.59125			6
2026.04.21	01:57:32.859	0.59116	0.59119			6
2026.04.21	01:57:33.159	0.59114	0.59117			6
2026.04.21	01:57:33.457	0.59115	0.59118			6
2026.04.21	01:57:34.362	0.59114	0.59117			6
2026.04.21	01:57:41.886	0.59115	0.59118			6
2026.04.21	01:57:46.393	0.59125	0.59128			6
2026.04.21	01:57:47.899	0.59124	0.59127			6
2026.04.21	01:57:48.199	0.59123	0.59126			6
2026.04.21	01:57:48.501	0.59124	0.59127			6
2026.04.21	01:57:53.908	0.59123	0.59126			6
2026.04.21	01:57:55.412	0.59124	0.59127			6
2026.04.21	01:57:56.014	0.59123	0.59126			6
2026.04.21	01:58:00.216	0.59123				2
2026.04.21	01:58:05.927	0.59126	0.59127			6
2026.04.21	01:58:06.225	0.59131	0.59134			6
2026.04.21	01:58:06.827	0.59129	0.59132			6
2026.04.21	01:58:08.931	0.59130	0.59133			6
2026.04.21	01:58:10.732	0.59129	0.59132			6
2026.04.21	01:58:11.932	0.59134	0.59137			6
2026.04.21	01:58:12.233	0.59135	0.59138			6
2026.04.21	01:58:14.951	0.59134				2
2026.04.21	01:58:15.555	0.59135				2
2026.04.21	01:58:18.263	0.59134	0.59137			6
2026.04.21	01:58:18.865	0.59135	0.59138			6
2026.04.21	01:58:20.973	0.59134	0.59137			6
2026.04.21	01:58:23.075	0.59130	0.59133			6
2026.04.21	01:58:23.373	0.59129	0.59132			6
2026.04.21	01:58:27.285	0.59126	0.59127			6
2026.04.21	01:58:27.584	0.59125				2
2026.04.21	01:58:31.198	0.59128	0.59129			6
2026.04.21	01:58:31.495	0.59129	0.59132			6
2026.04.21	01:58:34.504	0.59133	0.59136			6
2026.04.21	01:58:36.006	0.59134	0.59137			6
2026.04.21	01:58:38.111	0.59135	0.59138			6
2026.04.21	01:58:40.816	0.59131	0.59134			6
2026.04.21	01:58:41.115	0.59132	0.59135			6
2026.04.21	01:58:41.716	0.59133	0.59136			6
2026.04.21	01:58:42.315	0.59134	0.59137			6
2026.04.21	01:58:42.916	0.59133	0.59136			6
2026.04.21	01:58:48.924	0.59128	0.59131			6
2026.04.21	01:58:49.220	0.59126	0.59128			6
2026.04.21	01:58:49.519	0.59125				2
2026.04.21	01:58:51.926	0.59127	0.59130			6
2026.04.21	01:58:52.226	0.59126	0.59129			6
2026.04.21	01:58:52.526	0.59127	0.59130			6
2026.04.21	01:58:54.030	0.59128	0.59131			6
2026.04.21	01:58:54.630	0.59127	0.59130			6
2026.04.21	01:58:54.932	0.59126	0.59129			6
2026.04.21	01:58:55.234	0.59127				2
2026.04.21	01:59:00.048	0.59127				2
2026.04.21	01:59:02.752	0.59126				2
2026.04.21	01:59:06.066	0.59128				2
2026.04.21	01:59:06.364	0.59132	0.59135			6
2026.04.21	01:59:08.469	0.59133	0.59136			6
2026.04.21	01:59:09.370	0.59132	0.59135			6
2026.04.21	01:59:11.177	0.59133	0.59136			6
2026.04.21	01:59:12.981	0.59132	0.59135			6
2026.04.21	01:59:13.282	0.59134	0.59137			6
2026.04.21	01:59:17.484	0.59133	0.59136			6
2026.04.21	01:59:17.784	0.59134	0.59137			6
2026.04.21	01:59:33.716	0.59135	0.59138			6
2026.04.21	01:59:46.339	0.59136	0.59139			6
2026.04.21	01:59:47.841	0.59140	0.59143			6
2026.04.21	01:59:49.346	0.59142				2
2026.04.21	01:59:49.647	0.59143	0.59146			6
2026.04.21	02:00:00.161	0.59143				2
2026.04.21	02:00:00.761	0.59142				2
2026.04.21	02:00:02.865	0.59143				2
2026.04.21	02:00:03.767	0.59141	0.59144			6
2026.04.21	02:00:04.065	0.59138	0.59141			6
2026.04.21	02:00:04.366	0.59137	0.59140			6
2026.04.21	02:00:04.666	0.59138	0.59141			6
2026.04.21	02:00:05.567	0.59139	0.59142			6
2026.04.21	02:00:06.468	0.59138	0.59141			6
2026.04.21	02:00:07.067	0.59139	0.59142			6
2026.04.21	02:00:07.670	0.59137	0.59138			6
2026.04.21	02:00:07.969	0.59134	0.59136			6
2026.04.21	02:00:08.871		0.59137			4
2026.04.21	02:00:15.784	0.59140	0.59142			6
2026.04.21	02:00:16.083		0.59143			4
2026.04.21	02:00:18.187	0.59142				2
2026.04.21	02:00:18.486	0.59145	0.59148			6
2026.04.21	02:00:19.092	0.59148	0.59151			6
2026.04.21	02:00:19.387	0.59150				2
2026.04.21	02:00:19.688		0.59152			4
2026.04.21	02:00:21.486	0.59149				2
2026.04.21	02:00:22.992	0.59148	0.59151			6
2026.04.21	02:00:23.591	0.59147	0.59150			6
2026.04.21	02:00:26.598	0.59145	0.59148			6
2026.04.21	02:00:27.199		0.59147			4
2026.04.21	02:00:27.497		0.59148			4
2026.04.21	02:00:33.807	0.59144	0.59147			6
2026.04.21	02:00:34.408	0.59145	0.59148			6
2026.04.21	02:00:37.719	0.59146	0.59149			6
2026.04.21	02:00:38.618	0.59145	0.59148			6
2026.04.21	02:00:39.515	0.59136	0.59139			6
2026.04.21	02:00:40.418	0.59135	0.59137			6
2026.04.21	02:00:41.317	0.59134				2
2026.04.21	02:00:41.620		0.59136			4
2026.04.21	02:00:43.122	0.59133				2
2026.04.21	02:00:43.421	0.59134	0.59137			6
2026.04.21	02:00:45.828	0.59133	0.59136			6
2026.04.21	02:00:46.428	0.59134	0.59137			6
2026.04.21	02:00:46.729	0.59133	0.59136			6
2026.04.21	02:00:47.029	0.59134	0.59137			6
2026.04.21	02:00:49.134	0.59136				2
2026.04.21	02:00:49.433	0.59134				2
2026.04.21	02:00:49.732	0.59132	0.59135			6
2026.04.21	02:00:50.031		0.59134			4
2026.04.21	02:00:50.632		0.59135			4
2026.04.21	02:00:51.833		0.59134			4
2026.04.21	02:00:55.742		0.59135			4
2026.04.21	02:00:56.345		0.59133			4
2026.04.21	02:01:00.255	0.59132	0.59134			6
2026.04.21	02:01:00.556		0.59133			4
2026.04.21	02:01:01.155	0.59131				2
2026.04.21	02:01:06.264		0.59134			4
2026.04.21	02:01:11.679	0.59136	0.59139			6
2026.04.21	02:01:14.388	0.59139	0.59141			6
2026.04.21	02:01:14.686	0.59140	0.59143			6
2026.04.21	02:01:14.986	0.59142	0.59144			6
2026.04.21	02:01:15.287		0.59145			4
2026.04.21	02:01:16.486	0.59141	0.59144			6
2026.04.21	02:01:22.497	0.59143	0.59146			6
2026.04.21	02:01:26.709	0.59144	0.59147			6
2026.04.21	02:01:27.909	0.59143	0.59146			6
2026.04.21	02:01:28.205	0.59142	0.59145			6
2026.04.21	02:01:28.508	0.59141	0.59144			6
2026.04.21	02:01:28.805	0.59140	0.59142			6
2026.04.21	02:01:29.108		0.59143			4
2026.04.21	02:01:29.407		0.59142			4
2026.04.21	02:01:30.605	0.59139				2
2026.04.21	02:01:30.908		0.59141			4
2026.04.21	02:01:32.710		0.59142			4
2026.04.21	02:01:33.011	0.59137	0.59140			6
2026.04.21	02:01:33.315		0.59138			4
2026.04.21	02:01:34.515	0.59136				2
2026.04.21	02:01:36.917		0.59139			4
2026.04.21	02:01:39.924	0.59135	0.59137			6
2026.04.21	02:01:40.226		0.59138			4
2026.04.21	02:01:43.234	0.59140	0.59143			6
2026.04.21	02:01:43.840	0.59137	0.59140			6
2026.04.21	02:01:44.441	0.59136	0.59139			6
2026.04.21	02:01:45.950	0.59137	0.59140			6
2026.04.21	02:01:46.250	0.59136	0.59139			6
2026.04.21	02:01:49.565	0.59137	0.59140			6
2026.04.21	02:01:50.165	0.59138	0.59141			6
2026.04.21	02:01:50.469	0.59137	0.59140			6
2026.04.21	02:01:55.882	0.59136	0.59139			6
2026.04.21	02:01:56.486	0.59137	0.59140			6
2026.04.21	02:01:58.287	0.59139				2
2026.04.21	02:02:00.094	0.59139				2
2026.04.21	02:02:00.390	0.59137				2
2026.04.21	02:02:00.692	0.59138				2
2026.04.21	02:02:01.292		0.59141			4
2026.04.21	02:02:01.594		0.59140			4
2026.04.21	02:02:02.195	0.59137				2
2026.04.21	02:02:17.218	0.59136	0.59139			6
2026.04.21	02:02:18.420	0.59137	0.59140			6
2026.04.21	02:02:34.341	0.59139	0.59142			6
2026.04.21	02:02:34.644	0.59137	0.59140			6
2026.04.21	02:02:36.450	0.59138	0.59141			6
2026.04.21	02:02:37.951	0.59137	0.59140			6
2026.04.21	02:02:39.154	0.59138				2
2026.04.21	02:02:47.881	0.59139	0.59141			6
2026.04.21	02:02:49.982	0.59138	0.59140			6
2026.04.21	02:02:54.192	0.59139	0.59141			6
2026.04.21	02:02:56.901	0.59138	0.59140			6
2026.04.21	02:02:58.106	0.59139	0.59141			6
2026.04.21	02:03:00.209	0.59139				2
2026.04.21	02:03:00.811	0.59138	0.59140			6
2026.04.21	02:03:01.412	0.59139	0.59141			6
2026.04.21	02:03:02.916	0.59138	0.59140			6
2026.04.21	02:03:05.019	0.59139	0.59141			6
2026.04.21	02:03:06.521	0.59140	0.59142			6
2026.04.21	02:03:11.326	0.59139	0.59141			6
2026.04.21	02:03:11.630	0.59140	0.59142			6
2026.04.21	02:03:17.063	0.59141	0.59143			6
2026.04.21	02:03:17.966	0.59142	0.59144			6
2026.04.21	02:03:20.672	0.59146	0.59148			6
2026.04.21	02:03:24.882	0.59151	0.59153			6
2026.04.21	02:03:45.029	0.59152	0.59154			6
2026.04.21	02:03:48.931	0.59154	0.59155			6
2026.04.21	02:03:49.231	0.59152	0.59154			6
2026.04.21	02:03:50.133	0.59151	0.59153			6
2026.04.21	02:03:51.035	0.59152	0.59154			6
2026.04.21	02:03:52.841	0.59147	0.59149			6
2026.04.21	02:03:53.140	0.59149	0.59151			6
2026.04.21	02:03:53.441	0.59151	0.59153			6
2026.04.21	02:03:53.738	0.59152	0.59154			6
2026.04.21	02:03:55.840	0.59154	0.59155			6
2026.04.21	02:03:56.140	0.59156	0.59158			6
2026.04.21	02:03:56.444	0.59149	0.59151			6
2026.04.21	02:03:56.742	0.59153	0.59154			6
2026.04.21	02:03:57.043	0.59152				2
2026.04.21	02:03:59.150	0.59155	0.59157			6
2026.04.21	02:03:59.452	0.59156	0.59158			6
2026.04.21	02:03:59.754	0.59157	0.59159			6
2026.04.21	02:04:00.056	0.59157				2
2026.04.21	02:04:00.655	0.59156	0.59158			6
2026.04.21	02:04:00.959	0.59153	0.59155			6
2026.04.21	02:04:01.254	0.59155	0.59156			6
2026.04.21	02:04:01.557	0.59154				2
2026.04.21	02:04:01.856	0.59153	0.59155			6
2026.04.21	02:04:02.458	0.59156	0.59158			6
2026.04.21	02:04:02.759	0.59157				2
2026.04.21	02:04:03.058	0.59156				2
2026.04.21	02:04:03.358	0.59157				2
2026.04.21	02:04:03.660	0.59156				2
2026.04.21	02:04:03.957	0.59157				2
2026.04.21	02:04:04.259	0.59156				2
2026.04.21	02:04:04.562	0.59157				2
2026.04.21	02:04:05.160	0.59156				2
2026.04.21	02:04:06.360	0.59157	0.59159			6
2026.04.21	02:04:09.066	0.59156	0.59158			6
2026.04.21	02:04:11.774	0.59159	0.59160			6
2026.04.21	02:04:12.072		0.59161			4
2026.04.21	02:04:12.373	0.59160	0.59162			6
2026.04.21	02:04:14.781	0.59159	0.59161			6
2026.04.21	02:04:15.080	0.59161	0.59163			6
2026.04.21	02:04:28.305	0.59159	0.59161			6
2026.04.21	02:04:28.604	0.59157	0.59159			6
2026.04.21	02:04:29.506		0.59158			4
2026.04.21	02:04:30.405	0.59156				2
2026.04.21	02:04:35.819	0.59153	0.59155			6
2026.04.21	02:04:36.116	0.59154	0.59156			6
2026.04.21	02:04:36.717	0.59153	0.59155			6
2026.04.21	02:04:37.015	0.59154	0.59156			6
2026.04.21	02:04:37.919	0.59155	0.59157			6
2026.04.21	02:04:38.219	0.59154	0.59156			6
2026.04.21	02:04:46.324	0.59153	0.59155			6
2026.04.21	02:04:50.233	0.59149	0.59151			6
2026.04.21	02:04:53.541	0.59158	0.59160			6
2026.04.21	02:04:53.840	0.59161	0.59163			6
2026.04.21	02:04:58.954	0.59159	0.59161			6
2026.04.21	02:05:00.162	0.59158	0.59160			6
2026.04.21	02:05:00.759	0.59157	0.59159			6
2026.04.21	02:05:01.059	0.59156	0.59158			6
2026.04.21	02:05:02.862	0.59152	0.59154			6
2026.04.21	02:05:04.366	0.59156	0.59158			6
2026.04.21	02:05:04.966	0.59157	0.59159			6
2026.04.21	02:05:06.766	0.59159	0.59161			6
2026.04.21	02:05:07.972	0.59160	0.59162			6
2026.04.21	02:05:10.374	0.59161	0.59163			6
2026.04.21	02:05:10.675	0.59159	0.59161			6
2026.04.21	02:05:10.972	0.59160	0.59162			6
2026.04.21	02:05:12.782	0.59159	0.59161			6
2026.04.21	02:05:16.988	0.59158	0.59160			6
2026.04.21	02:05:17.285	0.59159	0.59161			6
2026.04.21	02:05:25.401	0.59158	0.59160			6
2026.04.21	02:05:25.702	0.59156	0.59158			6
2026.04.21	02:05:26.000	0.59150	0.59152			6
2026.04.21	02:05:26.299	0.59152	0.59154			6
2026.04.21	02:05:26.599	0.59149	0.59151			6
2026.04.21	02:05:26.904	0.59148	0.59150			6
2026.04.21	02:05:27.504	0.59149	0.59151			6
2026.04.21	02:05:27.807	0.59148	0.59150			6
2026.04.21	02:05:30.809	0.59151	0.59152			6
2026.04.21	02:05:31.105	0.59153	0.59155			6
2026.04.21	02:05:31.412	0.59152	0.59154			6
2026.04.21	02:05:32.316	0.59153	0.59155			6
2026.04.21	02:05:46.736	0.59152	0.59154			6
2026.04.21	02:05:48.537	0.59143	0.59145			6
2026.04.21	02:05:48.834	0.59141	0.59143			6
2026.04.21	02:05:49.138		0.59144			4
2026.04.21	02:05:52.446	0.59139	0.59142			6
2026.04.21	02:05:52.748	0.59138	0.59141			6
2026.04.21	02:05:55.455	0.59137	0.59140			6
2026.04.21	02:05:56.657	0.59138	0.59141			6
2026.04.21	02:05:56.956	0.59137	0.59140			6
2026.04.21	02:05:58.457	0.59138	0.59141			6
2026.04.21	02:06:00.264	0.59138				2
2026.04.21	02:06:02.370		0.59140			4
2026.04.21	02:06:12.888	0.59137	0.59139			6
2026.04.21	02:06:15.601	0.59136	0.59138			6
2026.04.21	02:06:16.205	0.59134	0.59136			6
2026.04.21	02:06:16.504	0.59131	0.59133			6
2026.04.21	02:06:17.406	0.59130	0.59132			6
2026.04.21	02:06:18.307	0.59129	0.59131			6
2026.04.21	02:06:18.608	0.59128	0.59130			6
2026.04.21	02:06:21.910	0.59129	0.59131			6
2026.04.21	02:06:24.014	0.59128	0.59130			6
2026.04.21	02:06:36.630	0.59130	0.59132			6
2026.04.21	02:06:36.929	0.59132	0.59134			6
2026.04.21	02:06:48.662	0.59141	0.59142			6
2026.04.21	02:06:48.959	0.59142	0.59144			6
2026.04.21	02:06:51.362	0.59143	0.59145			6
2026.04.21	02:07:00.088	0.59143				2
2026.04.21	02:07:00.387	0.59142	0.59144			6
2026.04.21	02:07:00.688	0.59138	0.59140			6
2026.04.21	02:07:01.288	0.59139	0.59141			6
2026.04.21	02:07:03.990	0.59138	0.59140			6
2026.04.21	02:07:12.402	0.59131	0.59133			6
2026.04.21	02:07:12.706	0.59130	0.59132			6
2026.04.21	02:07:13.306	0.59129				2
2026.04.21	02:07:14.507	0.59130	0.59133			6
2026.04.21	02:07:14.808	0.59129	0.59132			6
2026.04.21	02:07:17.213	0.59130				2
2026.04.21	02:07:21.121	0.59131	0.59133			6
2026.04.21	02:07:23.220	0.59130	0.59132			6
2026.04.21	02:07:43.367	0.59131	0.59133			6
2026.04.21	02:07:43.668	0.59140	0.59141			6
2026.04.21	02:07:43.967	0.59142	0.59144			6
2026.04.21	02:07:44.269	0.59141				2
2026.04.21	02:07:51.485	0.59142	0.59145			6
2026.04.21	02:07:56.289	0.59141	0.59144			6
2026.04.21	02:07:59.297		0.59143			4
2026.04.21	02:08:00.206	0.59141				2
2026.04.21	02:08:00.502	0.59142	0.59144			6
2026.04.21	02:08:02.603	0.59138	0.59140			6
2026.04.21	02:08:02.903	0.59139	0.59141			6
2026.04.21	02:08:03.207	0.59140	0.59142			6
2026.04.21	02:08:03.506	0.59139	0.59141			6
2026.04.21	02:08:03.810		0.59140			4
2026.04.21	02:08:04.108	0.59136	0.59138			6
2026.04.21	02:08:07.715	0.59132	0.59134			6
2026.04.21	02:08:08.015	0.59133	0.59135			6
2026.04.21	02:08:08.316	0.59132	0.59134			6
2026.04.21	02:08:10.418	0.59133	0.59135			6
2026.04.21	02:08:12.819	0.59134				2
2026.04.21	02:08:13.116	0.59135	0.59137			6
2026.04.21	02:08:14.325	0.59141	0.59143			6
2026.04.21	02:08:14.622	0.59142	0.59144			6
2026.04.21	02:08:15.223	0.59141				2
2026.04.21	02:08:21.529	0.59142	0.59145			6
2026.04.21	02:08:21.830	0.59141	0.59143			6
2026.04.21	02:08:22.128	0.59145	0.59148			6
2026.04.21	02:08:22.428	0.59142	0.59145			6
2026.04.21	02:08:28.149		0.59144			4
2026.04.21	02:08:47.706	0.59137	0.59139			6
2026.04.21	02:08:49.210	0.59138	0.59140			6
2026.04.21	02:08:50.406	0.59137	0.59139			6
2026.04.21	02:09:00.023	0.59137				2
2026.04.21	02:09:01.223	0.59138	0.59140			6
2026.04.21	02:09:16.848	0.59137	0.59139			6
2026.04.21	02:09:23.171	0.59138	0.59140			6
2026.04.21	02:09:26.186	0.59137	0.59139			6
2026.04.21	02:09:26.479	0.59138	0.59140			6
2026.04.21	02:09:29.184	0.59139	0.59141			6
2026.04.21	02:09:29.786	0.59138	0.59140			6
2026.04.21	02:09:31.588	0.59137	0.59139			6
2026.04.21	02:09:32.192	0.59144	0.59145			6
2026.04.21	02:09:32.492	0.59139	0.59141			6
2026.04.21	02:09:37.002	0.59137	0.59139			6
2026.04.21	02:09:37.905	0.59138				2
2026.04.21	02:09:38.202	0.59142	0.59144			6
2026.04.21	02:09:39.109	0.59141	0.59143			6
2026.04.21	02:09:42.415	0.59140	0.59142			6
2026.04.21	02:09:42.714	0.59141	0.59143			6
2026.04.21	02:09:45.418	0.59140	0.59142			6
2026.04.21	02:09:46.621	0.59141	0.59143			6
2026.04.21	02:09:49.026	0.59137	0.59139			6
2026.04.21	02:09:49.325	0.59135	0.59137			6
2026.04.21	02:09:50.226	0.59134	0.59136			6
2026.04.21	02:09:57.741	0.59132	0.59134			6
2026.04.21	02:09:58.943	0.59133				2
2026.04.21	02:09:59.546		0.59135			4
2026.04.21	02:10:00.148	0.59133				2
2026.04.21	02:10:06.167	0.59134	0.59136			6
2026.04.21	02:10:06.466	0.59133	0.59135			6
2026.04.21	02:10:07.365	0.59134	0.59136			6
2026.04.21	02:10:14.294	0.59133	0.59135			6
2026.04.21	02:10:15.799	0.59134				2
2026.04.21	02:10:16.099	0.59131	0.59133			6
2026.04.21	02:10:17.301	0.59130	0.59132			6
2026.04.21	02:10:20.304	0.59127	0.59129			6
2026.04.21	02:10:23.307	0.59126	0.59128			6
2026.04.21	02:10:24.207	0.59125	0.59127			6
2026.04.21	02:10:28.116	0.59126	0.59128			6
2026.04.21	02:10:29.617	0.59125	0.59127			6
2026.04.21	02:10:31.716	0.59124	0.59126			6
2026.04.21	02:10:32.017	0.59125	0.59127			6
2026.04.21	02:10:40.127	0.59126	0.59128			6
2026.04.21	02:10:42.831		0.59127			4
2026.04.21	02:10:43.132	0.59125				2
2026.04.21	02:10:44.633		0.59126			4
2026.04.21	02:10:46.137		0.59127			4
2026.04.21	02:10:46.440	0.59122	0.59124			6
2026.04.21	02:10:46.739	0.59121	0.59123			6
2026.04.21	02:10:48.241	0.59120	0.59122			6
2026.04.21	02:11:00.273	0.59120				2
2026.04.21	02:11:11.995	0.59112	0.59114			6
2026.04.21	02:11:12.595	0.59111	0.59113			6
2026.04.21	02:11:12.895	0.59112	0.59114			6
2026.04.21	02:11:21.611	0.59111	0.59113			6
2026.04.21	02:11:25.217	0.59112				2
2026.04.21	02:11:25.515	0.59117	0.59119			6
2026.04.21	02:11:35.751	0.59118	0.59120			6
2026.04.21	02:11:36.051	0.59117	0.59119			6
2026.04.21	02:11:36.956	0.59120	0.59122			6
2026.04.21	02:11:37.255	0.59122	0.59124			6
2026.04.21	02:11:40.569	0.59121	0.59123			6
2026.04.21	02:11:44.178	0.59119	0.59121			6
2026.04.21	02:11:45.084	0.59118	0.59120			6
2026.04.21	02:11:55.607		0.59119			4
2026.04.21	02:11:58.006	0.59117				2
2026.04.21	02:11:58.307	0.59118	0.59120			6
2026.04.21	02:11:58.909	0.59117	0.59119			6
2026.04.21	02:11:59.209	0.59118				2
2026.04.21	02:12:00.114	0.59118				2
2026.04.21	02:12:00.713	0.59117				2
2026.04.21	02:12:01.014	0.59112	0.59114			6
2026.04.21	02:12:01.313	0.59111	0.59113			6
2026.04.21	02:12:04.319	0.59110	0.59112			6
2026.04.21	02:12:04.617	0.59105	0.59107			6
2026.04.21	02:12:05.218	0.59104	0.59106			6
2026.04.21	02:12:07.018	0.59105				2
2026.04.21	02:12:07.919	0.59104				2
2026.04.21	02:12:08.216		0.59105			4
2026.04.21	02:12:08.519	0.59105	0.59106			6
2026.04.21	02:12:10.622	0.59104				2
2026.04.21	02:12:10.922	0.59105				2
2026.04.21	02:12:15.730	0.59104				2
2026.04.21	02:12:17.231	0.59105				2
2026.04.21	02:12:20.838	0.59106	0.59108			6
2026.04.21	02:12:21.135	0.59105	0.59106			6
2026.04.21	02:12:21.736	0.59100	0.59102			6
2026.04.21	02:12:22.041		0.59101			4
2026.04.21	02:12:24.441		0.59102			4
2026.04.21	02:12:30.457	0.59101	0.59103			6
2026.04.21	02:12:30.758	0.59100	0.59102			6
2026.04.21	02:12:31.057		0.59103			4
2026.04.21	02:12:31.356		0.59102			4
2026.04.21	02:12:31.963		0.59101			4
2026.04.21	02:12:34.067		0.59102			4
2026.04.21	02:12:34.370		0.59103			4
2026.04.21	02:12:34.727		0.59102			4
