<DATE>	<TIME>	<BID>	<ASK>	<LAST>	<VOLUME>	<FLAGS>
2026.03.26	00:03:30.271	0.58050	0.58075			6
2026.03.26	00:04:00.164	0.58050				2
2026.03.26	00:04:17.308		0.58074			4
2026.03.26	00:05:00.041	0.58050				2
2026.03.26	00:05:06.054	0.58052				2
2026.03.26	00:05:06.353	0.58054				2
2026.03.26	00:05:07.857	0.58050				2
2026.03.26	00:05:17.490		0.58074			4
2026.03.26	00:06:00.222	0.58050				2
2026.03.26	00:06:17.690		0.58074			4
2026.03.26	00:06:30.030	0.58051				2
2026.03.26	00:06:30.634	0.58050				2
2026.03.26	00:06:30.937	0.58051				2
2026.03.26	00:06:31.538	0.58050				2
2026.03.26	00:06:32.439	0.58051				2
2026.03.26	00:06:33.039	0.58050				2
2026.03.26	00:07:00.134	0.58050				2
2026.03.26	00:07:01.042	0.58069	0.58075			6
2026.03.26	00:07:56.715	0.58058				2
2026.03.26	00:08:00.022	0.58058				2
2026.03.26	00:08:01.227		0.58075			4
2026.03.26	00:08:15.970	0.58069				2
2026.03.26	00:08:26.819	0.58058				2
2026.03.26	00:08:32.539	0.58059				2
2026.03.26	00:09:00.230	0.58059				2
2026.03.26	00:09:01.434		0.58075			4
2026.03.26	00:10:00.125	0.58059				2
2026.03.26	00:10:01.633		0.58075			4
2026.03.26	00:14:16.446	0.58065	0.58092			6
2026.03.26	00:14:27.577		0.58075			4
2026.03.26	00:14:54.662	0.58098	0.58099			6
2026.03.26	00:15:00.074	0.58098				2
2026.03.26	00:15:08.801	0.58096	0.58097			6
2026.03.26	00:15:16.337	0.58095	0.58096			6
2026.03.26	00:15:16.640	0.58093	0.58095			6
2026.03.26	00:15:17.544	0.58095	0.58096			6
2026.03.26	00:15:18.447	0.58094	0.58095			6
2026.03.26	00:15:18.745	0.58093				2
2026.03.26	00:15:22.654	0.58096	0.58097			6
2026.03.26	00:15:23.853	0.58094	0.58095			6
2026.03.26	00:15:24.156	0.58093				2
2026.03.26	00:15:27.763	0.58096	0.58097			6
2026.03.26	00:15:28.966	0.58093	0.58095			6
2026.03.26	00:15:52.749	0.58094				2
2026.03.26	00:15:54.556	0.58093				2
2026.03.26	00:15:57.263	0.58092				2
2026.03.26	00:15:57.862	0.58093				2
2026.03.26	00:16:00.271	0.58093				2
2026.03.26	00:16:06.595	0.58092				2
2026.03.26	00:16:07.799	0.58094				2
2026.03.26	00:16:08.407	0.58092				2
2026.03.26	00:16:29.172		0.58095			4
2026.03.26	00:16:43.910	0.58084				2
2026.03.26	00:16:47.521	0.58092				2
2026.03.26	00:16:56.551	0.58080				2
2026.03.26	00:16:57.153	0.58078				2
2026.03.26	00:16:57.755	0.58080				2
2026.03.26	00:17:00.162	0.58080				2
2026.03.26	00:17:02.570	0.58092				2
2026.03.26	00:17:07.079	0.58080				2
2026.03.26	00:17:07.683	0.58092				2
2026.03.26	00:17:16.408	0.58094				2
2026.03.26	00:17:18.522	0.58095	0.58096			6
2026.03.26	00:17:21.228	0.58091	0.58095			6
2026.03.26	00:17:21.529	0.58085				2
2026.03.26	00:17:22.131	0.58083				2
2026.03.26	00:17:22.730	0.58091				2
2026.03.26	00:17:23.933	0.58092				2
2026.03.26	00:17:27.542	0.58095	0.58096			6
2026.03.26	00:17:29.052	0.58094	0.58095			6
2026.03.26	00:17:32.058	0.58083				2
2026.03.26	00:17:32.660	0.58094				2
2026.03.26	00:17:37.779	0.58095	0.58096			6
2026.03.26	00:17:39.287	0.58092	0.58095			6
2026.03.26	00:17:40.793	0.58093				2
2026.03.26	00:17:42.595	0.58095	0.58096			6
2026.03.26	00:17:43.498	0.58093	0.58095			6
2026.03.26	00:17:47.707	0.58095	0.58096			6
2026.03.26	00:17:51.021	0.58094	0.58095			6
2026.03.26	00:17:52.526	0.58095	0.58096			6
2026.03.26	00:17:54.335	0.58094	0.58095			6
2026.03.26	00:17:57.639	0.58095	0.58096			6
2026.03.26	00:18:00.054	0.58084	0.58095			6
2026.03.26	00:18:02.756	0.58088				2
2026.03.26	00:18:07.566	0.58095	0.58096			6
2026.03.26	00:18:23.224	0.58094	0.58095			6
2026.03.26	00:18:25.334	0.58082				2
2026.03.26	00:18:27.737	0.58089				2
2026.03.26	00:18:32.549	0.58094				2
2026.03.26	00:18:37.959	0.58093				2
2026.03.26	00:19:00.242	0.58093				2
2026.03.26	00:19:08.659	0.58082				2
2026.03.26	00:19:12.563	0.58093				2
2026.03.26	00:19:20.385	0.58092				2
2026.03.26	00:19:22.185	0.58079				2
2026.03.26	00:19:23.391		0.58095			4
2026.03.26	00:19:35.447	0.58080				2
2026.03.26	00:19:37.549	0.58086				2
2026.03.26	00:19:42.662	0.58093				2
2026.03.26	00:19:47.771	0.58083				2
2026.03.26	00:19:52.588	0.58093				2
2026.03.26	00:19:54.693		0.58096			4
2026.03.26	00:19:56.198	0.58092				2
2026.03.26	00:20:00.113	0.58092				2
2026.03.26	00:20:00.412	0.58065				2
2026.03.26	00:20:57.170		0.58096			4
2026.03.26	00:21:00.163	0.58065				2
2026.03.26	00:21:02.773	0.58064				2
2026.03.26	00:21:06.771	0.58065				2
2026.03.26	00:21:12.150	0.58068				2
2026.03.26	00:21:17.095	0.58072				2
2026.03.26	00:21:25.560	0.58077	0.58095			6
2026.03.26	00:21:29.667	0.58074				2
2026.03.26	00:22:04.074	0.58074				2
2026.03.26	00:22:28.969		0.58095			4
2026.03.26	00:22:34.547	0.58075				2
2026.03.26	00:22:34.848	0.58076				2
2026.03.26	00:23:00.163	0.58076				2
2026.03.26	00:23:13.972	0.58075				2
2026.03.26	00:23:29.570		0.58095			4
2026.03.26	00:23:38.570	0.58076				2
2026.03.26	00:24:01.970	0.58076				2
2026.03.26	00:24:11.312	0.58075				2
2026.03.26	00:24:32.269		0.58095			4
2026.03.26	00:25:00.176	0.58075				2
2026.03.26	00:25:36.769		0.58095			4
2026.03.26	00:25:37.070	0.58074				2
2026.03.26	00:25:40.972	0.58075				2
2026.03.26	00:25:44.541	0.58074				2
2026.03.26	00:25:49.073	0.58075				2
2026.03.26	00:26:07.970	0.58075				2
2026.03.26	00:26:37.373		0.58095			4
2026.03.26	00:27:00.065	0.58075				2
2026.03.26	00:27:30.329	0.58076				2
2026.03.26	00:27:44.516		0.58095			4
2026.03.26	00:28:03.458	0.58076				2
2026.03.26	00:28:44.645		0.58095			4
2026.03.26	00:29:04.857	0.58076				2
2026.03.26	00:29:09.770	0.58077				2
2026.03.26	00:29:50.163		0.58095			4
2026.03.26	00:29:50.464		0.58085			4
2026.03.26	00:29:50.764		0.58095			4
2026.03.26	00:29:51.063		0.58085			4
2026.03.26	00:29:51.364		0.58095			4
2026.03.26	00:29:51.664		0.58085			4
2026.03.26	00:29:51.964		0.58095			4
2026.03.26	00:29:52.264		0.58085			4
2026.03.26	00:29:52.567		0.58095			4
2026.03.26	00:29:52.867		0.58085			4
2026.03.26	00:29:53.169		0.58095			4
2026.03.26	00:29:53.507		0.58085			4
2026.03.26	00:29:54.120		0.58095			4
2026.03.26	00:30:00.077	0.58077				2
2026.03.26	00:30:04.994	0.58082				2
2026.03.26	00:30:05.295	0.58083				2
2026.03.26	00:30:20.682		0.58086			4
2026.03.26	00:30:20.994		0.58095			4
2026.03.26	00:30:21.349		0.58086			4
2026.03.26	00:30:21.664		0.58095			4
2026.03.26	00:30:22.013		0.58086			4
2026.03.26	00:30:22.355		0.58095			4
2026.03.26	00:30:22.674		0.58086			4
2026.03.26	00:30:23.028		0.58095			4
2026.03.26	00:30:23.344		0.58086			4
2026.03.26	00:30:23.682		0.58095			4
2026.03.26	00:30:24.022		0.58086			4
2026.03.26	00:30:24.421		0.58095			4
2026.03.26	00:30:59.036	0.58082				2
2026.03.26	00:31:06.170	0.58082				2
2026.03.26	00:31:24.719		0.58095			4
2026.03.26	00:31:51.848	0.58079				2
2026.03.26	00:31:56.570	0.58078				2
2026.03.26	00:32:06.169	0.58078				2
2026.03.26	00:32:06.469	0.58079				2
2026.03.26	00:32:11.519	0.58078				2
2026.03.26	00:32:29.712		0.58095			4
2026.03.26	00:32:40.199	0.58079				2
2026.03.26	00:33:00.163	0.58079				2
2026.03.26	00:33:02.269	0.58078				2
2026.03.26	00:33:39.770		0.58095			4
2026.03.26	00:34:01.233	0.58078				2
2026.03.26	00:34:02.134	0.58080				2
2026.03.26	00:34:03.806	0.58078				2
2026.03.26	00:34:10.324	0.58077				2
2026.03.26	00:34:42.768		0.58095			4
2026.03.26	00:35:01.214	0.58077				2
2026.03.26	00:35:42.840		0.58095			4
2026.03.26	00:36:01.336	0.58077				2
2026.03.26	00:36:46.069		0.58095			4
2026.03.26	00:37:00.169	0.58077				2
2026.03.26	00:37:40.764	0.58078				2
2026.03.26	00:37:48.770		0.58095			4
2026.03.26	00:37:51.014	0.58079				2
2026.03.26	00:37:59.570	0.58078				2
2026.03.26	00:38:02.449	0.58078				2
2026.03.26	00:38:05.571	0.58077				2
2026.03.26	00:38:15.770	0.58078				2
2026.03.26	00:38:34.041	0.58077				2
2026.03.26	00:38:39.820	0.58078				2
2026.03.26	00:38:44.453	0.58077				2
2026.03.26	00:38:50.163		0.58095			4
2026.03.26	00:39:04.857	0.58077				2
2026.03.26	00:39:30.058	0.58078				2
2026.03.26	00:39:53.125		0.58095			4
2026.03.26	00:40:14.570	0.58078				2
2026.03.26	00:40:25.069		0.58105			4
2026.03.26	00:40:29.590	0.58079				2
2026.03.26	00:40:32.902		0.58106			4
2026.03.26	00:40:51.595	0.58078	0.58105			6
2026.03.26	00:40:55.811	0.58079				2
2026.03.26	00:41:00.026	0.58079	0.58106			6
2026.03.26	00:41:16.862		0.58095			4
2026.03.26	00:41:17.163	0.58078				2
2026.03.26	00:41:31.055	0.58079				2
2026.03.26	00:41:31.800	0.58078				2
2026.03.26	00:42:00.029	0.58078				2
2026.03.26	00:42:18.553		0.58095			4
2026.03.26	00:43:10.163	0.58078				2
2026.03.26	00:43:19.535		0.58095			4
2026.03.26	00:43:25.378	0.58079				2
2026.03.26	00:43:43.372	0.58078				2
2026.03.26	00:44:00.164	0.58078				2
2026.03.26	00:44:04.854	0.58079				2
2026.03.26	00:44:09.096	0.58078				2
2026.03.26	00:44:17.872	0.58077				2
2026.03.26	00:44:25.140		0.58095			4
2026.03.26	00:45:00.024	0.58077				2
2026.03.26	00:45:03.314	0.58069	0.58105			6
2026.03.26	00:45:06.636	0.58077	0.58095			6
2026.03.26	00:46:00.218	0.58077				2
2026.03.26	00:46:06.957		0.58095			4
2026.03.26	00:47:03.077	0.58067	0.58106			6
2026.03.26	00:47:05.791	0.58077				2
2026.03.26	00:47:52.150		0.58107			4
2026.03.26	00:47:54.856		0.58106			4
2026.03.26	00:47:57.562		0.58107			4
2026.03.26	00:48:00.270	0.58077				2
2026.03.26	00:48:16.830		0.58106			4
2026.03.26	00:48:39.393	0.58076				2
2026.03.26	00:48:54.140		0.58105			4
2026.03.26	00:48:58.048		0.58106			4
2026.03.26	00:49:00.154	0.58076				2
2026.03.26	00:49:58.219		0.58106			4
2026.03.26	00:50:00.023	0.58076				2
2026.03.26	00:50:58.394		0.58106			4
2026.03.26	00:51:00.197	0.58076				2
2026.03.26	00:51:14.942	0.58069	0.58101			6
2026.03.26	00:51:30.268		0.58100			4
2026.03.26	00:51:30.568		0.58103			4
2026.03.26	00:52:00.059	0.58069				2
2026.03.26	00:52:30.753		0.58103			4
2026.03.26	00:53:00.249	0.58069				2
2026.03.26	00:53:20.111		0.58104			4
2026.03.26	00:53:31.552	0.58068				2
2026.03.26	00:54:00.133	0.58069				2
2026.03.26	00:54:00.434		0.58103			4
2026.03.26	00:54:05.848	0.58070	0.58104			6
2026.03.26	00:54:33.230	0.58068	0.58103			6
2026.03.26	00:55:00.014	0.58068				2
2026.03.26	00:55:07.533	0.58069				2
2026.03.26	00:55:07.835	0.58070	0.58104			6
2026.03.26	00:55:08.736		0.58103			4
2026.03.26	00:55:09.338		0.58112			4
2026.03.26	00:55:09.639		0.58103			4
2026.03.26	00:55:09.939	0.58069	0.58104			6
2026.03.26	00:55:13.675		0.58098			4
2026.03.26	00:55:21.201	0.58068				2
2026.03.26	00:55:24.827	0.58069				2
2026.03.26	00:55:31.448	0.58068				2
2026.03.26	00:55:33.252		0.58097			4
2026.03.26	00:55:38.068	0.58069				2
2026.03.26	00:55:46.498	0.58068				2
2026.03.26	00:55:48.300		0.58098			4
2026.03.26	00:56:00.036	0.58068				2
2026.03.26	00:56:25.016	0.58066				2
2026.03.26	00:56:25.314	0.58068				2
2026.03.26	00:56:30.737	0.58071	0.58091			6
2026.03.26	00:56:45.774	0.58068	0.58098			6
2026.03.26	00:56:58.408	0.58072	0.58091			6
2026.03.26	00:57:00.221	0.58072				2
2026.03.26	00:57:06.536	0.58074	0.58092			6
2026.03.26	00:57:12.851	0.58072	0.58090			6
2026.03.26	00:57:30.615	0.58073	0.58091			6
2026.03.26	00:57:41.753	0.58072				2
2026.03.26	00:57:51.062	0.58075	0.58093			6
2026.03.26	00:57:52.267	0.58074	0.58091			6
2026.03.26	00:57:53.171	0.58072	0.58090			6
2026.03.26	00:57:56.173	0.58071	0.58096			6
2026.03.26	00:58:00.097	0.58071				2
2026.03.26	00:58:00.392	0.58072	0.58090			6
2026.03.26	00:58:12.725		0.58091			4
2026.03.26	00:58:13.028	0.58071	0.58097			6
2026.03.26	00:58:24.169		0.58098			4
2026.03.26	00:58:32.602		0.58090			4
2026.03.26	00:58:42.834		0.58095			4
2026.03.26	00:58:45.240		0.58090			4
2026.03.26	00:58:50.656		0.58096			4
2026.03.26	00:59:00.293	0.58071				2
2026.03.26	00:59:05.709		0.58098			4
2026.03.26	00:59:22.556		0.58096			4
2026.03.26	00:59:27.073	0.58072	0.58091			6
2026.03.26	00:59:35.202	0.58071	0.58096			6
2026.03.26	00:59:36.405		0.58098			4
2026.03.26	00:59:58.379	0.58066	0.58169			6
2026.03.26	00:59:58.978	0.58072	0.58143			6
2026.03.26	00:59:59.277	0.58082	0.58128			6
2026.03.26	00:59:59.577	0.58072	0.58138			6
2026.03.26	00:59:59.884	0.58081	0.58124			6
2026.03.26	01:00:00.186	0.58093	0.58158			6
2026.03.26	01:00:00.481		0.58118			4
2026.03.26	01:00:00.780		0.58122			4
2026.03.26	01:00:01.083	0.58084	0.58124			6
2026.03.26	01:00:01.384		0.58122			4
2026.03.26	01:00:01.684		0.58126			4
2026.03.26	01:00:01.977	0.58088				2
2026.03.26	01:00:02.278		0.58142			4
2026.03.26	01:00:02.576	0.58081	0.58120			6
2026.03.26	01:00:02.878	0.58079				2
2026.03.26	01:00:03.183	0.58078				2
2026.03.26	01:00:03.482	0.58067	0.58107			6
2026.03.26	01:00:03.785	0.58065	0.58093			6
2026.03.26	01:00:04.082		0.58087			4
2026.03.26	01:00:04.378	0.58041	0.58080			6
2026.03.26	01:00:04.686	0.58043	0.58077			6
2026.03.26	01:00:04.981	0.58045	0.58080			6
2026.03.26	01:00:05.279	0.58046	0.58077			6
2026.03.26	01:00:05.581		0.58078			4
2026.03.26	01:00:05.885		0.58080			4
2026.03.26	01:00:06.180		0.58074			4
2026.03.26	01:00:09.487		0.58076			4
2026.03.26	01:00:10.991	0.58045				2
2026.03.26	01:00:11.894	0.58046				2
2026.03.26	01:00:12.794	0.58045				2
2026.03.26	01:00:14.601	0.58046				2
2026.03.26	01:00:16.408		0.58078			4
2026.03.26	01:00:18.516	0.58047	0.58075			6
2026.03.26	01:00:19.719	0.58046	0.58077			6
2026.03.26	01:00:20.020	0.58044	0.58075			6
2026.03.26	01:00:20.924		0.58077			4
2026.03.26	01:00:23.328		0.58076			4
2026.03.26	01:00:24.231	0.58045				2
2026.03.26	01:00:24.525		0.58077			4
2026.03.26	01:00:24.826		0.58076			4
2026.03.26	01:00:25.131	0.58044				2
2026.03.26	01:00:25.427	0.58046				2
2026.03.26	01:00:26.025	0.58050	0.58073			6
2026.03.26	01:00:26.334	0.58060	0.58076			6
2026.03.26	01:00:27.233	0.58066	0.58080			6
2026.03.26	01:00:28.133	0.58061	0.58072			6
2026.03.26	01:00:28.434	0.58060				2
2026.03.26	01:00:28.731	0.58063				2
2026.03.26	01:00:29.631	0.58075	0.58076			6
2026.03.26	01:00:31.434	0.58069	0.58075			6
2026.03.26	01:00:31.732	0.58063	0.58080			6
2026.03.26	01:00:32.638	0.58082	0.58083			6
2026.03.26	01:00:35.036	0.58063	0.58080			6
2026.03.26	01:00:35.343	0.58049				2
2026.03.26	01:00:35.642	0.58050	0.58076			6
2026.03.26	01:00:35.942		0.58071			4
2026.03.26	01:00:36.841	0.58047				2
2026.03.26	01:00:38.042	0.58046				2
2026.03.26	01:00:39.243	0.58047				2
2026.03.26	01:00:40.142	0.58049				2
2026.03.26	01:00:41.343	0.58051				2
2026.03.26	01:00:41.645	0.58050	0.58074			6
2026.03.26	01:00:42.545	0.58052				2
2026.03.26	01:00:43.751	0.58054				2
2026.03.26	01:00:47.655	0.58040	0.58053			6
2026.03.26	01:00:47.953	0.58041	0.58054			6
2026.03.26	01:00:50.960		0.58053			4
2026.03.26	01:00:52.764	0.58044				2
2026.03.26	01:00:53.062	0.58046	0.58061			6
2026.03.26	01:00:53.362	0.58049	0.58063			6
2026.03.26	01:00:53.964	0.58047				2
2026.03.26	01:00:54.265	0.58045	0.58061			6
2026.03.26	01:00:56.968	0.58049				2
2026.03.26	01:00:58.471	0.58044	0.58059			6
2026.03.26	01:00:58.771	0.58041	0.58056			6
2026.03.26	01:00:59.372	0.58042	0.58057			6
2026.03.26	01:00:59.969	0.58040	0.58055			6
2026.03.26	01:01:00.271	0.58047	0.58050			6
2026.03.26	01:01:00.572	0.58045				2
2026.03.26	01:01:01.474	0.58044	0.58053			6
2026.03.26	01:01:02.375	0.58047				2
2026.03.26	01:01:03.279		0.58058			4
2026.03.26	01:01:04.478		0.58050			4
2026.03.26	01:01:04.779		0.58054			4
2026.03.26	01:01:05.378	0.58046	0.58053			6
2026.03.26	01:01:05.679		0.58057			4
2026.03.26	01:01:05.978		0.58058			4
2026.03.26	01:01:06.279		0.58049			4
2026.03.26	01:01:06.579	0.58047	0.58050			6
2026.03.26	01:01:07.484		0.58053			4
2026.03.26	01:01:07.782		0.58056			4
2026.03.26	01:01:08.383		0.58050			4
2026.03.26	01:01:09.281		0.58056			4
2026.03.26	01:01:09.585		0.58060			4
2026.03.26	01:01:10.186		0.58050			4
2026.03.26	01:01:10.484		0.58051			4
2026.03.26	01:01:11.985		0.58059			4
2026.03.26	01:01:12.286	0.58046	0.58049			6
2026.03.26	01:01:12.585		0.58052			4
2026.03.26	01:01:13.485		0.58054			4
2026.03.26	01:01:14.388		0.58049			4
2026.03.26	01:01:15.890		0.58051			4
2026.03.26	01:01:16.189		0.58052			4
2026.03.26	01:01:17.093		0.58055			4
2026.03.26	01:01:18.296		0.58049			4
2026.03.26	01:01:19.200		0.58054			4
2026.03.26	01:01:19.499		0.58055			4
2026.03.26	01:01:20.405		0.58049			4
2026.03.26	01:01:21.306		0.58051			4
2026.03.26	01:01:21.605		0.58052			4
2026.03.26	01:01:22.208		0.58049			4
2026.03.26	01:01:23.113		0.58051			4
2026.03.26	01:01:23.413		0.58052			4
2026.03.26	01:01:24.319		0.58049			4
2026.03.26	01:01:24.619		0.58052			4
2026.03.26	01:01:25.821		0.58053			4
2026.03.26	01:01:26.122		0.58055			4
2026.03.26	01:01:26.425		0.58049			4
2026.03.26	01:01:26.726		0.58051			4
2026.03.26	01:01:27.925		0.58052			4
2026.03.26	01:01:28.226		0.58049			4
2026.03.26	01:01:29.429		0.58051			4
2026.03.26	01:01:29.727	0.58045	0.58050			6
2026.03.26	01:01:30.025	0.58044				2
2026.03.26	01:01:30.325		0.58047			4
2026.03.26	01:01:36.943	0.58043	0.58046			6
2026.03.26	01:01:46.557	0.58042	0.58045			6
2026.03.26	01:02:00.071	0.58042				2
2026.03.26	01:02:00.373	0.58041	0.58044			6
2026.03.26	01:02:09.677	0.58040	0.58043			6
2026.03.26	01:02:09.977	0.58041	0.58044			6
2026.03.26	01:02:12.683	0.58042	0.58045			6
2026.03.26	01:02:13.889	0.58040	0.58043			6
2026.03.26	01:02:14.185	0.58041	0.58044			6
2026.03.26	01:02:19.906	0.58038	0.58041			6
2026.03.26	01:02:20.204	0.58037	0.58040			6
2026.03.26	01:02:20.508	0.58036	0.58039			6
2026.03.26	01:02:31.930	0.58035	0.58038			6
2026.03.26	01:02:36.735	0.58034	0.58037			6
2026.03.26	01:02:38.847	0.58035	0.58038			6
2026.03.26	01:02:42.453	0.58034	0.58036			6
2026.03.26	01:03:00.182	0.58033				2
2026.03.26	01:03:01.385	0.58034				2
2026.03.26	01:03:08.600	0.58035	0.58037			6
2026.03.26	01:03:16.717	0.58037	0.58039			6
2026.03.26	01:03:17.016	0.58038	0.58040			6
2026.03.26	01:03:17.920	0.58040	0.58042			6
2026.03.26	01:03:19.416	0.58041	0.58043			6
2026.03.26	01:03:20.322	0.58043	0.58045			6
2026.03.26	01:03:26.926	0.58040	0.58042			6
2026.03.26	01:03:39.845		0.58041			4
2026.03.26	01:03:40.148	0.58039				2
2026.03.26	01:03:40.448	0.58040				2
2026.03.26	01:03:40.748	0.58039				2
2026.03.26	01:03:41.047	0.58040				2
2026.03.26	01:03:41.348	0.58039				2
2026.03.26	01:04:00.283	0.58039				2
2026.03.26	01:04:13.219	0.58040	0.58042			6
2026.03.26	01:04:35.452	0.58039	0.58041			6
2026.03.26	01:04:42.663	0.58038	0.58040			6
2026.03.26	01:04:44.164	0.58037	0.58039			6
2026.03.26	01:04:45.362	0.58036	0.58038			6
2026.03.26	01:04:46.262	0.58037	0.58039			6
2026.03.26	01:04:46.561	0.58036	0.58038			6
2026.03.26	01:05:00.091	0.58036				2
2026.03.26	01:05:00.390	0.58033	0.58035			6
2026.03.26	01:05:01.889	0.58034	0.58036			6
2026.03.26	01:05:03.696	0.58035	0.58037			6
2026.03.26	01:05:07.905	0.58034	0.58036			6
2026.03.26	01:05:22.631	0.58036	0.58037			6
2026.03.26	01:05:22.929	0.58040	0.58042			6
2026.03.26	01:05:23.227	0.58041	0.58043			6
2026.03.26	01:05:30.738	0.58040	0.58042			6
2026.03.26	01:05:38.849	0.58042	0.58044			6
2026.03.26	01:05:40.053	0.58043	0.58045			6
2026.03.26	01:05:42.450	0.58040	0.58042			6
2026.03.26	01:05:55.071	0.58041	0.58043			6
2026.03.26	01:05:57.765	0.58044	0.58046			6
2026.03.26	01:05:58.065	0.58045	0.58047			6
2026.03.26	01:05:58.371	0.58041	0.58043			6
2026.03.26	01:05:59.569	0.58039	0.58041			6
2026.03.26	01:06:00.174	0.58039				2
2026.03.26	01:06:07.080	0.58040	0.58042			6
2026.03.26	01:06:12.203	0.58039	0.58041			6
2026.03.26	01:06:12.498	0.58037	0.58039			6
2026.03.26	01:06:17.908	0.58035	0.58037			6
2026.03.26	01:06:40.759	0.58034	0.58036			6
2026.03.26	01:06:41.364		0.58035			4
2026.03.26	01:06:41.660	0.58032	0.58034			6
2026.03.26	01:06:41.961	0.58033	0.58035			6
2026.03.26	01:06:42.860	0.58034	0.58036			6
2026.03.26	01:07:00.019	0.58034				2
2026.03.26	01:07:03.021	0.58033	0.58035			6
2026.03.26	01:07:04.218	0.58034	0.58036			6
2026.03.26	01:07:19.853	0.58033	0.58035			6
2026.03.26	01:07:24.958	0.58031	0.58033			6
2026.03.26	01:07:25.858	0.58032	0.58034			6
2026.03.26	01:07:26.157		0.58033			4
2026.03.26	01:07:26.758		0.58034			4
2026.03.26	01:07:28.859	0.58026	0.58028			6
2026.03.26	01:07:29.761	0.58028	0.58030			6
2026.03.26	01:07:30.960	0.58030	0.58032			6
2026.03.26	01:07:33.969	0.58032	0.58034			6
2026.03.26	01:07:43.590	0.58031	0.58033			6
2026.03.26	01:07:43.887	0.58032	0.58034			6
2026.03.26	01:07:50.203	0.58033	0.58035			6
2026.03.26	01:08:00.125	0.58033				2
2026.03.26	01:08:43.108	0.58032	0.58034			6
2026.03.26	01:08:44.015	0.58031	0.58033			6
2026.03.26	01:08:45.515	0.58032	0.58034			6
2026.03.26	01:08:51.520	0.58031	0.58033			6
2026.03.26	01:08:53.024	0.58032	0.58034			6
2026.03.26	01:08:56.027	0.58031	0.58033			6
2026.03.26	01:09:00.229	0.58031				2
2026.03.26	01:09:03.233	0.58030	0.58032			6
2026.03.26	01:09:05.640	0.58031	0.58033			6
2026.03.26	01:09:11.648	0.58032	0.58034			6
2026.03.26	01:09:13.450	0.58031	0.58033			6
2026.03.26	01:09:13.748	0.58030	0.58032			6
2026.03.26	01:09:15.552	0.58029	0.58031			6
2026.03.26	01:09:16.153	0.58028	0.58030			6
2026.03.26	01:09:26.061	0.58031	0.58033			6
2026.03.26	01:09:31.464	0.58032	0.58034			6
2026.03.26	01:09:45.306	0.58031	0.58033			6
2026.03.26	01:09:46.513	0.58030	0.58032			6
2026.03.26	01:09:55.237	0.58029	0.58031			6
2026.03.26	01:10:00.047	0.58029				2
2026.03.26	01:10:31.588	0.58030	0.58032			6
2026.03.26	01:10:32.488	0.58029	0.58031			6
2026.03.26	01:10:58.339	0.58032	0.58034			6
2026.03.26	01:10:58.634	0.58031	0.58033			6
2026.03.26	01:10:58.940	0.58032	0.58034			6
2026.03.26	01:11:00.146	0.58032				2
2026.03.26	01:11:01.947	0.58031	0.58033			6
2026.03.26	01:11:02.552	0.58030	0.58032			6
2026.03.26	01:11:58.756	0.58029	0.58031			6
2026.03.26	01:11:59.056	0.58028	0.58030			6
2026.03.26	01:12:00.258	0.58028				2
2026.03.26	01:12:14.380	0.58026	0.58028			6
2026.03.26	01:12:14.684	0.58025	0.58027			6
2026.03.26	01:12:14.978	0.58026	0.58028			6
2026.03.26	01:12:17.379	0.58027	0.58029			6
2026.03.26	01:12:19.780	0.58026	0.58028			6
2026.03.26	01:12:21.881	0.58024	0.58026			6
2026.03.26	01:12:22.784	0.58023	0.58025			6
2026.03.26	01:12:23.382	0.58022	0.58024			6
2026.03.26	01:12:26.696	0.58021	0.58023			6
2026.03.26	01:12:29.103	0.58022	0.58024			6
2026.03.26	01:12:34.821	0.58021	0.58023			6
2026.03.26	01:12:39.328	0.58022	0.58024			6
2026.03.26	01:12:51.958	0.58017	0.58019			6
2026.03.26	01:12:52.253	0.58018	0.58020			6
2026.03.26	01:12:53.157	0.58017				2
2026.03.26	01:13:00.061	0.58017				2
2026.03.26	01:13:00.665	0.58018	0.58021			6
2026.03.26	01:13:04.269	0.58020	0.58023			6
2026.03.26	01:13:04.569	0.58021	0.58024			6
2026.03.26	01:13:05.168	0.58020	0.58023			6
2026.03.26	01:13:08.477	0.58021	0.58024			6
2026.03.26	01:13:09.375	0.58018	0.58021			6
2026.03.26	01:13:09.674	0.58017	0.58020			6
2026.03.26	01:13:13.286	0.58015	0.58018			6
2026.03.26	01:13:15.090	0.58018	0.58021			6
2026.03.26	01:13:35.243	0.58020	0.58023			6
2026.03.26	01:13:35.541	0.58022	0.58025			6
2026.03.26	01:13:40.051	0.58023	0.58026			6
2026.03.26	01:14:00.183	0.58023				2
2026.03.26	01:14:19.427	0.58022	0.58025			6
2026.03.26	01:14:20.932	0.58023	0.58026			6
2026.03.26	01:14:27.846	0.58021	0.58024			6
2026.03.26	01:14:41.665	0.58022	0.58025			6
2026.03.26	01:14:42.568	0.58023	0.58026			6
2026.03.26	01:14:50.984	0.58024	0.58027			6
2026.03.26	01:15:00.304	0.58024				2
2026.03.26	01:15:03.905	0.58023	0.58026			6
2026.03.26	01:15:04.205	0.58022	0.58025			6
2026.03.26	01:15:04.806	0.58023	0.58026			6
2026.03.26	01:15:05.109	0.58022	0.58025			6
2026.03.26	01:15:06.312	0.58021	0.58024			6
2026.03.26	01:15:08.112	0.58022	0.58025			6
2026.03.26	01:15:08.416	0.58023	0.58026			6
2026.03.26	01:15:10.221	0.58022	0.58025			6
2026.03.26	01:15:14.424	0.58023	0.58026			6
2026.03.26	01:15:21.035	0.58024	0.58027			6
2026.03.26	01:15:21.937	0.58023	0.58026			6
2026.03.26	01:15:41.164	0.58025	0.58028			6
2026.03.26	01:15:41.768	0.58026	0.58029			6
2026.03.26	01:15:47.478	0.58025	0.58028			6
2026.03.26	01:15:47.776	0.58023	0.58026			6
2026.03.26	01:15:48.080	0.58022	0.58025			6
2026.03.26	01:15:48.679	0.58023	0.58026			6
2026.03.26	01:15:49.875	0.58022	0.58025			6
2026.03.26	01:15:53.485	0.58023	0.58026			6
2026.03.26	01:15:59.496	0.58020	0.58023			6
2026.03.26	01:15:59.799	0.58019	0.58022			6
2026.03.26	01:16:00.096	0.58019				2
2026.03.26	01:16:00.697	0.58020	0.58023			6
2026.03.26	01:16:01.001	0.58024	0.58027			6
2026.03.26	01:16:03.704	0.58025	0.58028			6
2026.03.26	01:16:04.904	0.58024	0.58027			6
2026.03.26	01:16:10.923	0.58025	0.58028			6
2026.03.26	01:16:25.343	0.58024	0.58026			6
2026.03.26	01:16:25.944		0.58027			4
2026.03.26	01:16:28.046		0.58026			4
2026.03.26	01:16:28.346		0.58027			4
2026.03.26	01:16:29.849	0.58023	0.58026			6
2026.03.26	01:16:31.050	0.58024	0.58027			6
2026.03.26	01:16:40.369	0.58025	0.58028			6
2026.03.26	01:16:49.080	0.58026	0.58029			6
2026.03.26	01:16:49.378	0.58024	0.58027			6
2026.03.26	01:16:50.284	0.58026	0.58029			6
2026.03.26	01:16:51.485	0.58027	0.58030			6
2026.03.26	01:16:51.785	0.58026	0.58029			6
2026.03.26	01:16:53.287	0.58030	0.58033			6
2026.03.26	01:16:53.581	0.58029	0.58032			6
2026.03.26	01:16:55.989	0.58026	0.58029			6
2026.03.26	01:16:58.993	0.58025	0.58028			6
2026.03.26	01:16:59.892	0.58027	0.58030			6
2026.03.26	01:17:00.195	0.58027				2
2026.03.26	01:17:00.496	0.58026	0.58029			6
2026.03.26	01:17:04.401	0.58025	0.58028			6
2026.03.26	01:17:07.101	0.58023	0.58026			6
2026.03.26	01:17:09.225	0.58022	0.58025			6
2026.03.26	01:17:10.426	0.58023	0.58026			6
2026.03.26	01:17:13.746	0.58024	0.58027			6
2026.03.26	01:17:14.348	0.58025	0.58028			6
2026.03.26	01:17:14.649	0.58024	0.58027			6
2026.03.26	01:17:20.055	0.58023	0.58026			6
2026.03.26	01:17:28.164	0.58026	0.58029			6
2026.03.26	01:17:28.766	0.58027	0.58030			6
2026.03.26	01:17:47.402	0.58026	0.58029			6
2026.03.26	01:17:55.522	0.58025	0.58028			6
2026.03.26	01:18:00.025	0.58026	0.58029			6
2026.03.26	01:18:00.623	0.58025	0.58028			6
2026.03.26	01:18:03.629	0.58027	0.58030			6
2026.03.26	01:18:03.925	0.58026	0.58029			6
2026.03.26	01:18:18.347	0.58027	0.58030			6
2026.03.26	01:18:20.150	0.58026	0.58029			6
2026.03.26	01:18:21.952	0.58027	0.58030			6
2026.03.26	01:18:25.856	0.58026	0.58029			6
2026.03.26	01:18:26.762	0.58027	0.58030			6
2026.03.26	01:18:31.561	0.58028	0.58031			6
2026.03.26	01:18:33.366	0.58027	0.58030			6
2026.03.26	01:18:52.287	0.58026	0.58029			6
2026.03.26	01:18:53.790	0.58025	0.58028			6
2026.03.26	01:19:00.112	0.58025				2
2026.03.26	01:19:31.372	0.58026				2
2026.03.26	01:19:37.085	0.58027	0.58029			6
2026.03.26	01:19:51.213	0.58029	0.58031			6
2026.03.26	01:19:51.508	0.58027	0.58029			6
2026.03.26	01:20:00.236	0.58028	0.58030			6
2026.03.26	01:20:00.537	0.58027	0.58029			6
2026.03.26	01:20:07.148	0.58026	0.58028			6
2026.03.26	01:20:24.283	0.58028	0.58030			6
2026.03.26	01:20:37.813	0.58027	0.58029			6
2026.03.26	01:20:39.314	0.58026				2
2026.03.26	01:20:40.217	0.58027	0.58030			6
2026.03.26	01:20:42.324	0.58026	0.58029			6
2026.03.26	01:20:45.624	0.58025	0.58028			6
2026.03.26	01:20:45.926	0.58024	0.58027			6
2026.03.26	01:20:48.930	0.58025	0.58028			6
2026.03.26	01:20:54.646	0.58026	0.58029			6
2026.03.26	01:20:55.547	0.58027	0.58030			6
2026.03.26	01:20:56.150		0.58028			4
2026.03.26	01:20:56.453		0.58029			4
2026.03.26	01:20:56.753		0.58028			4
2026.03.26	01:20:57.054		0.58029			4
2026.03.26	01:20:57.354		0.58030			4
2026.03.26	01:21:00.056	0.58027				2
2026.03.26	01:21:00.656	0.58029	0.58032			6
2026.03.26	01:21:02.760	0.58028	0.58031			6
2026.03.26	01:21:03.059	0.58027	0.58030			6
2026.03.26	01:21:05.760	0.58026	0.58029			6
2026.03.26	01:21:07.271	0.58027	0.58030			6
2026.03.26	01:21:10.275	0.58026	0.58029			6
2026.03.26	01:21:21.993	0.58025	0.58028			6
2026.03.26	01:21:25.905	0.58026	0.58029			6
2026.03.26	01:21:48.155	0.58025	0.58028			6
2026.03.26	01:21:48.752	0.58026	0.58029			6
2026.03.26	01:21:55.958	0.58027	0.58030			6
2026.03.26	01:22:00.176	0.58026	0.58029			6
2026.03.26	01:22:03.178	0.58027	0.58030			6
2026.03.26	01:22:20.627	0.58029	0.58032			6
2026.03.26	01:22:21.827	0.58032	0.58035			6
2026.03.26	01:22:22.735	0.58033	0.58036			6
2026.03.26	01:22:26.941		0.58035			4
2026.03.26	01:22:27.238		0.58036			4
2026.03.26	01:22:36.561	0.58032	0.58034			6
2026.03.26	01:22:38.362		0.58035			4
2026.03.26	01:22:55.798	0.58031	0.58034			6
2026.03.26	01:23:00.012	0.58031				2
2026.03.26	01:23:06.023	0.58030	0.58033			6
2026.03.26	01:23:06.323	0.58031	0.58034			6
2026.03.26	01:23:29.466	0.58033	0.58036			6
2026.03.26	01:23:35.173	0.58032	0.58035			6
2026.03.26	01:23:41.490	0.58033	0.58036			6
2026.03.26	01:23:58.034	0.58034	0.58037			6
2026.03.26	01:24:00.135	0.58034				2
2026.03.26	01:24:05.847	0.58032	0.58035			6
2026.03.26	01:24:21.471	0.58031	0.58034			6
2026.03.26	01:24:30.496	0.58032	0.58035			6
2026.03.26	01:24:47.341	0.58031	0.58034			6
2026.03.26	01:24:57.250	0.58032	0.58035			6
2026.03.26	01:24:58.452	0.58031	0.58034			6
2026.03.26	01:25:00.255	0.58031				2
2026.03.26	01:25:03.260	0.58032	0.58035			6
2026.03.26	01:25:16.175	0.58033				2
2026.03.26	01:25:24.614	0.58032	0.58034			6
2026.03.26	01:26:00.071	0.58032				2
2026.03.26	01:26:09.697	0.58031	0.58033			6
2026.03.26	01:26:15.720	0.58032	0.58034			6
2026.03.26	01:26:17.523	0.58031	0.58033			6
2026.03.26	01:26:18.420	0.58032	0.58034			6
2026.03.26	01:26:23.836	0.58031	0.58033			6
2026.03.26	01:26:24.741	0.58030	0.58032			6
2026.03.26	01:26:31.648	0.58029	0.58031			6
2026.03.26	01:26:34.354	0.58030	0.58032			6
2026.03.26	01:27:00.215	0.58030				2
2026.03.26	01:27:15.255	0.58029				2
2026.03.26	01:27:17.354	0.58030				2
2026.03.26	01:27:20.667	0.58032	0.58034			6
2026.03.26	01:27:22.168		0.58035			4
2026.03.26	01:27:26.680	0.58031	0.58034			6
2026.03.26	01:27:53.162	0.58032	0.58035			6
2026.03.26	01:28:00.078	0.58032				2
2026.03.26	01:28:17.215		0.58034			4
2026.03.26	01:29:00.201	0.58032				2
2026.03.26	01:29:09.234	0.58034	0.58036			6
2026.03.26	01:29:09.531	0.58035	0.58037			6
2026.03.26	01:29:10.136		0.58038			4
2026.03.26	01:29:17.945	0.58034	0.58037			6
2026.03.26	01:29:52.232	0.58035				2
2026.03.26	01:30:00.050	0.58035				2
2026.03.26	01:30:05.758	0.58037	0.58039			6
2026.03.26	01:30:06.052	0.58036	0.58038			6
2026.03.26	01:30:06.357		0.58039			4
2026.03.26	01:30:09.360		0.58038			4
2026.03.26	01:30:12.960	0.58037	0.58039			6
2026.03.26	01:30:13.862	0.58036	0.58038			6
2026.03.26	01:30:16.573	0.58037	0.58039			6
2026.03.26	01:30:16.878	0.58040	0.58042			6
2026.03.26	01:30:17.173	0.58039				2
2026.03.26	01:30:18.371	0.58040	0.58043			6
2026.03.26	01:30:18.677	0.58039	0.58042			6
2026.03.26	01:30:20.778	0.58036	0.58039			6
2026.03.26	01:30:21.381		0.58040			4
2026.03.26	01:30:27.689	0.58035	0.58039			6
2026.03.26	01:30:29.800	0.58034	0.58038			6
2026.03.26	01:30:31.906	0.58035	0.58039			6
2026.03.26	01:30:38.816	0.58034	0.58038			6
2026.03.26	01:30:40.921	0.58035	0.58039			6
2026.03.26	01:30:59.857	0.58037	0.58041			6
2026.03.26	01:31:00.164	0.58037				2
2026.03.26	01:31:12.479	0.58040	0.58044			6
2026.03.26	01:31:12.777	0.58039	0.58043			6
2026.03.26	01:31:13.077	0.58040	0.58044			6
2026.03.26	01:31:29.324	0.58041				2
2026.03.26	01:31:29.625	0.58043	0.58047			6
2026.03.26	01:31:32.029	0.58041	0.58045			6
2026.03.26	01:31:34.133	0.58043	0.58046			6
2026.03.26	01:31:34.432		0.58047			4
2026.03.26	01:31:35.332	0.58044	0.58048			6
2026.03.26	01:31:42.843	0.58045	0.58049			6
2026.03.26	01:31:43.750	0.58046	0.58050			6
2026.03.26	01:31:48.253	0.58045	0.58049			6
2026.03.26	01:31:49.156	0.58046	0.58050			6
2026.03.26	01:31:58.462	0.58047	0.58051			6
2026.03.26	01:32:00.265	0.58047				2
2026.03.26	01:32:01.767	0.58046	0.58050			6
2026.03.26	01:32:02.665	0.58047	0.58051			6
2026.03.26	01:32:14.092	0.58048	0.58052			6
2026.03.26	01:32:17.403	0.58047	0.58051			6
2026.03.26	01:32:19.212	0.58046	0.58050			6
2026.03.26	01:32:36.332	0.58047				2
2026.03.26	01:32:41.743	0.58045	0.58048			6
2026.03.26	01:32:42.041	0.58046	0.58049			6
2026.03.26	01:32:43.242	0.58045				2
2026.03.26	01:32:46.245	0.58046				2
2026.03.26	01:32:49.251	0.58047	0.58050			6
2026.03.26	01:32:50.450	0.58046	0.58049			6
2026.03.26	01:32:57.658	0.58047	0.58050			6
2026.03.26	01:32:58.257	0.58049	0.58052			6
2026.03.26	01:32:59.162		0.58053			4
2026.03.26	01:32:59.461	0.58050	0.58054			6
2026.03.26	01:33:00.063	0.58050				2
2026.03.26	01:33:00.663	0.58051	0.58055			6
2026.03.26	01:33:11.179	0.58052	0.58056			6
2026.03.26	01:33:11.475	0.58051	0.58055			6
2026.03.26	01:33:20.208	0.58053	0.58056			6
2026.03.26	01:33:20.507	0.58052				2
2026.03.26	01:33:28.321		0.58055			4
2026.03.26	01:33:29.224	0.58054	0.58057			6
2026.03.26	01:33:30.122	0.58053				2
2026.03.26	01:33:32.229		0.58056			4
2026.03.26	01:33:32.828		0.58057			4
2026.03.26	01:33:33.129		0.58056			4
2026.03.26	01:33:33.739	0.58055				2
2026.03.26	01:33:34.033	0.58052	0.58055			6
2026.03.26	01:33:34.333		0.58056			4
2026.03.26	01:33:34.636		0.58055			4
2026.03.26	01:33:35.237		0.58056			4
2026.03.26	01:33:42.155	0.58051	0.58055			6
2026.03.26	01:33:43.354	0.58052				2
2026.03.26	01:33:53.872	0.58054	0.58057			6
2026.03.26	01:34:00.179	0.58054				2
2026.03.26	01:34:01.674	0.58052	0.58055			6
2026.03.26	01:34:01.976	0.58053	0.58056			6
2026.03.26	01:34:02.276	0.58052	0.58055			6
2026.03.26	01:34:03.173		0.58056			4
2026.03.26	01:34:04.378	0.58051	0.58055			6
2026.03.26	01:34:04.985	0.58050	0.58054			6
2026.03.26	01:34:06.182	0.58051	0.58055			6
2026.03.26	01:34:13.099	0.58050	0.58054			6
2026.03.26	01:34:22.422		0.58053			4
2026.03.26	01:34:28.729	0.58049	0.58052			6
2026.03.26	01:34:30.234	0.58050	0.58053			6
2026.03.26	01:34:30.536	0.58049	0.58052			6
2026.03.26	01:34:32.945	0.58050	0.58053			6
2026.03.26	01:34:34.746	0.58051	0.58054			6
2026.03.26	01:34:36.250		0.58055			4
2026.03.26	01:34:38.349		0.58054			4
2026.03.26	01:34:39.252	0.58050				2
2026.03.26	01:34:43.156		0.58053			4
2026.03.26	01:34:46.767	0.58051	0.58054			6
2026.03.26	01:35:00.295	0.58051				2
2026.03.26	01:35:00.596	0.58053	0.58056			6
2026.03.26	01:35:01.196		0.58057			4
2026.03.26	01:35:11.120	0.58052	0.58056			6
2026.03.26	01:35:23.130	0.58053				2
2026.03.26	01:35:24.338	0.58052	0.58055			6
2026.03.26	01:35:25.238		0.58056			4
2026.03.26	01:35:26.138		0.58055			4
2026.03.26	01:35:31.545	0.58053				2
2026.03.26	01:35:31.849	0.58052				2
2026.03.26	01:35:32.150	0.58053				2
2026.03.26	01:35:32.449	0.58052				2
2026.03.26	01:35:33.052	0.58053				2
2026.03.26	01:35:33.348	0.58052				2
2026.03.26	01:35:33.653	0.58053				2
2026.03.26	01:35:33.952	0.58052				2
2026.03.26	01:35:34.254	0.58053				2
2026.03.26	01:35:34.853	0.58052				2
2026.03.26	01:35:35.154	0.58053				2
2026.03.26	01:35:35.454	0.58052				2
2026.03.26	01:35:55.581	0.58053	0.58056			6
2026.03.26	01:35:56.482	0.58052	0.58055			6
2026.03.26	01:35:58.286	0.58053	0.58056			6
2026.03.26	01:36:00.090	0.58053				2
2026.03.26	01:36:03.393	0.58054				2
2026.03.26	01:36:03.692	0.58053				2
2026.03.26	01:36:03.990	0.58058	0.58059			6
2026.03.26	01:36:04.298	0.58054	0.58057			6
2026.03.26	01:36:04.599	0.58058	0.58059			6
2026.03.26	01:36:04.898	0.58055	0.58058			6
2026.03.26	01:36:05.200	0.58058	0.58059			6
2026.03.26	01:36:05.802	0.58055	0.58058			6
2026.03.26	01:36:06.100	0.58058	0.58059			6
2026.03.26	01:36:06.404	0.58055	0.58058			6
2026.03.26	01:36:06.706	0.58058	0.58059			6
2026.03.26	01:36:07.005	0.58055	0.58058			6
2026.03.26	01:36:13.926	0.58056	0.58059			6
2026.03.26	01:36:22.942	0.58053	0.58056			6
2026.03.26	01:36:23.241	0.58051	0.58054			6
2026.03.26	01:36:24.143	0.58050				2
2026.03.26	01:36:52.380	0.58051				2
2026.03.26	01:36:55.384	0.58050	0.58053			6
2026.03.26	01:37:00.202	0.58050				2
2026.03.26	01:37:00.506	0.58049	0.58052			6
2026.03.26	01:37:06.212	0.58050	0.58053			6
2026.03.26	01:37:14.624	0.58051	0.58054			6
2026.03.26	01:37:22.732	0.58050	0.58053			6
2026.03.26	01:37:24.836	0.58051	0.58054			6
2026.03.26	01:37:26.941	0.58050	0.58053			6
2026.03.26	01:37:27.238	0.58049	0.58052			6
2026.03.26	01:37:30.245	0.58048	0.58051			6
2026.03.26	01:37:32.949	0.58047	0.58050			6
2026.03.26	01:37:45.578	0.58048	0.58051			6
2026.03.26	01:37:56.411	0.58049				2
2026.03.26	01:37:57.013	0.58048	0.58050			6
2026.03.26	01:38:00.026	0.58048				2
2026.03.26	01:38:00.626	0.58049	0.58051			6
2026.03.26	01:38:01.227	0.58048				2
2026.03.26	01:38:02.127	0.58049				2
2026.03.26	01:38:05.429	0.58048	0.58050			6
2026.03.26	01:38:06.330	0.58047	0.58049			6
2026.03.26	01:38:07.233	0.58046				2
2026.03.26	01:38:12.942	0.58045	0.58048			6
2026.03.26	01:38:20.158	0.58046				2
2026.03.26	01:38:37.275	0.58045	0.58047			6
2026.03.26	01:38:38.781	0.58046	0.58048			6
2026.03.26	01:38:50.819	0.58045	0.58047			6
2026.03.26	01:38:53.520	0.58046	0.58048			6
2026.03.26	01:38:55.325	0.58045	0.58047			6
2026.03.26	01:38:56.228	0.58046	0.58048			6
2026.03.26	01:38:56.529	0.58045	0.58047			6
2026.03.26	01:38:57.135	0.58046	0.58048			6
2026.03.26	01:38:57.438	0.58045	0.58047			6
2026.03.26	01:38:58.338	0.58046	0.58048			6
2026.03.26	01:38:59.540	0.58045	0.58047			6
2026.03.26	01:39:00.141	0.58046	0.58048			6
2026.03.26	01:39:00.444	0.58045	0.58047			6
2026.03.26	01:39:01.346	0.58046	0.58048			6
2026.03.26	01:39:02.251	0.58045	0.58047			6
2026.03.26	01:39:04.050	0.58046	0.58048			6
2026.03.26	01:39:09.462	0.58045	0.58047			6
2026.03.26	01:39:11.266	0.58046	0.58048			6
2026.03.26	01:39:16.071	0.58045	0.58047			6
2026.03.26	01:39:18.776	0.58046	0.58048			6
2026.03.26	01:39:20.278	0.58045	0.58047			6
2026.03.26	01:39:21.479	0.58046	0.58048			6
2026.03.26	01:39:26.585	0.58045	0.58047			6
2026.03.26	01:39:26.885	0.58046	0.58048			6
2026.03.26	01:39:30.198	0.58045	0.58047			6
2026.03.26	01:39:40.438	0.58046	0.58048			6
2026.03.26	01:40:00.279	0.58046				2
2026.03.26	01:40:00.583	0.58047	0.58049			6
2026.03.26	01:40:01.781		0.58048			4
2026.03.26	01:40:02.385	0.58048	0.58050			6
2026.03.26	01:40:02.681	0.58049	0.58051			6
2026.03.26	01:40:04.186	0.58048	0.58050			6
2026.03.26	01:40:42.963		0.58049			4
2026.03.26	01:40:43.266	0.58046	0.58048			6
2026.03.26	01:40:51.081	0.58048	0.58050			6
2026.03.26	01:40:52.278	0.58049	0.58051			6
2026.03.26	01:41:00.098	0.58049				2
2026.03.26	01:41:18.136	0.58050				2
2026.03.26	01:41:19.038	0.58049				2
2026.03.26	01:41:35.570	0.58048	0.58050			6
2026.03.26	01:41:41.586	0.58049				2
2026.03.26	01:41:42.789	0.58048				2
2026.03.26	01:41:43.094	0.58049				2
2026.03.26	01:41:43.389		0.58051			4
2026.03.26	01:41:57.821		0.58050			4
2026.03.26	01:42:00.228	0.58049				2
2026.03.26	01:42:01.129	0.58050	0.58051			6
2026.03.26	01:42:01.434	0.58051	0.58052			6
2026.03.26	01:42:01.728		0.58053			4
2026.03.26	01:42:05.939	0.58049	0.58051			6
2026.03.26	01:42:13.456	0.58050	0.58052			6
2026.03.26	01:42:18.555		0.58051			4
2026.03.26	01:42:19.156	0.58049				2
2026.03.26	01:42:28.769	0.58048	0.58050			6
2026.03.26	01:42:30.270		0.58049			4
2026.03.26	01:42:33.575	0.58047				2
2026.03.26	01:42:34.179	0.58048				2
2026.03.26	01:42:34.481		0.58050			4
2026.03.26	01:42:38.081	0.58049	0.58051			6
2026.03.26	01:42:47.992	0.58048	0.58050			6
2026.03.26	01:42:48.289	0.58049	0.58051			6
2026.03.26	01:42:50.993	0.58048	0.58050			6
2026.03.26	01:42:52.199	0.58049	0.58051			6
2026.03.26	01:42:53.699	0.58048	0.58050			6
2026.03.26	01:42:54.600	0.58049	0.58051			6
2026.03.26	01:43:00.013	0.58049				2
2026.03.26	01:43:06.324		0.58050			4
2026.03.26	01:43:06.625		0.58051			4
2026.03.26	01:43:12.345		0.58050			4
2026.03.26	01:43:12.950		0.58051			4
2026.03.26	01:43:18.357	0.58050				2
2026.03.26	01:43:20.762	0.58052	0.58054			6
2026.03.26	01:43:21.061	0.58054	0.58055			6
2026.03.26	01:43:21.362	0.58053	0.58056			6
2026.03.26	01:43:22.265		0.58057			4
2026.03.26	01:43:27.362		0.58056			4
2026.03.26	01:43:40.604	0.58054	0.58057			6
2026.03.26	01:43:44.215	0.58053	0.58056			6
2026.03.26	01:43:45.719	0.58055	0.58058			6
2026.03.26	01:43:46.019	0.58056	0.58059			6
2026.03.26	01:43:46.318	0.58055				2
2026.03.26	01:43:55.051	0.58056	0.58060			6
2026.03.26	01:43:55.644	0.58057	0.58061			6
2026.03.26	01:43:58.055	0.58058	0.58062			6
2026.03.26	01:44:00.156	0.58058				2
2026.03.26	01:44:04.362	0.58060	0.58064			6
2026.03.26	01:44:05.559	0.58061	0.58065			6
2026.03.26	01:44:15.469		0.58066			4
2026.03.26	01:44:17.277		0.58065			4
2026.03.26	01:44:27.480	0.58062	0.58066			6
2026.03.26	01:44:28.680	0.58063	0.58067			6
2026.03.26	01:44:29.880	0.58064	0.58068			6
2026.03.26	01:44:31.687	0.58065	0.58069			6
2026.03.26	01:44:49.127	0.58071	0.58072			6
2026.03.26	01:44:49.422	0.58073	0.58077			6
2026.03.26	01:44:50.025	0.58072	0.58076			6
2026.03.26	01:44:50.928	0.58073	0.58077			6
2026.03.26	01:44:59.644	0.58072	0.58076			6
2026.03.26	01:45:00.249	0.58072				2
2026.03.26	01:45:03.557	0.58073	0.58077			6
2026.03.26	01:45:26.206	0.58074	0.58078			6
2026.03.26	01:45:30.717	0.58075	0.58079			6
2026.03.26	01:45:32.519	0.58077	0.58081			6
2026.03.26	01:45:32.818	0.58078	0.58082			6
2026.03.26	01:45:34.023	0.58079	0.58083			6
2026.03.26	01:45:40.033	0.58078	0.58082			6
2026.03.26	01:45:41.237	0.58076	0.58080			6
2026.03.26	01:45:43.641	0.58075	0.58079			6
2026.03.26	01:45:43.945	0.58074	0.58078			6
2026.03.26	01:45:44.842	0.58073	0.58077			6
2026.03.26	01:45:46.043	0.58074	0.58078			6
2026.03.26	01:46:00.164	0.58074				2
2026.03.26	01:46:01.370	0.58072	0.58076			6
2026.03.26	01:46:01.670	0.58071	0.58075			6
2026.03.26	01:46:12.194	0.58073	0.58077			6
2026.03.26	01:46:23.922	0.58072	0.58076			6
2026.03.26	01:46:24.223	0.58073	0.58077			6
2026.03.26	01:46:34.146	0.58072	0.58076			6
2026.03.26	01:46:36.252	0.58073	0.58077			6
2026.03.26	01:46:36.549	0.58072	0.58076			6
2026.03.26	01:46:37.152	0.58073	0.58077			6
2026.03.26	01:47:00.281	0.58073				2
2026.03.26	01:47:01.181	0.58075	0.58079			6
2026.03.26	01:47:26.128	0.58076				2
2026.03.26	01:47:52.873	0.58075	0.58078			6
2026.03.26	01:47:55.273	0.58076				2
2026.03.26	01:48:00.084	0.58076				2
2026.03.26	01:48:22.325		0.58077			4
2026.03.26	01:48:25.029	0.58073	0.58074			6
2026.03.26	01:48:25.330		0.58075			4
2026.03.26	01:48:25.934		0.58074			4
2026.03.26	01:48:26.231		0.58075			4
2026.03.26	01:48:34.949	0.58074	0.58076			6
2026.03.26	01:48:47.863	0.58075	0.58077			6
2026.03.26	01:48:58.988		0.58076			4
2026.03.26	01:49:00.194	0.58075				2
2026.03.26	01:49:00.801		0.58077			4
2026.03.26	01:49:01.399		0.58076			4
2026.03.26	01:49:01.998		0.58077			4
2026.03.26	01:49:02.303		0.58076			4
2026.03.26	01:49:02.601		0.58077			4
2026.03.26	01:49:03.500		0.58076			4
2026.03.26	01:49:12.518	0.58074				2
2026.03.26	01:49:30.858		0.58075			4
2026.03.26	01:49:31.757		0.58076			4
2026.03.26	01:49:36.863		0.58075			4
2026.03.26	01:49:37.169	0.58072	0.58074			6
2026.03.26	01:49:37.462	0.58073	0.58075			6
2026.03.26	01:49:38.666	0.58074	0.58076			6
2026.03.26	01:49:43.769		0.58075			4
2026.03.26	01:49:45.877		0.58076			4
2026.03.26	01:49:46.479	0.58073	0.58075			6
2026.03.26	01:49:46.777		0.58074			4
2026.03.26	01:49:47.077		0.58075			4
2026.03.26	01:49:58.496		0.58074			4
2026.03.26	01:50:00.004	0.58073				2
2026.03.26	01:50:02.105		0.58075			4
2026.03.26	01:50:08.720	0.58074				2
2026.03.26	01:50:12.025	0.58073				2
2026.03.26	01:50:13.828	0.58074				2
2026.03.26	01:50:16.230	0.58071	0.58073			6
2026.03.26	01:50:16.835	0.58070	0.58072			6
2026.03.26	01:50:24.350	0.58069	0.58071			6
2026.03.26	01:50:28.559	0.58070	0.58072			6
2026.03.26	01:50:28.862	0.58069	0.58071			6
2026.03.26	01:50:38.179	0.58070				2
2026.03.26	01:50:39.075		0.58072			4
2026.03.26	01:50:39.978		0.58071			4
2026.03.26	01:50:46.297	0.58069				2
2026.03.26	01:50:53.817		0.58070			4
2026.03.26	01:50:54.718		0.58071			4
2026.03.26	01:50:58.630	0.58068	0.58070			6
2026.03.26	01:50:58.929		0.58069			4
2026.03.26	01:51:00.132	0.58068				2
2026.03.26	01:51:00.433		0.58070			4
2026.03.26	01:51:01.031	0.58066	0.58068			6
2026.03.26	01:51:01.932	0.58068	0.58070			6
2026.03.26	01:51:07.047	0.58067	0.58069			6
2026.03.26	01:51:08.854	0.58065	0.58067			6
2026.03.26	01:51:09.147		0.58068			4
2026.03.26	01:51:14.252		0.58067			4
2026.03.26	01:51:23.870	0.58064	0.58066			6
2026.03.26	01:51:24.172		0.58067			4
2026.03.26	01:51:26.274		0.58066			4
2026.03.26	01:51:37.997	0.58065	0.58067			6
2026.03.26	01:51:50.029	0.58066	0.58068			6
2026.03.26	01:51:54.845	0.58068	0.58070			6
2026.03.26	01:52:00.254	0.58068				2
2026.03.26	01:52:22.180	0.58069				2
2026.03.26	01:52:25.791	0.58068				2
2026.03.26	01:52:28.804		0.58069			4
2026.03.26	01:52:30.006	0.58067				2
2026.03.26	01:52:34.521	0.58066	0.58068			6
2026.03.26	01:52:34.825		0.58067			4
2026.03.26	01:52:36.024		0.58068			4
2026.03.26	01:52:37.229	0.58061	0.58063			6
2026.03.26	01:52:37.524		0.58062			4
2026.03.26	01:52:38.127	0.58060	0.58064			6
2026.03.26	01:52:39.333	0.58058	0.58062			6
2026.03.26	01:52:40.535	0.58059	0.58063			6
2026.03.26	01:52:44.442	0.58058	0.58062			6
2026.03.26	01:52:44.744	0.58057	0.58061			6
2026.03.26	01:52:50.449	0.58058	0.58062			6
2026.03.26	01:52:51.046	0.58057	0.58061			6
2026.03.26	01:52:56.455	0.58058	0.58062			6
2026.03.26	01:52:56.756	0.58057	0.58061			6
2026.03.26	01:52:59.758	0.58056	0.58060			6
2026.03.26	01:53:00.063	0.58056				2
2026.03.26	01:53:01.562	0.58057	0.58061			6
2026.03.26	01:53:30.132	0.58058	0.58062			6
2026.03.26	01:53:31.332	0.58059	0.58063			6
2026.03.26	01:53:31.634	0.58058	0.58062			6
2026.03.26	01:53:32.238	0.58057	0.58061			6
2026.03.26	01:53:39.156	0.58056	0.58060			6
2026.03.26	01:53:41.255	0.58057	0.58061			6
2026.03.26	01:53:41.557	0.58056	0.58060			6
2026.03.26	01:53:53.275	0.58057				2
2026.03.26	01:54:00.198	0.58057				2
2026.03.26	01:54:01.389	0.58059	0.58062			6
2026.03.26	01:54:02.287		0.58063			4
2026.03.26	01:54:02.891	0.58060	0.58064			6
2026.03.26	01:54:10.710	0.58059	0.58063			6
2026.03.26	01:54:11.312	0.58060	0.58064			6
2026.03.26	01:54:15.523	0.58059	0.58063			6
2026.03.26	01:54:17.325	0.58060				2
2026.03.26	01:54:17.925	0.58064	0.58067			6
2026.03.26	01:54:19.128		0.58068			4
2026.03.26	01:54:21.233	0.58065	0.58069			6
2026.03.26	01:54:28.741	0.58063	0.58067			6
2026.03.26	01:54:30.546	0.58062	0.58066			6
2026.03.26	01:54:37.160	0.58064	0.58068			6
2026.03.26	01:54:42.567	0.58063	0.58067			6
2026.03.26	01:54:42.865	0.58062	0.58066			6
2026.03.26	01:54:47.067	0.58063	0.58067			6
2026.03.26	01:55:00.307	0.58063				2
2026.03.26	01:55:06.926	0.58064	0.58068			6
2026.03.26	01:55:14.440	0.58063	0.58067			6
2026.03.26	01:55:20.144	0.58064	0.58068			6
2026.03.26	01:55:21.646	0.58065	0.58069			6
2026.03.26	01:55:25.555	0.58066	0.58070			6
2026.03.26	01:55:33.367	0.58065	0.58069			6
2026.03.26	01:55:34.566	0.58064	0.58068			6
2026.03.26	01:55:46.312	0.58065				2
2026.03.26	01:55:58.350	0.58064	0.58067			6
2026.03.26	01:55:59.853	0.58065	0.58068			6
2026.03.26	01:56:00.156	0.58065				2
2026.03.26	01:56:02.553	0.58063	0.58066			6
2026.03.26	01:56:04.355	0.58064	0.58067			6
2026.03.26	01:56:07.659	0.58063	0.58066			6
2026.03.26	01:56:08.263	0.58064	0.58067			6
2026.03.26	01:56:09.463	0.58065	0.58068			6
2026.03.26	01:56:11.866	0.58064	0.58067			6
2026.03.26	01:56:20.280	0.58065				2
2026.03.26	01:56:34.100	0.58066	0.58068			6
2026.03.26	01:56:34.401	0.58065	0.58067			6
2026.03.26	01:56:36.208	0.58066	0.58068			6
2026.03.26	01:56:36.508	0.58065	0.58067			6
2026.03.26	01:56:37.111	0.58066	0.58068			6
2026.03.26	01:56:37.415	0.58065	0.58067			6
2026.03.26	01:56:39.216	0.58066	0.58068			6
2026.03.26	01:56:39.517	0.58065	0.58067			6
2026.03.26	01:56:40.119	0.58066	0.58068			6
2026.03.26	01:56:40.420		0.58067			4
2026.03.26	01:56:41.325		0.58068			4
2026.03.26	01:56:42.226		0.58067			4
2026.03.26	01:56:42.528		0.58068			4
2026.03.26	01:56:43.128		0.58067			4
2026.03.26	01:56:43.428		0.58068			4
2026.03.26	01:56:45.231		0.58067			4
2026.03.26	01:56:46.136		0.58068			4
2026.03.26	01:56:46.434		0.58067			4
2026.03.26	01:56:47.334		0.58068			4
2026.03.26	01:56:48.237		0.58067			4
2026.03.26	01:56:48.537		0.58068			4
2026.03.26	01:56:49.138		0.58067			4
2026.03.26	01:56:49.438		0.58068			4
2026.03.26	01:56:50.039		0.58067			4
2026.03.26	01:56:50.639		0.58068			4
2026.03.26	01:56:51.241		0.58067			4
2026.03.26	01:56:51.542		0.58068			4
2026.03.26	01:56:52.141		0.58067			4
2026.03.26	01:56:52.446		0.58068			4
2026.03.26	01:56:53.048		0.58067			4
2026.03.26	01:56:53.648		0.58068			4
2026.03.26	01:56:54.249		0.58067			4
2026.03.26	01:56:54.551		0.58068			4
2026.03.26	01:56:55.151		0.58067			4
2026.03.26	01:56:55.451		0.58068			4
2026.03.26	01:56:57.254		0.58067			4
2026.03.26	01:56:57.554		0.58068			4
2026.03.26	01:56:58.153		0.58067			4
2026.03.26	01:56:58.455		0.58068			4
2026.03.26	01:56:59.957		0.58067			4
2026.03.26	01:57:00.261	0.58066	0.58068			6
2026.03.26	01:57:00.557		0.58067			4
2026.03.26	01:57:00.859	0.58065				2
2026.03.26	01:57:04.165	0.58066	0.58068			6
2026.03.26	01:57:06.563	0.58065	0.58067			6
2026.03.26	01:57:07.165	0.58066				2
2026.03.26	01:57:09.567	0.58065				2
2026.03.26	01:57:11.669		0.58066			4
2026.03.26	01:57:12.271		0.58067			4
2026.03.26	01:57:12.572		0.58066			4
2026.03.26	01:57:13.175		0.58067			4
2026.03.26	01:57:13.472		0.58066			4
2026.03.26	01:57:14.075		0.58067			4
2026.03.26	01:57:15.580		0.58066			4
2026.03.26	01:57:15.881	0.58060	0.58062			6
2026.03.26	01:57:16.178	0.58059	0.58063			6
2026.03.26	01:57:17.387	0.58060	0.58064			6
2026.03.26	01:57:25.203	0.58061	0.58065			6
2026.03.26	01:57:27.009	0.58060	0.58064			6
2026.03.26	01:57:27.314	0.58061	0.58065			6
2026.03.26	01:57:30.923	0.58060	0.58064			6
2026.03.26	01:57:31.224	0.58061	0.58065			6
2026.03.26	01:57:33.023	0.58060	0.58064			6
2026.03.26	01:57:33.322	0.58061	0.58065			6
2026.03.26	01:57:35.426	0.58060	0.58064			6
2026.03.26	01:57:36.326	0.58061	0.58065			6
2026.03.26	01:57:38.437	0.58060	0.58064			6
2026.03.26	01:57:45.046	0.58059	0.58063			6
2026.03.26	01:57:46.250	0.58060	0.58064			6
2026.03.26	01:57:47.155	0.58059	0.58063			6
2026.03.26	01:57:48.353	0.58060	0.58064			6
2026.03.26	01:57:48.953	0.58059	0.58063			6
2026.03.26	01:57:52.256	0.58055	0.58059			6
2026.03.26	01:57:57.373	0.58058	0.58062			6
2026.03.26	01:58:00.078	0.58058				2
2026.03.26	01:58:03.675	0.58057	0.58061			6
2026.03.26	01:58:03.986	0.58058	0.58062			6
2026.03.26	01:58:06.984	0.58059	0.58063			6
2026.03.26	01:58:09.689	0.58058	0.58062			6
2026.03.26	01:58:10.592	0.58059	0.58063			6
2026.03.26	01:58:15.099	0.58060	0.58064			6
2026.03.26	01:58:17.209	0.58058	0.58061			6
2026.03.26	01:58:17.507	0.58057				2
2026.03.26	01:58:18.112	0.58056	0.58060			6
2026.03.26	01:58:19.319	0.58057	0.58061			6
2026.03.26	01:58:21.125	0.58056	0.58060			6
2026.03.26	01:58:40.380	0.58054	0.58058			6
2026.03.26	01:58:44.279	0.58055	0.58059			6
2026.03.26	01:58:44.578	0.58054	0.58058			6
2026.03.26	01:58:45.183	0.58055	0.58059			6
2026.03.26	01:58:45.486	0.58054	0.58058			6
2026.03.26	01:58:46.085	0.58055	0.58059			6
2026.03.26	01:58:47.592	0.58054	0.58058			6
2026.03.26	01:58:48.193	0.58053	0.58056			6
2026.03.26	01:58:48.494	0.58052				2
2026.03.26	01:58:51.200	0.58053	0.58057			6
2026.03.26	01:58:51.499	0.58052	0.58056			6
2026.03.26	01:58:52.102	0.58051	0.58055			6
2026.03.26	01:58:53.006	0.58052	0.58056			6
2026.03.26	01:58:56.620	0.58053	0.58057			6
2026.03.26	01:58:57.820	0.58052	0.58056			6
2026.03.26	01:59:00.231	0.58053	0.58057			6
2026.03.26	01:59:02.028	0.58052	0.58056			6
2026.03.26	01:59:02.329	0.58053	0.58057			6
2026.03.26	01:59:02.629	0.58052	0.58056			6
2026.03.26	01:59:03.230	0.58053	0.58057			6
2026.03.26	01:59:03.531	0.58052	0.58056			6
2026.03.26	01:59:04.131	0.58053	0.58057			6
2026.03.26	01:59:06.835	0.58052	0.58056			6
2026.03.26	01:59:07.135	0.58053	0.58057			6
2026.03.26	01:59:07.434	0.58050	0.58054			6
2026.03.26	01:59:09.541	0.58052	0.58056			6
2026.03.26	01:59:09.840	0.58054	0.58058			6
2026.03.26	01:59:10.141	0.58055	0.58059			6
2026.03.26	01:59:23.059	0.58056	0.58060			6
2026.03.26	01:59:23.662	0.58055	0.58059			6
2026.03.26	01:59:23.960	0.58054	0.58058			6
2026.03.26	01:59:24.869	0.58053	0.58057			6
2026.03.26	01:59:30.868	0.58051	0.58055			6
2026.03.26	01:59:33.271	0.58050	0.58054			6
2026.03.26	01:59:34.474	0.58049	0.58053			6
2026.03.26	01:59:44.088	0.58050	0.58054			6
2026.03.26	01:59:46.501		0.58053			4
2026.03.26	01:59:47.708	0.58047	0.58051			6
2026.03.26	01:59:48.010	0.58048	0.58052			6
2026.03.26	01:59:48.310	0.58047	0.58051			6
2026.03.26	01:59:49.215	0.58049	0.58052			6
2026.03.26	01:59:49.519	0.58048				2
2026.03.26	01:59:53.130	0.58047	0.58051			6
2026.03.26	01:59:54.339	0.58048	0.58052			6
2026.03.26	01:59:54.641	0.58047	0.58051			6
2026.03.26	01:59:55.238	0.58048	0.58052			6
2026.03.26	01:59:55.540	0.58047	0.58051			6
2026.03.26	01:59:56.145	0.58048	0.58052			6
2026.03.26	01:59:56.446	0.58047	0.58051			6
2026.03.26	01:59:57.947	0.58049	0.58052			6
2026.03.26	01:59:58.546	0.58050				2
2026.03.26	01:59:58.850	0.58049				2
2026.03.26	01:59:59.151	0.58048				2
2026.03.26	01:59:59.452	0.58049	0.58053			6
2026.03.26	02:00:00.052	0.58051	0.58055			6
2026.03.26	02:00:01.252	0.58052	0.58056			6
2026.03.26	02:00:01.554	0.58051	0.58055			6
2026.03.26	02:00:02.455	0.58052	0.58056			6
2026.03.26	02:00:03.660	0.58053	0.58057			6
2026.03.26	02:00:03.958	0.58055	0.58059			6
2026.03.26	02:00:05.160	0.58053	0.58057			6
2026.03.26	02:00:05.462	0.58052	0.58056			6
2026.03.26	02:00:05.759	0.58050	0.58054			6
2026.03.26	02:00:06.062	0.58051	0.58055			6
2026.03.26	02:00:06.365		0.58054			4
2026.03.26	02:00:07.265	0.58050				2
2026.03.26	02:00:12.075	0.58051	0.58055			6
2026.03.26	02:00:14.478	0.58050	0.58054			6
2026.03.26	02:00:21.398	0.58054	0.58058			6
2026.03.26	02:00:22.905	0.58056	0.58060			6
2026.03.26	02:00:24.404	0.58054	0.58058			6
2026.03.26	02:00:28.305	0.58055	0.58059			6
2026.03.26	02:00:29.503	0.58054	0.58058			6
2026.03.26	02:00:30.705	0.58055	0.58059			6
2026.03.26	02:00:31.609	0.58056	0.58060			6
2026.03.26	02:00:33.420	0.58055	0.58059			6
2026.03.26	02:00:38.827	0.58056	0.58060			6
2026.03.26	02:00:41.530	0.58055	0.58059			6
2026.03.26	02:00:49.343	0.58056	0.58060			6
2026.03.26	02:00:49.640	0.58055	0.58059			6
2026.03.26	02:00:51.445	0.58054	0.58058			6
2026.03.26	02:01:00.157	0.58054				2
2026.03.26	02:01:07.666	0.58053	0.58057			6
2026.03.26	02:01:07.963	0.58054	0.58058			6
2026.03.26	02:01:09.165	0.58053	0.58056			6
2026.03.26	02:01:09.467		0.58057			4
2026.03.26	02:01:10.671	0.58052	0.58056			6
2026.03.26	02:01:10.969	0.58051	0.58055			6
2026.03.26	02:01:23.611	0.58052	0.58056			6
2026.03.26	02:01:34.739	0.58051	0.58055			6
2026.03.26	02:01:36.539	0.58050	0.58054			6
2026.03.26	02:01:37.441	0.58051	0.58055			6
2026.03.26	02:01:38.038	0.58049	0.58053			6
2026.03.26	02:01:46.763	0.58047	0.58051			6
2026.03.26	02:01:48.562	0.58046	0.58050			6
2026.03.26	02:01:55.466	0.58047	0.58051			6
2026.03.26	02:02:00.281	0.58047	0.58050			6
2026.03.26	02:02:00.581	0.58048	0.58051			6
2026.03.26	02:02:01.476	0.58047	0.58050			6
2026.03.26	02:02:04.479	0.58049	0.58052			6
2026.03.26	02:02:08.089	0.58050	0.58053			6
2026.03.26	02:02:12.895	0.58049	0.58052			6
2026.03.26	02:02:13.496	0.58050	0.58053			6
2026.03.26	02:02:14.700	0.58049	0.58052			6
2026.03.26	02:02:16.500	0.58050	0.58053			6
2026.03.26	02:02:18.004	0.58049	0.58052			6
2026.03.26	02:02:18.306	0.58050	0.58053			6
2026.03.26	02:02:22.521	0.58049	0.58052			6
2026.03.26	02:02:22.813	0.58047	0.58050			6
2026.03.26	02:02:34.538	0.58046	0.58049			6
2026.03.26	02:02:35.435	0.58045	0.58048			6
2026.03.26	02:02:41.144	0.58046				2
2026.03.26	02:02:45.657	0.58045	0.58047			6
2026.03.26	02:02:46.855	0.58044	0.58046			6
2026.03.26	02:02:52.261	0.58045	0.58047			6
2026.03.26	02:02:53.163	0.58046	0.58048			6
2026.03.26	02:02:54.363	0.58050	0.58052			6
2026.03.26	02:02:55.266		0.58054			4
2026.03.26	02:02:59.178		0.58053			4
2026.03.26	02:03:00.074	0.58050				2
2026.03.26	02:03:01.573	0.58052	0.58055			6
2026.03.26	02:03:02.175	0.58053	0.58056			6
2026.03.26	02:03:02.473	0.58054	0.58058			6
2026.03.26	02:03:04.581	0.58056	0.58060			6
2026.03.26	02:03:09.394	0.58055	0.58059			6
2026.03.26	02:03:18.423	0.58056				2
2026.03.26	02:03:22.030	0.58057	0.58060			6
2026.03.26	02:03:23.233	0.58056	0.58059			6
2026.03.26	02:03:25.934	0.58057	0.58060			6
2026.03.26	02:03:26.536	0.58056	0.58059			6
2026.03.26	02:03:28.642	0.58057	0.58060			6
2026.03.26	02:03:28.942	0.58056	0.58059			6
2026.03.26	02:03:29.544	0.58057	0.58060			6
2026.03.26	02:03:34.053	0.58056	0.58059			6
2026.03.26	02:03:38.259	0.58055	0.58058			6
2026.03.26	02:03:39.462	0.58053	0.58056			6
2026.03.26	02:03:40.359	0.58054	0.58057			6
2026.03.26	02:03:40.963	0.58055	0.58058			6
2026.03.26	02:03:41.260	0.58054				2
2026.03.26	02:03:44.127		0.58057			4
2026.03.26	02:03:48.633	0.58055	0.58058			6
2026.03.26	02:03:51.336	0.58054	0.58057			6
2026.03.26	02:03:54.945	0.58055	0.58058			6
2026.03.26	02:03:57.349	0.58053	0.58056			6
2026.03.26	02:04:00.052	0.58053				2
2026.03.26	02:04:01.553	0.58054	0.58057			6
2026.03.26	02:04:02.155	0.58053	0.58056			6
2026.03.26	02:04:03.356	0.58051	0.58054			6
2026.03.26	02:04:09.365	0.58050	0.58053			6
2026.03.26	02:04:16.275	0.58051	0.58054			6
2026.03.26	02:04:23.189		0.58053			4
2026.03.26	02:04:25.899	0.58050	0.58052			6
2026.03.26	02:04:28.009	0.58051	0.58053			6
2026.03.26	02:04:30.114	0.58050	0.58052			6
2026.03.26	02:04:30.413	0.58048	0.58050			6
2026.03.26	02:04:31.314	0.58047				2
2026.03.26	02:04:32.815	0.58046	0.58049			6
2026.03.26	02:04:34.018	0.58045	0.58048			6
2026.03.26	02:04:35.521	0.58042	0.58045			6
2026.03.26	02:04:36.120	0.58041				2
2026.03.26	02:04:37.321	0.58042	0.58046			6
2026.03.26	02:04:37.921	0.58043	0.58047			6
2026.03.26	02:04:39.422	0.58044	0.58048			6
2026.03.26	02:04:42.435	0.58043	0.58047			6
2026.03.26	02:04:43.036	0.58042	0.58046			6
2026.03.26	02:04:43.336	0.58043	0.58047			6
2026.03.26	02:04:48.834	0.58044	0.58048			6
2026.03.26	02:04:50.037	0.58043	0.58047			6
2026.03.26	02:04:50.337	0.58044				2
2026.03.26	02:04:52.144		0.58048			4
2026.03.26	02:04:52.745	0.58042	0.58046			6
2026.03.26	02:04:53.347	0.58043	0.58047			6
2026.03.26	02:04:58.457	0.58041	0.58045			6
2026.03.26	02:05:00.259	0.58041				2
2026.03.26	02:05:02.359	0.58040	0.58044			6
2026.03.26	02:05:03.259	0.58039	0.58043			6
2026.03.26	02:05:04.761	0.58040	0.58044			6
2026.03.26	02:05:08.664	0.58038	0.58042			6
2026.03.26	02:05:08.969	0.58037	0.58041			6
2026.03.26	02:05:09.266	0.58036	0.58040			6
2026.03.26	02:05:10.168	0.58037				2
2026.03.26	02:05:10.469		0.58041			4
2026.03.26	02:05:13.173	0.58036	0.58040			6
2026.03.26	02:05:15.575	0.58037	0.58041			6
2026.03.26	02:05:15.875	0.58036	0.58040			6
2026.03.26	02:05:17.377	0.58037	0.58041			6
2026.03.26	02:05:17.676	0.58038	0.58042			6
2026.03.26	02:05:17.977	0.58037	0.58041			6
2026.03.26	02:05:18.878	0.58036	0.58040			6
2026.03.26	02:05:20.078	0.58037	0.58041			6
2026.03.26	02:05:20.378		0.58040			4
2026.03.26	02:05:23.386		0.58041			4
2026.03.26	02:05:23.687	0.58038	0.58042			6
2026.03.26	02:05:24.288	0.58039	0.58043			6
2026.03.26	02:05:26.694	0.58040	0.58044			6
2026.03.26	02:05:28.195	0.58041	0.58045			6
2026.03.26	02:05:30.897	0.58040	0.58044			6
2026.03.26	02:05:35.647	0.58039	0.58043			6
2026.03.26	02:05:36.848	0.58038	0.58042			6
2026.03.26	02:05:37.147	0.58037	0.58041			6
2026.03.26	02:05:40.450	0.58039	0.58043			6
2026.03.26	02:05:43.753	0.58040	0.58044			6
2026.03.26	02:05:45.554	0.58039	0.58043			6
2026.03.26	02:05:55.162	0.58040				2
2026.03.26	02:05:55.461	0.58041	0.58045			6
2026.03.26	02:05:56.661	0.58040	0.58044			6
2026.03.26	02:05:57.863	0.58038	0.58042			6
2026.03.26	02:05:59.063	0.58039	0.58043			6
2026.03.26	02:06:00.265	0.58039	0.58042			6
2026.03.26	02:06:00.565		0.58043			4
2026.03.26	02:06:06.573		0.58042			4
2026.03.26	02:06:07.773		0.58043			4
2026.03.26	02:06:25.198		0.58042			4
2026.03.26	02:06:28.803	0.58040				2
2026.03.26	02:06:29.103	0.58042	0.58045			6
2026.03.26	02:06:30.003	0.58040	0.58043			6
2026.03.26	02:06:30.303	0.58039				2
2026.03.26	02:06:32.109	0.58040	0.58044			6
2026.03.26	02:06:32.409		0.58043			4
2026.03.26	02:06:39.631	0.58039	0.58042			6
2026.03.26	02:06:39.932	0.58042	0.58045			6
2026.03.26	02:06:41.132		0.58046			4
2026.03.26	02:06:42.333		0.58045			4
2026.03.26	02:06:46.540	0.58043				2
2026.03.26	02:06:46.840	0.58044	0.58047			6
2026.03.26	02:06:54.649	0.58043	0.58046			6
2026.03.26	02:06:58.553	0.58044	0.58047			6
2026.03.26	02:07:00.054	0.58044				2
2026.03.26	02:07:04.858	0.58045	0.58048			6
2026.03.26	02:07:06.059	0.58046	0.58049			6
2026.03.26	02:07:10.862	0.58050	0.58053			6
2026.03.26	02:07:11.163	0.58052	0.58055			6
2026.03.26	02:07:12.366		0.58056			4
2026.03.26	02:07:16.585	0.58051	0.58055			6
2026.03.26	02:07:25.612	0.58050	0.58054			6
2026.03.26	02:07:28.321		0.58053			4
2026.03.26	02:07:31.623	0.58049				2
2026.03.26	02:07:46.346		0.58052			4
2026.03.26	02:07:49.050	0.58047	0.58050			6
2026.03.26	02:07:50.251	0.58046				2
2026.03.26	02:07:55.356	0.58047				2
2026.03.26	02:08:00.158	0.58047				2
2026.03.26	02:08:01.060	0.58049	0.58052			6
2026.03.26	02:08:02.260	0.58046	0.58050			6
2026.03.26	02:08:04.062	0.58047	0.58051			6
2026.03.26	02:08:04.362		0.58050			4
2026.03.26	02:08:05.262	0.58049	0.58053			6
2026.03.26	02:08:18.202	0.58047	0.58051			6
2026.03.26	02:08:20.306		0.58050			4
2026.03.26	02:08:39.550	0.58049	0.58052			6
2026.03.26	02:08:39.851	0.58050	0.58053			6
2026.03.26	02:08:47.064	0.58051	0.58054			6
2026.03.26	02:08:55.176		0.58053			4
2026.03.26	02:08:59.984	0.58052	0.58054			6
2026.03.26	02:09:00.285	0.58052				2
2026.03.26	02:09:04.196	0.58050	0.58052			6
2026.03.26	02:09:12.013	0.58047	0.58049			6
2026.03.26	02:09:12.316	0.58048	0.58050			6
2026.03.26	02:09:13.217	0.58047				2
2026.03.26	02:09:15.323		0.58049			4
2026.03.26	02:09:27.348	0.58048	0.58050			6
2026.03.26	02:09:27.948	0.58047	0.58049			6
2026.03.26	02:09:28.849	0.58048	0.58050			6
2026.03.26	02:09:29.751	0.58047	0.58049			6
2026.03.26	02:09:30.952	0.58046	0.58048			6
2026.03.26	02:09:31.253	0.58042	0.58044			6
2026.03.26	02:09:32.154	0.58041	0.58045			6
2026.03.26	02:09:32.454	0.58040	0.58044			6
2026.03.26	02:09:39.661	0.58041	0.58045			6
2026.03.26	02:09:46.276		0.58044			4
2026.03.26	02:09:59.228	0.58042				2
2026.03.26	02:10:00.129	0.58042				2
2026.03.26	02:10:00.729		0.58043			4
2026.03.26	02:10:01.029	0.58041				2
2026.03.26	02:10:03.131	0.58042				2
2026.03.26	02:10:03.732		0.58044			4
2026.03.26	02:10:14.252		0.58043			4
2026.03.26	02:10:21.762		0.58044			4
2026.03.26	02:10:22.363	0.58041	0.58043			6
2026.03.26	02:10:25.968	0.58039	0.58041			6
2026.03.26	02:10:26.269	0.58041	0.58042			6
2026.03.26	02:10:37.682	0.58040				2
2026.03.26	02:10:37.981	0.58041				2
2026.03.26	02:10:39.788	0.58040				2
2026.03.26	02:10:41.290	0.58042	0.58043			6
2026.03.26	02:10:41.592	0.58041	0.58042			6
2026.03.26	02:10:50.013	0.58040				2
2026.03.26	02:10:55.121		0.58041			4
2026.03.26	02:11:00.232	0.58040				2
2026.03.26	02:11:01.134	0.58038	0.58040			6
2026.03.26	02:11:04.736		0.58039			4
2026.03.26	02:11:05.637		0.58040			4
2026.03.26	02:11:07.439		0.58039			4
2026.03.26	02:11:07.740		0.58040			4
2026.03.26	02:11:08.341		0.58039			4
2026.03.26	02:11:12.548	0.58039	0.58041			6
2026.03.26	02:11:12.848	0.58038	0.58040			6
2026.03.26	02:11:13.148		0.58039			4
2026.03.26	02:11:14.049	0.58039	0.58041			6
2026.03.26	02:11:16.750		0.58040			4
2026.03.26	02:11:17.351	0.58038				2
2026.03.26	02:11:17.652		0.58039			4
2026.03.26	02:11:26.661		0.58040			4
2026.03.26	02:11:27.561	0.58039	0.58041			6
2026.03.26	02:11:27.862	0.58038	0.58040			6
2026.03.26	02:11:28.462	0.58039	0.58041			6
2026.03.26	02:11:28.762		0.58040			4
2026.03.26	02:11:29.062	0.58040	0.58042			6
2026.03.26	02:11:29.363	0.58041				2
2026.03.26	02:11:29.662		0.58043			4
2026.03.26	02:11:34.168		0.58042			4
2026.03.26	02:11:34.768		0.58043			4
2026.03.26	02:11:37.778	0.58043	0.58044			6
2026.03.26	02:11:39.283		0.58045			4
2026.03.26	02:11:45.005	0.58042	0.58044			6
2026.03.26	02:11:48.618	0.58045	0.58047			6
2026.03.26	02:11:49.519		0.58046			4
2026.03.26	02:11:49.819	0.58044				2
2026.03.26	02:11:53.123	0.58045				2
2026.03.26	02:11:56.129	0.58041	0.58043			6
2026.03.26	02:12:00.036	0.58041				2
2026.03.26	02:12:00.636	0.58042	0.58044			6
2026.03.26	02:12:04.843	0.58043	0.58045			6
2026.03.26	02:12:07.849	0.58042	0.58044			6
2026.03.26	02:12:11.155	0.58043				2
2026.03.26	02:12:11.757		0.58045			4
2026.03.26	02:12:12.057		0.58044			4
2026.03.26	02:12:12.959		0.58045			4
2026.03.26	02:12:14.764		0.58044			4
2026.03.26	02:12:18.974		0.58045			4
2026.03.26	02:12:19.273		0.58044			4
2026.03.26	02:12:35.826	0.58047	0.58048			6
2026.03.26	02:12:36.126	0.58046				2
2026.03.26	02:12:36.427	0.58047				2
2026.03.26	02:12:37.332	0.58046				2
2026.03.26	02:12:38.233	0.58045	0.58047			6
2026.03.26	02:12:39.437	0.58044	0.58046			6
2026.03.26	02:12:40.639	0.58046	0.58048			6
2026.03.26	02:12:59.864	0.58045	0.58047			6
2026.03.26	02:13:00.163	0.58045				2
2026.03.26	02:13:00.464	0.58044	0.58045			6
2026.03.26	02:13:05.270		0.58046			4
2026.03.26	02:13:05.871		0.58045			4
2026.03.26	02:13:06.172	0.58043				2
2026.03.26	02:13:06.472		0.58044			4
2026.03.26	02:13:10.075		0.58045			4
2026.03.26	02:13:20.599	0.58044	0.58046			6
2026.03.26	02:13:20.899	0.58046	0.58047			6
2026.03.26	02:13:21.801	0.58043	0.58045			6
2026.03.26	02:13:23.303	0.58042				2
2026.03.26	02:13:26.312	0.58043				2
2026.03.26	02:13:33.826	0.58042	0.58044			6
2026.03.26	02:13:37.439	0.58043	0.58045			6
2026.03.26	02:13:40.142	0.58045	0.58047			6
2026.03.26	02:13:42.548	0.58044	0.58046			6
2026.03.26	02:13:45.251	0.58045	0.58047			6
2026.03.26	02:13:46.753	0.58044	0.58046			6
2026.03.26	02:13:47.355	0.58045	0.58047			6
2026.03.26	02:13:47.655	0.58043	0.58045			6
2026.03.26	02:13:49.156	0.58042				2
2026.03.26	02:13:53.362	0.58043				2
2026.03.26	02:14:00.270	0.58043				2
2026.03.26	02:14:13.200	0.58041	0.58043			6
2026.03.26	02:14:15.904	0.58042	0.58044			6
2026.03.26	02:14:25.828	0.58041	0.58043			6
2026.03.26	02:14:29.736	0.58042	0.58044			6
2026.03.26	02:14:30.936	0.58043	0.58045			6
2026.03.26	02:14:31.236	0.58042				2
2026.03.26	02:14:33.341		0.58044			4
2026.03.26	02:14:34.544	0.58044	0.58046			6
2026.03.26	02:14:35.145	0.58043	0.58045			6
2026.03.26	02:14:36.951	0.58044	0.58046			6
2026.03.26	02:14:38.153	0.58043	0.58045			6
2026.03.26	02:14:43.258	0.58042	0.58044			6
2026.03.26	02:14:52.874	0.58043				2
2026.03.26	02:14:53.175		0.58045			4
2026.03.26	02:14:53.781		0.58044			4
2026.03.26	02:14:56.490		0.58045			4
2026.03.26	02:15:00.100	0.58043				2
2026.03.26	02:15:03.411	0.58045	0.58047			6
2026.03.26	02:15:12.433	0.58046				2
2026.03.26	02:15:13.033	0.58045				2
2026.03.26	02:15:14.535	0.58046	0.58048			6
2026.03.26	02:15:16.039		0.58047			4
2026.03.26	02:15:25.949	0.58045				2
2026.03.26	02:15:41.571	0.58047	0.58048			6
2026.03.26	02:15:43.073		0.58049			4
2026.03.26	02:15:46.983		0.58048			4
2026.03.26	02:15:47.284	0.58046	0.58047			6
2026.03.26	02:15:51.195		0.58048			4
2026.03.26	02:15:53.910	0.58047	0.58049			6
2026.03.26	02:16:00.223	0.58047				2
2026.03.26	02:16:02.924	0.58046	0.58048			6
2026.03.26	02:16:06.236	0.58047				2
2026.03.26	02:16:06.536		0.58049			4
2026.03.26	02:16:06.837		0.58048			4
2026.03.26	02:16:07.137		0.58049			4
2026.03.26	02:16:08.638		0.58048			4
2026.03.26	02:16:08.938		0.58049			4
2026.03.26	02:16:10.140		0.58048			4
2026.03.26	02:16:10.742	0.58046				2
2026.03.26	02:16:11.043		0.58047			4
2026.03.26	02:16:13.448		0.58048			4
2026.03.26	02:16:18.259	0.58044	0.58046			6
2026.03.26	02:16:18.559		0.58045			4
2026.03.26	02:16:19.460		0.58046			4
2026.03.26	02:16:22.764	0.58043	0.58045			6
2026.03.26	02:16:23.064	0.58042	0.58044			6
2026.03.26	02:16:29.685	0.58041	0.58042			6
2026.03.26	02:16:37.211	0.58040				2
2026.03.26	02:16:37.511	0.58041				2
2026.03.26	02:16:37.811		0.58043			4
2026.03.26	02:16:42.320	0.58042	0.58044			6
2026.03.26	02:16:42.619		0.58043			4
2026.03.26	02:16:50.733	0.58044	0.58046			6
2026.03.26	02:16:51.034		0.58045			4
2026.03.26	02:16:52.238	0.58043				2
2026.03.26	02:16:54.342	0.58044	0.58046			6
2026.03.26	02:16:54.645		0.58045			4
2026.03.26	02:16:55.248		0.58046			4
2026.03.26	02:16:56.749	0.58043	0.58045			6
2026.03.26	02:17:00.053	0.58043				2
2026.03.26	02:17:01.553	0.58044				2
2026.03.26	02:17:01.854		0.58046			4
2026.03.26	02:17:04.558	0.58043	0.58045			6
2026.03.26	02:17:04.857	0.58045	0.58047			6
2026.03.26	02:17:06.059	0.58044	0.58045			6
2026.03.26	02:17:06.358	0.58043				2
2026.03.26	02:17:07.859	0.58044				2
2026.03.26	02:17:09.360	0.58043				2
2026.03.26	02:17:12.364		0.58044			4
2026.03.26	02:17:14.768		0.58045			4
2026.03.26	02:17:15.067		0.58044			4
2026.03.26	02:17:18.072		0.58045			4
2026.03.26	02:17:21.079	0.58042	0.58044			6
2026.03.26	02:17:22.283		0.58043			4
2026.03.26	02:17:22.583		0.58044			4
2026.03.26	02:17:34.904	0.58040	0.58042			6
2026.03.26	02:17:40.323		0.58041			4
2026.03.26	02:17:43.625	0.58039				2
2026.03.26	02:17:43.926	0.58040	0.58042			6
2026.03.26	02:17:44.227		0.58041			4
2026.03.26	02:17:44.826		0.58042			4
2026.03.26	02:17:45.127	0.58041				2
2026.03.26	02:17:45.427	0.58040				2
2026.03.26	02:17:51.441	0.58041				2
2026.03.26	02:17:51.741		0.58043			4
2026.03.26	02:17:52.041	0.58040	0.58042			6
2026.03.26	02:17:54.447	0.58039	0.58041			6
2026.03.26	02:17:56.550	0.58040	0.58042			6
2026.03.26	02:17:59.555	0.58039	0.58041			6
2026.03.26	02:18:00.155	0.58039				2
2026.03.26	02:18:01.355	0.58038	0.58040			6
2026.03.26	02:18:05.862	0.58039	0.58041			6
2026.03.26	02:18:06.463	0.58040	0.58042			6
2026.03.26	02:18:09.465		0.58041			4
2026.03.26	02:18:09.766	0.58038	0.58040			6
2026.03.26	02:18:10.667	0.58039				2
2026.03.26	02:18:17.579		0.58041			4
2026.03.26	02:18:22.085		0.58040			4
2026.03.26	02:18:28.693	0.58041	0.58042			6
2026.03.26	02:18:28.993		0.58043			4
2026.03.26	02:18:33.205		0.58042			4
2026.03.26	02:18:33.506		0.58043			4
2026.03.26	02:18:36.815	0.58040	0.58042			6
2026.03.26	02:18:47.631	0.58041	0.58043			6
2026.03.26	02:18:50.639	0.58043	0.58045			6
2026.03.26	02:18:50.939		0.58044			4
2026.03.26	02:18:51.839		0.58045			4
2026.03.26	02:18:53.041	0.58044				2
2026.03.26	02:18:53.643	0.58043				2
2026.03.26	02:18:56.348	0.58045	0.58046			6
2026.03.26	02:18:56.649		0.58047			4
2026.03.26	02:18:56.948	0.58046	0.58048			6
2026.03.26	02:19:00.251	0.58046				2
2026.03.26	02:19:03.255	0.58044	0.58046			6
2026.03.26	02:19:03.855	0.58043	0.58045			6
2026.03.26	02:19:04.156	0.58042				2
2026.03.26	02:19:09.261	0.58043				2
2026.03.26	02:19:10.761	0.58042	0.58044			6
2026.03.26	02:19:11.361	0.58041	0.58043			6
2026.03.26	02:19:12.262	0.58040				2
2026.03.26	02:19:16.168	0.58041				2
2026.03.26	02:19:30.291	0.58040	0.58042			6
2026.03.26	02:19:36.613	0.58039	0.58041			6
2026.03.26	02:19:36.912	0.58038	0.58040			6
2026.03.26	02:19:39.620	0.58039	0.58041			6
2026.03.26	02:19:40.822	0.58038	0.58040			6
2026.03.26	02:19:45.032	0.58039	0.58041			6
2026.03.26	02:19:48.946	0.58038	0.58039			6
2026.03.26	02:19:50.748	0.58037				2
2026.03.26	02:19:54.351	0.58038				2
2026.03.26	02:19:55.854	0.58037				2
2026.03.26	02:20:00.058	0.58037				2
2026.03.26	02:20:00.360		0.58038			4
2026.03.26	02:20:02.162		0.58039			4
2026.03.26	02:20:03.665		0.58038			4
2026.03.26	02:20:03.966		0.58039			4
2026.03.26	02:20:04.266		0.58038			4
2026.03.26	02:20:14.190		0.58039			4
2026.03.26	02:20:19.907		0.58038			4
2026.03.26	02:20:21.712		0.58039			4
2026.03.26	02:20:28.632		0.58038			4
2026.03.26	02:20:34.049		0.58039			4
2026.03.26	02:20:34.950		0.58038			4
2026.03.26	02:20:35.551		0.58039			4
2026.03.26	02:20:42.457		0.58038			4
2026.03.26	02:20:43.058		0.58039			4
2026.03.26	02:20:45.459	0.58038	0.58040			6
2026.03.26	02:20:46.058	0.58040	0.58042			6
2026.03.26	02:20:49.967	0.58039	0.58040			6
2026.03.26	02:20:51.468	0.58040	0.58042			6
2026.03.26	02:20:51.768	0.58041				2
2026.03.26	02:20:52.069		0.58043			4
2026.03.26	02:20:55.074		0.58042			4
2026.03.26	02:21:00.182	0.58041				2
2026.03.26	02:21:03.192	0.58040				2
2026.03.26	02:21:04.394	0.58042	0.58043			6
2026.03.26	02:21:05.895		0.58044			4
2026.03.26	02:21:12.205		0.58043			4
2026.03.26	02:21:15.219	0.58041				2
2026.03.26	02:21:17.021		0.58042			4
2026.03.26	02:21:39.871		0.58043			4
2026.03.26	02:21:51.909	0.58042	0.58044			6
2026.03.26	02:21:56.120		0.58043			4
2026.03.26	02:21:57.930		0.58044			4
2026.03.26	02:22:00.041	0.58042				2
2026.03.26	02:22:03.648		0.58043			4
2026.03.26	02:22:04.248		0.58044			4
2026.03.26	02:22:04.549	0.58044	0.58046			6
2026.03.26	02:22:15.960	0.58045				2
2026.03.26	02:22:16.260	0.58044				2
2026.03.26	02:22:20.764	0.58045				2
2026.03.26	02:22:21.065	0.58044				2
2026.03.26	02:22:41.500	0.58045				2
2026.03.26	02:22:44.205	0.58046	0.58048			6
2026.03.26	02:22:44.506		0.58047			4
2026.03.26	02:22:46.312		0.58048			4
2026.03.26	02:22:46.913		0.58047			4
2026.03.26	02:23:00.146	0.58046				2
2026.03.26	02:23:01.348		0.58048			4
2026.03.26	02:23:03.452	0.58045	0.58046			6
2026.03.26	02:23:03.753		0.58047			4
2026.03.26	02:23:19.391	0.58047	0.58049			6
2026.03.26	02:23:21.496	0.58045	0.58047			6
2026.03.26	02:23:21.797		0.58046			4
2026.03.26	02:23:48.267		0.58047			4
2026.03.26	02:23:53.381	0.58041	0.58042			6
2026.03.26	02:23:54.282	0.58040	0.58044			6
2026.03.26	02:23:55.186		0.58043			4
2026.03.26	02:24:00.006	0.58040				2
2026.03.26	02:24:04.218	0.58039	0.58042			6
2026.03.26	02:24:10.542	0.58040	0.58043			6
2026.03.26	02:24:12.043	0.58041	0.58044			6
2026.03.26	02:24:12.343	0.58040	0.58043			6
2026.03.26	02:24:31.862	0.58041	0.58044			6
2026.03.26	02:24:40.274		0.58043			4
2026.03.26	02:24:46.297	0.58040	0.58042			6
2026.03.26	02:24:51.415	0.58034	0.58036			6
2026.03.26	02:24:52.315	0.58033	0.58037			6
2026.03.26	02:24:55.018	0.58032	0.58036			6
2026.03.26	02:25:00.123	0.58032				2
2026.03.26	02:25:00.423	0.58033	0.58037			6
2026.03.26	02:25:00.724	0.58032	0.58036			6
2026.03.26	02:25:07.045	0.58033	0.58037			6
2026.03.26	02:25:07.345	0.58034	0.58038			6
2026.03.26	02:25:15.420	0.58035				2
2026.03.26	02:25:15.722	0.58034				2
2026.03.26	02:25:17.017	0.58035	0.58039			6
2026.03.26	02:25:23.960	0.58036				2
2026.03.26	02:25:30.075	0.58035				2
2026.03.26	02:25:43.214	0.58034	0.58038			6
2026.03.26	02:25:46.195	0.58035				2
2026.03.26	02:25:50.900		0.58037			4
2026.03.26	02:25:51.201	0.58032	0.58035			6
2026.03.26	02:25:54.494	0.58033	0.58037			6
2026.03.26	02:25:54.795		0.58036			4
2026.03.26	02:26:00.213	0.58033				2
2026.03.26	02:26:24.672	0.58031	0.58034			6
2026.03.26	02:26:27.266	0.58030				2
2026.03.26	02:26:27.566	0.58031				2
2026.03.26	02:26:38.437	0.58030				2
2026.03.26	02:26:46.376		0.58032			4
2026.03.26	02:26:47.066	0.58029				2
2026.03.26	02:27:00.024	0.58029				2
2026.03.26	02:27:10.613	0.58030				2
2026.03.26	02:27:13.700	0.58033	0.58036			6
2026.03.26	02:27:15.203	0.58032				2
2026.03.26	02:27:21.535	0.58033				2
2026.03.26	02:27:21.835	0.58032				2
2026.03.26	02:27:30.372	0.58033				2
2026.03.26	02:27:31.874	0.58034	0.58037			6
2026.03.26	02:27:34.870	0.58033				2
2026.03.26	02:27:36.707	0.58034				2
2026.03.26	02:27:37.008	0.58035				2
2026.03.26	02:27:37.311	0.58037	0.58038			6
2026.03.26	02:27:37.608	0.58039	0.58042			6
2026.03.26	02:27:38.750	0.58038				2
2026.03.26	02:27:39.050	0.58037	0.58041			6
2026.03.26	02:27:42.770	0.58039	0.58042			6
2026.03.26	02:27:43.672	0.58040				2
2026.03.26	02:27:47.610	0.58039				2
2026.03.26	02:27:51.356	0.58038				2
2026.03.26	02:27:51.656	0.58039				2
2026.03.26	02:27:54.286	0.58040				2
2026.03.26	02:28:00.271	0.58040				2
2026.03.26	02:28:00.572	0.58041	0.58045			6
2026.03.26	02:28:00.872	0.58042				2
2026.03.26	02:28:01.173	0.58041				2
2026.03.26	02:28:01.773		0.58044			4
2026.03.26	02:28:02.378		0.58045			4
2026.03.26	02:28:03.279	0.58042				2
2026.03.26	02:28:03.579		0.58046			4
2026.03.26	02:28:04.188	0.58045	0.58048			6
2026.03.26	02:28:06.608	0.58046	0.58049			6
2026.03.26	02:28:16.327	0.58045				2
2026.03.26	02:28:22.420	0.58046				2
2026.03.26	02:28:27.475		0.58050			4
2026.03.26	02:28:57.096		0.58049			4
2026.03.26	02:29:00.101	0.58046				2
2026.03.26	02:29:00.402	0.58047	0.58050			6
2026.03.26	02:29:04.906	0.58050	0.58053			6
2026.03.26	02:29:05.807	0.58049	0.58052			6
2026.03.26	02:29:06.408	0.58048				2
2026.03.26	02:29:08.742	0.58045	0.58049			6
2026.03.26	02:29:22.631	0.58048	0.58052			6
2026.03.26	02:29:23.696	0.58050	0.58053			6
2026.03.26	02:29:24.597	0.58051	0.58054			6
2026.03.26	02:29:25.498	0.58050				2
2026.03.26	02:29:26.344		0.58053			4
2026.03.26	02:29:28.146	0.58048	0.58052			6
2026.03.26	02:29:28.446	0.58049				2
2026.03.26	02:29:28.747	0.58048				2
2026.03.26	02:29:29.982	0.58049	0.58053			6
2026.03.26	02:29:30.283		0.58052			4
2026.03.26	02:29:30.583	0.58048				2
2026.03.26	02:29:33.577	0.58049				2
2026.03.26	02:29:35.982	0.58048				2
2026.03.26	02:29:38.456	0.58049				2
2026.03.26	02:29:39.657	0.58048				2
2026.03.26	02:29:40.323	0.58049				2
2026.03.26	02:29:42.429	0.58048				2
2026.03.26	02:29:43.885	0.58046	0.58050			6
2026.03.26	02:29:44.485	0.58047	0.58051			6
2026.03.26	02:29:44.785	0.58046	0.58050			6
2026.03.26	02:30:00.290	0.58046				2
2026.03.26	02:30:00.590	0.58047	0.58051			6
2026.03.26	02:30:01.190	0.58049	0.58053			6
2026.03.26	02:30:01.966	0.58050	0.58054			6
2026.03.26	02:30:02.266	0.58049	0.58053			6
2026.03.26	02:30:05.167	0.58050				2
2026.03.26	02:30:06.369	0.58049				2
2026.03.26	02:30:06.969		0.58052			4
2026.03.26	02:30:07.269		0.58053			4
2026.03.26	02:30:14.242	0.58050	0.58054			6
2026.03.26	02:30:17.892	0.58049	0.58053			6
2026.03.26	02:30:18.819	0.58050	0.58054			6
2026.03.26	02:30:29.055	0.58046	0.58050			6
2026.03.26	02:30:37.835	0.58047				2
2026.03.26	02:30:40.244	0.58046				2
2026.03.26	02:30:46.585	0.58047				2
2026.03.26	02:30:56.219	0.58048				2
2026.03.26	02:30:56.520	0.58047				2
2026.03.26	02:30:58.923	0.58046	0.58049			6
2026.03.26	02:30:59.524	0.58045	0.58048			6
2026.03.26	02:31:00.128	0.58045				2
2026.03.26	02:31:05.539	0.58046	0.58049			6
2026.03.26	02:31:05.840		0.58048			4
2026.03.26	02:31:06.140	0.58045				2
2026.03.26	02:31:11.564	0.58044	0.58047			6
2026.03.26	02:31:18.173		0.58046			4
2026.03.26	02:31:22.986	0.58041	0.58043			6
2026.03.26	02:31:23.293		0.58044			4
2026.03.26	02:31:30.222	0.58042				2
2026.03.26	02:31:38.035	0.58043	0.58045			6
2026.03.26	02:31:48.550	0.58044	0.58046			6
2026.03.26	02:31:48.851	0.58043	0.58045			6
2026.03.26	02:31:50.351	0.58044	0.58046			6
2026.03.26	02:31:51.852	0.58043	0.58045			6
2026.03.26	02:31:55.155	0.58044				2
2026.03.26	02:31:56.058		0.58046			4
2026.03.26	02:31:59.660		0.58045			4
2026.03.26	02:31:59.960		0.58046			4
2026.03.26	02:32:00.260	0.58045				2
2026.03.26	02:32:01.461	0.58044				2
2026.03.26	02:32:19.800		0.58045			4
2026.03.26	02:32:20.400	0.58042	0.58044			6
2026.03.26	02:32:22.813	0.58043				2
2026.03.26	02:32:36.637		0.58045			4
2026.03.26	02:32:42.649		0.58044			4
2026.03.26	02:32:43.249	0.58044	0.58045			6
2026.03.26	02:32:55.865		0.58046			4
2026.03.26	02:32:59.472	0.58042	0.58044			6
2026.03.26	02:33:00.073	0.58042				2
2026.03.26	02:33:00.372	0.58043	0.58045			6
2026.03.26	02:33:00.972	0.58041	0.58043			6
2026.03.26	02:33:01.874	0.58042				2
2026.03.26	02:33:02.174	0.58044	0.58046			6
2026.03.26	02:33:03.376	0.58043				2
2026.03.26	02:33:04.278	0.58044				2
2026.03.26	02:33:06.980	0.58045	0.58047			6
2026.03.26	02:33:07.281	0.58044	0.58046			6
2026.03.26	02:33:08.181	0.58042	0.58044			6
2026.03.26	02:33:08.782	0.58043	0.58045			6
2026.03.26	02:33:09.385	0.58042				2
2026.03.26	02:33:18.126	0.58043				2
2026.03.26	02:33:24.433	0.58042	0.58044			6
2026.03.26	02:33:25.033	0.58043	0.58045			6
2026.03.26	02:33:28.035	0.58042	0.58044			6
2026.03.26	02:33:28.336	0.58043	0.58045			6
2026.03.26	02:33:28.936	0.58042	0.58044			6
2026.03.26	02:33:29.537	0.58043	0.58045			6
2026.03.26	02:33:34.645	0.58044	0.58046			6
2026.03.26	02:33:40.352		0.58045			4
2026.03.26	02:34:00.199	0.58044				2
2026.03.26	02:34:01.101	0.58045	0.58047			6
2026.03.26	02:34:06.503	0.58044	0.58046			6
2026.03.26	02:34:10.416	0.58042	0.58044			6
2026.03.26	02:34:19.828	0.58041	0.58042			6
2026.03.26	02:34:20.127	0.58040				2
2026.03.26	02:34:25.845		0.58041			4
2026.03.26	02:34:28.552		0.58042			4
2026.03.26	02:34:29.753	0.58036	0.58037			6
2026.03.26	02:34:30.054		0.58038			4
2026.03.26	02:34:31.258		0.58039			4
2026.03.26	02:34:32.891	0.58039	0.58043			6
2026.03.26	02:34:35.581	0.58040				2
2026.03.26	02:34:41.642		0.58044			4
2026.03.26	02:34:44.672		0.58043			4
2026.03.26	02:34:46.173		0.58044			4
2026.03.26	02:34:50.194	0.58041				2
2026.03.26	02:34:50.496		0.58045			4
2026.03.26	02:34:51.096		0.58044			4
2026.03.26	02:34:54.061		0.58045			4
2026.03.26	02:35:00.579	0.58041				2
2026.03.26	02:35:05.108	0.58043	0.58046			6
2026.03.26	02:35:15.164		0.58047			4
2026.03.26	02:35:15.463	0.58044				2
2026.03.26	02:35:23.274	0.58045				2
2026.03.26	02:35:23.576		0.58048			4
2026.03.26	02:35:24.478		0.58049			4
2026.03.26	02:35:33.062	0.58047	0.58051			6
2026.03.26	02:35:33.362	0.58046	0.58050			6
2026.03.26	02:35:36.365		0.58049			4
2026.03.26	02:35:41.177	0.58047	0.58050			6
2026.03.26	02:35:42.081	0.58046	0.58049			6
2026.03.26	02:35:42.381	0.58047	0.58050			6
2026.03.26	02:35:47.492	0.58046	0.58049			6
2026.03.26	02:35:58.920	0.58045	0.58048			6
2026.03.26	02:35:59.221		0.58047			4
2026.03.26	02:36:00.122	0.58045	0.58048			6
2026.03.26	02:36:01.923	0.58046	0.58049			6
2026.03.26	02:36:02.225	0.58047				2
2026.03.26	02:36:03.127	0.58046				2
2026.03.26	02:36:05.229	0.58047				2
2026.03.26	02:36:16.352	0.58046	0.58048			6
2026.03.26	02:36:29.268	0.58045	0.58047			6
2026.03.26	02:36:40.688	0.58046	0.58048			6
2026.03.26	02:36:40.989	0.58045	0.58047			6
2026.03.26	02:36:41.288	0.58046	0.58048			6
2026.03.26	02:36:47.598	0.58045	0.58047			6
2026.03.26	02:36:50.606	0.58046				2
2026.03.26	02:36:54.213	0.58047	0.58048			6
2026.03.26	02:36:55.414	0.58046				2
2026.03.26	02:37:00.231	0.58046				2
2026.03.26	02:37:02.032	0.58047				2
2026.03.26	02:37:02.932		0.58049			4
2026.03.26	02:37:09.552		0.58048			4
2026.03.26	02:37:10.154		0.58049			4
2026.03.26	02:37:12.555	0.58046	0.58048			6
2026.03.26	02:37:14.957	0.58045	0.58046			6
2026.03.26	02:37:20.968		0.58047			4
2026.03.26	02:37:23.078	0.58043	0.58045			6
2026.03.26	02:37:23.974		0.58044			4
2026.03.26	02:37:24.274		0.58045			4
2026.03.26	02:37:26.080	0.58044	0.58046			6
2026.03.26	02:37:36.921		0.58045			4
2026.03.26	02:37:37.521	0.58043				2
2026.03.26	02:37:39.323	0.58044				2
2026.03.26	02:37:48.641	0.58042	0.58044			6
2026.03.26	02:37:54.951		0.58043			4
2026.03.26	02:37:56.753		0.58044			4
2026.03.26	02:37:58.554		0.58043			4
2026.03.26	02:37:59.758		0.58044			4
2026.03.26	02:38:00.060	0.58042				2
2026.03.26	02:38:06.371	0.58041	0.58042			6
2026.03.26	02:38:06.670		0.58043			4
2026.03.26	02:38:12.982		0.58042			4
2026.03.26	02:38:13.581	0.58040				2
2026.03.26	02:38:14.783		0.58041			4
2026.03.26	02:38:15.083		0.58042			4
2026.03.26	02:38:55.052		0.58041			4
2026.03.26	02:39:00.169	0.58040				2
2026.03.26	02:39:02.874	0.58039	0.58040			6
2026.03.26	02:39:03.474		0.58041			4
2026.03.26	02:39:14.294	0.58040				2
2026.03.26	02:39:14.595	0.58039				2
2026.03.26	02:39:17.603		0.58040			4
2026.03.26	02:39:18.809	0.58040	0.58041			6
2026.03.26	02:39:22.113	0.58039	0.58040			6
2026.03.26	02:39:22.414		0.58041			4
2026.03.26	02:39:24.218		0.58040			4
2026.03.26	02:39:28.423		0.58041			4
2026.03.26	02:39:36.842		0.58040			4
2026.03.26	02:39:38.646		0.58041			4
2026.03.26	02:39:38.946		0.58040			4
2026.03.26	02:39:43.151		0.58041			4
2026.03.26	02:39:43.451		0.58040			4
2026.03.26	02:39:50.060	0.58038				2
2026.03.26	02:39:50.962	0.58039	0.58041			6
2026.03.26	02:39:53.364		0.58040			4
2026.03.26	02:39:54.868	0.58038				2
2026.03.26	02:40:00.274	0.58038				2
2026.03.26	02:40:00.878	0.58039				2
2026.03.26	02:40:01.177		0.58041			4
2026.03.26	02:40:05.391		0.58040			4
2026.03.26	02:40:05.691		0.58041			4
2026.03.26	02:40:08.094		0.58040			4
2026.03.26	02:40:08.998		0.58041			4
2026.03.26	02:40:09.600		0.58040			4
2026.03.26	02:40:13.206		0.58041			4
2026.03.26	02:40:14.409		0.58040			4
2026.03.26	02:40:14.712		0.58041			4
2026.03.26	02:40:16.819		0.58040			4
2026.03.26	02:40:17.119		0.58041			4
2026.03.26	02:40:18.923	0.58037	0.58039			6
2026.03.26	02:40:20.125	0.58038	0.58040			6
2026.03.26	02:40:22.227	0.58039				2
2026.03.26	02:40:23.127	0.58038				2
2026.03.26	02:40:25.229	0.58039				2
2026.03.26	02:40:28.839	0.58038				2
2026.03.26	02:40:29.141	0.58039				2
2026.03.26	02:40:30.043	0.58038				2
2026.03.26	02:40:30.344	0.58039				2
2026.03.26	02:40:53.479	0.58041	0.58042			6
2026.03.26	02:40:53.779		0.58043			4
2026.03.26	02:40:54.080		0.58042			4
2026.03.26	02:41:00.102	0.58041				2
2026.03.26	02:41:00.402		0.58043			4
2026.03.26	02:41:00.703	0.58040	0.58042			6
2026.03.26	02:41:02.505	0.58041				2
2026.03.26	02:41:03.106	0.58039	0.58041			6
2026.03.26	02:41:04.012	0.58038	0.58040			6
2026.03.26	02:41:08.521		0.58039			4
2026.03.26	02:41:08.822		0.58040			4
2026.03.26	02:41:10.624	0.58039	0.58041			6
2026.03.26	02:41:19.045	0.58038	0.58039			6
2026.03.26	02:41:19.345		0.58040			4
2026.03.26	02:41:23.252	0.58039				2
2026.03.26	02:41:31.661	0.58038				2
2026.03.26	02:41:36.168		0.58039			4
2026.03.26	02:41:36.469		0.58040			4
2026.03.26	02:41:38.872		0.58039			4
2026.03.26	02:41:40.674		0.58040			4
2026.03.26	02:41:41.275	0.58039				2
2026.03.26	02:41:41.574	0.58038				2
2026.03.26	02:41:43.077	0.58039				2
2026.03.26	02:41:43.378	0.58038				2
2026.03.26	02:41:43.978	0.58039				2
2026.03.26	02:41:49.984	0.58038				2
2026.03.26	02:41:50.586	0.58039				2
2026.03.26	02:41:54.495	0.58038				2
2026.03.26	02:41:54.795	0.58039				2
2026.03.26	02:41:56.296	0.58038				2
2026.03.26	02:41:56.900		0.58039			4
2026.03.26	02:41:57.802		0.58040			4
2026.03.26	02:42:00.216	0.58038				2
2026.03.26	02:42:01.116	0.58039				2
2026.03.26	02:42:02.317	0.58038				2
2026.03.26	02:42:06.836	0.58037	0.58038			6
2026.03.26	02:42:12.845		0.58039			4
2026.03.26	02:42:19.453	0.58036	0.58038			6
2026.03.26	02:42:31.774		0.58037			4
2026.03.26	02:42:33.576		0.58038			4
2026.03.26	02:42:35.380		0.58037			4
2026.03.26	02:42:36.283	0.58035				2
2026.03.26	02:42:40.202	0.58034	0.58035			6
2026.03.26	02:42:43.811		0.58036			4
2026.03.26	02:42:48.633	0.58033	0.58035			6
2026.03.26	02:42:51.641		0.58034			4
2026.03.26	02:42:52.840		0.58035			4
2026.03.26	02:42:56.148		0.58034			4
2026.03.26	02:43:00.053	0.58033				2
2026.03.26	02:43:00.653	0.58034	0.58036			6
2026.03.26	02:43:13.872	0.58035	0.58037			6
2026.03.26	02:43:14.474	0.58034	0.58036			6
2026.03.26	02:43:20.789	0.58035	0.58037			6
2026.03.26	02:43:31.023	0.58034	0.58036			6
2026.03.26	02:43:31.623	0.58035	0.58037			6
2026.03.26	02:43:33.724	0.58034	0.58036			6
2026.03.26	02:43:44.541	0.58033	0.58035			6
2026.03.26	02:43:47.247		0.58034			4
2026.03.26	02:43:47.548		0.58035			4
2026.03.26	02:43:48.148		0.58034			4
2026.03.26	02:43:48.449		0.58035			4
2026.03.26	02:43:48.749		0.58034			4
2026.03.26	02:43:49.049		0.58035			4
2026.03.26	02:43:55.962	0.58034	0.58036			6
2026.03.26	02:43:59.575	0.58035	0.58037			6
2026.03.26	02:44:00.180	0.58035				2
2026.03.26	02:44:01.683	0.58034	0.58036			6
2026.03.26	02:44:09.514	0.58035	0.58037			6
2026.03.26	02:44:12.219	0.58037	0.58039			6
2026.03.26	02:44:12.519	0.58036	0.58038			6
2026.03.26	02:44:13.119		0.58039			4
2026.03.26	02:44:14.321		0.58038			4
2026.03.26	02:44:24.834	0.58035	0.58036			6
2026.03.26	02:44:25.135		0.58038			4
2026.03.26	02:44:26.336		0.58037			4
2026.03.26	02:44:35.953	0.58037	0.58039			6
2026.03.26	02:44:36.255		0.58040			4
2026.03.26	02:44:37.455	0.58036	0.58039			6
2026.03.26	02:44:46.172	0.58038	0.58041			6
2026.03.26	02:44:59.403	0.58037	0.58040			6
2026.03.26	02:45:00.005	0.58037				2
2026.03.26	02:45:01.807	0.58038	0.58041			6
2026.03.26	02:45:03.607	0.58035	0.58038			6
2026.03.26	02:45:03.907	0.58034	0.58037			6
2026.03.26	02:45:04.208		0.58038			4
2026.03.26	02:45:23.443		0.58037			4
2026.03.26	02:45:24.045		0.58038			4
2026.03.26	02:45:46.312		0.58037			4
2026.03.26	02:46:00.149	0.58034				2
2026.03.26	02:46:01.649	0.58033	0.58035			6
2026.03.26	02:46:01.949		0.58036			4
2026.03.26	02:46:04.054	0.58034				2
2026.03.26	02:46:04.354	0.58035	0.58038			6
2026.03.26	02:46:07.359		0.58037			4
2026.03.26	02:46:07.660		0.58038			4
2026.03.26	02:46:09.162	0.58034	0.58037			6
2026.03.26	02:46:09.462	0.58033	0.58036			6
2026.03.26	02:46:11.266	0.58032				2
2026.03.26	02:46:12.466	0.58028	0.58032			6
2026.03.26	02:46:12.766	0.58029	0.58033			6
2026.03.26	02:46:15.086	0.58030				2
2026.03.26	02:46:17.003		0.58034			4
2026.03.26	02:46:17.604	0.58029	0.58033			6
2026.03.26	02:46:23.615	0.58033	0.58037			6
2026.03.26	02:46:25.717	0.58034	0.58038			6
2026.03.26	02:46:26.317		0.58037			4
2026.03.26	02:46:29.022	0.58033				2
2026.03.26	02:46:30.223	0.58034	0.58038			6
2026.03.26	02:46:35.931		0.58037			4
2026.03.26	02:46:37.436		0.58038			4
2026.03.26	02:46:39.872		0.58037			4
2026.03.26	02:46:40.472		0.58038			4
2026.03.26	02:46:40.772		0.58037			4
2026.03.26	02:46:41.072	0.58035	0.58038			6
2026.03.26	02:46:44.077	0.58037	0.58041			6
2026.03.26	02:46:44.377	0.58038	0.58042			6
2026.03.26	02:46:47.083		0.58041			4
2026.03.26	02:46:48.290	0.58037				2
2026.03.26	02:46:50.696	0.58039				2
2026.03.26	02:46:50.995		0.58042			4
2026.03.26	02:46:54.006	0.58044	0.58048			6
2026.03.26	02:47:00.111	0.58044				2
2026.03.26	02:47:03.490	0.58045				2
2026.03.26	02:47:03.791	0.58047				2
2026.03.26	02:47:04.091		0.58051			4
2026.03.26	02:47:09.150	0.58046	0.58050			6
2026.03.26	02:47:10.999	0.58044	0.58047			6
2026.03.26	02:47:11.596		0.58048			4
2026.03.26	02:47:11.895		0.58047			4
2026.03.26	02:47:12.765		0.58048			4
2026.03.26	02:47:14.268	0.58045				2
2026.03.26	02:47:14.869		0.58049			4
2026.03.26	02:47:15.666	0.58046				2
2026.03.26	02:47:30.683		0.58050			4
2026.03.26	02:47:36.043		0.58049			4
2026.03.26	02:47:43.161	0.58044	0.58048			6
2026.03.26	02:47:50.373	0.58045	0.58049			6
2026.03.26	02:47:51.874		0.58048			4
2026.03.26	02:47:53.078	0.58044				2
2026.03.26	02:47:53.378	0.58045				2
2026.03.26	02:47:56.682		0.58049			4
2026.03.26	02:48:00.295	0.58045				2
2026.03.26	02:48:15.324	0.58044	0.58048			6
2026.03.26	02:48:16.702	0.58039	0.58043			6
2026.03.26	02:48:18.204		0.58042			4
2026.03.26	02:48:20.010	0.58038				2
2026.03.26	02:48:22.717	0.58039	0.58043			6
2026.03.26	02:48:26.626	0.58040				2
2026.03.26	02:48:39.520	0.58038	0.58042			6
2026.03.26	02:48:41.324	0.58035	0.58039			6
2026.03.26	02:48:46.671		0.58038			4
2026.03.26	02:48:48.173	0.58038	0.58042			6
2026.03.26	02:48:49.075	0.58039	0.58043			6
2026.03.26	02:48:50.276		0.58042			4
2026.03.26	02:48:50.877	0.58038				2
2026.03.26	02:48:51.180	0.58039				2
2026.03.26	02:48:51.480	0.58040	0.58044			6
2026.03.26	02:48:55.220		0.58043			4
2026.03.26	02:48:56.723		0.58044			4
2026.03.26	02:48:57.508	0.58042	0.58046			6
2026.03.26	02:48:57.808		0.58045			4
2026.03.26	02:48:59.315	0.58041				2
2026.03.26	02:49:00.326	0.58041				2
2026.03.26	02:49:05.035	0.58042	0.58046			6
2026.03.26	02:49:05.336		0.58045			4
2026.03.26	02:49:09.295	0.58040	0.58044			6
2026.03.26	02:49:17.139	0.58041	0.58045			6
2026.03.26	02:49:18.755		0.58044			4
2026.03.26	02:49:20.556		0.58045			4
2026.03.26	02:49:33.485	0.58040	0.58044			6
2026.03.26	02:49:40.402	0.58041	0.58045			6
2026.03.26	02:49:41.043	0.58040	0.58044			6
2026.03.26	02:50:00.276	0.58040				2
2026.03.26	02:50:03.283		0.58043			4
2026.03.26	02:50:04.185		0.58044			4
2026.03.26	02:50:05.389	0.58041				2
2026.03.26	02:50:06.290	0.58040				2
2026.03.26	02:50:07.190	0.58041				2
2026.03.26	02:50:24.945	0.58042	0.58045			6
2026.03.26	02:50:39.371	0.58041	0.58044			6
2026.03.26	02:50:39.670	0.58037	0.58040			6
2026.03.26	02:50:40.271	0.58036				2
2026.03.26	02:50:50.191		0.58039			4
2026.03.26	02:50:50.492	0.58034	0.58038			6
2026.03.26	02:50:58.012	0.58033	0.58037			6
2026.03.26	02:51:00.119	0.58033				2
2026.03.26	02:51:01.320	0.58032	0.58036			6
2026.03.26	02:51:06.728	0.58033	0.58037			6
2026.03.26	02:51:29.566	0.58034	0.58038			6
2026.03.26	02:51:31.368	0.58033	0.58036			6
2026.03.26	02:51:32.269		0.58037			4
2026.03.26	02:51:33.470	0.58034	0.58038			6
2026.03.26	02:51:40.387	0.58035				2
2026.03.26	02:51:40.989	0.58036	0.58039			6
2026.03.26	02:51:41.289	0.58032	0.58036			6
2026.03.26	02:51:41.589	0.58033	0.58037			6
2026.03.26	02:51:55.714	0.58035	0.58038			6
2026.03.26	02:51:56.014	0.58036	0.58040			6
2026.03.26	02:51:59.321	0.58037	0.58041			6
2026.03.26	02:52:00.221	0.58037				2
2026.03.26	02:52:07.731	0.58038	0.58042			6
2026.03.26	02:52:15.103		0.58041			4
2026.03.26	02:52:19.909	0.58041	0.58042			6
2026.03.26	02:52:20.813	0.58038	0.58041			6
2026.03.26	02:52:25.626	0.58036	0.58039			6
2026.03.26	02:52:28.040	0.58037	0.58040			6
2026.03.26	02:52:28.340	0.58036	0.58039			6
2026.03.26	02:52:34.953	0.58037	0.58040			6
2026.03.26	02:52:36.156	0.58036	0.58039			6
2026.03.26	02:52:40.065	0.58037	0.58040			6
2026.03.26	02:52:45.180	0.58039	0.58041			6
2026.03.26	02:52:45.481		0.58042			4
2026.03.26	02:52:46.081	0.58040				2
2026.03.26	02:52:46.381	0.58041	0.58044			6
2026.03.26	02:52:46.985	0.58042	0.58045			6
2026.03.26	02:52:47.285		0.58046			4
2026.03.26	02:52:50.292	0.58041	0.58045			6
2026.03.26	02:52:54.208	0.58044	0.58047			6
2026.03.26	02:52:57.019		0.58048			4
2026.03.26	02:52:59.890	0.58046	0.58050			6
2026.03.26	02:53:00.190	0.58046				2
2026.03.26	02:53:00.793	0.58047	0.58051			6
2026.03.26	02:53:05.599	0.58046	0.58049			6
2026.03.26	02:53:10.106		0.58050			4
2026.03.26	02:53:10.409	0.58047				2
2026.03.26	02:53:11.312		0.58051			4
2026.03.26	02:53:14.115		0.58050			4
2026.03.26	02:53:15.317		0.58051			4
2026.03.26	02:53:22.233		0.58050			4
2026.03.26	02:53:32.149	0.58048	0.58051			6
2026.03.26	02:53:32.449	0.58047	0.58050			6
2026.03.26	02:53:32.749	0.58048	0.58051			6
2026.03.26	02:53:51.372		0.58050			4
2026.03.26	02:53:56.487	0.58047	0.58049			6
2026.03.26	02:53:58.291		0.58050			4
2026.03.26	02:54:00.094	0.58047				2
2026.03.26	02:54:00.697	0.58048	0.58051			6
2026.03.26	02:54:05.509	0.58047	0.58050			6
2026.03.26	02:54:10.318		0.58049			4
2026.03.26	02:54:11.219	0.58046				2
2026.03.26	02:54:15.131	0.58047				2
2026.03.26	02:54:19.036	0.58048	0.58050			6
2026.03.26	02:54:19.337	0.58047	0.58049			6
2026.03.26	02:54:43.671	0.58048	0.58050			6
2026.03.26	02:54:43.969	0.58046	0.58048			6
2026.03.26	02:54:45.768	0.58047	0.58049			6
2026.03.26	02:54:49.678	0.58046	0.58048			6
2026.03.26	02:54:52.683	0.58047	0.58049			6
2026.03.26	02:54:52.986	0.58046	0.58048			6
2026.03.26	02:54:58.399	0.58047				2
2026.03.26	02:55:00.207	0.58047				2
2026.03.26	02:55:01.106	0.58046				2
2026.03.26	02:55:01.709		0.58047			4
2026.03.26	02:55:02.009		0.58048			4
2026.03.26	02:55:02.610	0.58043	0.58045			6
2026.03.26	02:55:02.909	0.58041	0.58043			6
2026.03.26	02:55:04.117		0.58044			4
2026.03.26	02:55:09.527	0.58040	0.58043			6
2026.03.26	02:55:12.825	0.58039	0.58042			6
2026.03.26	02:55:14.033	0.58040	0.58043			6
2026.03.26	02:55:14.635	0.58041	0.58044			6
2026.03.26	02:55:18.845	0.58039	0.58042			6
2026.03.26	02:55:21.847	0.58040				2
2026.03.26	02:55:22.446	0.58039				2
2026.03.26	02:55:27.856	0.58038	0.58041			6
2026.03.26	02:55:34.162	0.58039	0.58042			6
2026.03.26	02:55:35.364	0.58038	0.58041			6
2026.03.26	02:55:38.369	0.58039				2
2026.03.26	02:55:39.870	0.58038	0.58040			6
2026.03.26	02:55:41.374	0.58039	0.58041			6
2026.03.26	02:55:45.573	0.58038	0.58040			6
2026.03.26	02:55:54.907	0.58040	0.58042			6
2026.03.26	02:55:56.110		0.58043			4
2026.03.26	02:55:57.618	0.58041	0.58044			6
2026.03.26	02:56:00.030	0.58041				2
2026.03.26	02:56:02.133	0.58042				2
2026.03.26	02:56:03.333		0.58045			4
2026.03.26	02:56:05.144		0.58044			4
2026.03.26	02:56:13.256	0.58043	0.58045			6
2026.03.26	02:56:15.055	0.58044	0.58046			6
2026.03.26	02:56:18.364	0.58045	0.58047			6
2026.03.26	02:56:20.768	0.58047	0.58049			6
2026.03.26	02:56:21.368	0.58046				2
2026.03.26	02:56:23.170	0.58047				2
2026.03.26	02:56:37.287	0.58048	0.58050			6
2026.03.26	02:56:43.003	0.58051	0.58053			6
2026.03.26	02:56:44.206		0.58054			4
2026.03.26	02:56:52.327	0.58052				2
2026.03.26	02:57:00.151	0.58052				2
2026.03.26	02:57:01.352	0.58054	0.58056			6
2026.03.26	02:57:01.649	0.58053	0.58055			6
2026.03.26	02:57:10.362	0.58056	0.58058			6
2026.03.26	02:57:13.360	0.58057	0.58059			6
2026.03.26	02:57:20.882	0.58056	0.58058			6
2026.03.26	02:57:25.998	0.58057	0.58059			6
2026.03.26	02:57:29.609	0.58056	0.58058			6
2026.03.26	02:57:30.513	0.58055	0.58057			6
2026.03.26	02:57:31.413	0.58056	0.58058			6
2026.03.26	02:57:32.019	0.58055	0.58057			6
2026.03.26	02:57:32.919	0.58053	0.58055			6
2026.03.26	02:57:33.219		0.58056			4
2026.03.26	02:57:34.423		0.58055			4
2026.03.26	02:57:34.723	0.58054	0.58056			6
2026.03.26	02:57:35.025	0.58055	0.58057			6
2026.03.26	02:57:35.325	0.58054	0.58056			6
2026.03.26	02:57:35.928	0.58055	0.58057			6
2026.03.26	02:57:37.737	0.58056	0.58058			6
2026.03.26	02:57:38.034	0.58055	0.58057			6
2026.03.26	02:57:41.345	0.58056	0.58058			6
2026.03.26	02:57:41.643	0.58057	0.58059			6
2026.03.26	02:57:44.052	0.58056	0.58058			6
2026.03.26	02:57:44.957	0.58057	0.58059			6
2026.03.26	02:57:46.158	0.58056	0.58058			6
2026.03.26	02:57:56.676	0.58055	0.58057			6
2026.03.26	02:58:00.292	0.58055				2
2026.03.26	02:58:00.588	0.58056	0.58058			6
2026.03.26	02:58:03.904	0.58055	0.58056			6
2026.03.26	02:58:04.800	0.58054				2
2026.03.26	02:58:06.603	0.58055	0.58057			6
2026.03.26	02:58:07.507	0.58054	0.58056			6
2026.03.26	02:58:07.805	0.58055	0.58057			6
2026.03.26	02:58:08.413	0.58054	0.58056			6
2026.03.26	02:58:10.521	0.58055	0.58057			6
2026.03.26	02:58:14.126		0.58056			4
2026.03.26	02:58:14.423		0.58057			4
2026.03.26	02:58:17.134	0.58054	0.58056			6
2026.03.26	02:58:17.731	0.58055	0.58057			6
2026.03.26	02:58:18.629	0.58054	0.58056			6
2026.03.26	02:58:24.038	0.58052	0.58054			6
2026.03.26	02:58:24.340	0.58051	0.58052			6
2026.03.26	02:58:24.640	0.58052	0.58054			6
2026.03.26	02:58:31.555		0.58053			4
2026.03.26	02:58:31.857	0.58051				2
2026.03.26	02:58:32.152		0.58052			4
2026.03.26	02:58:34.256		0.58053			4
2026.03.26	02:58:35.760		0.58052			4
2026.03.26	02:58:36.061	0.58050				2
