<DATE>	<TIME>	<BID>	<ASK>	<LAST>	<VOLUME>	<FLAGS>
2026.01.26	00:03:31.353	0.59410	0.59548			6
2026.01.26	00:04:00.023	0.59410				2
2026.01.26	00:04:15.483	0.59414	0.59552			6
2026.01.26	00:04:17.089	0.59420	0.59558			6
2026.01.26	00:05:00.287	0.59420				2
2026.01.26	00:05:02.198	0.59421	0.59559			6
2026.01.26	00:05:02.546	0.59422	0.59560			6
2026.01.26	00:05:33.116	0.59420	0.59558			6
2026.01.26	00:06:00.064	0.59420				2
2026.01.26	00:06:18.061	0.59418	0.59556			6
2026.01.26	00:06:18.363	0.59416	0.59554			6
2026.01.26	00:06:19.014	0.59411	0.59549			6
2026.01.26	00:07:00.123	0.59411				2
2026.01.26	00:07:01.078	0.59418	0.59556			6
2026.01.26	00:07:03.386	0.59416	0.59554			6
2026.01.26	00:08:00.136	0.59416				2
2026.01.26	00:08:03.656		0.59554			4
2026.01.26	00:09:00.330	0.59416				2
2026.01.26	00:09:03.847		0.59554			4
2026.01.26	00:10:00.163	0.59416				2
2026.01.26	00:10:00.512	0.59408	0.59546			6
2026.01.26	00:10:01.466	0.59416	0.59554			6
2026.01.26	00:10:32.823	0.59414	0.59552			6
2026.01.26	00:10:58.827	0.59416	0.59554			6
2026.01.26	00:11:00.133	0.59416				2
2026.01.26	00:11:11.729	0.59414	0.59552			6
2026.01.26	00:11:14.036	0.59398	0.59536			6
2026.01.26	00:11:14.691	0.59396	0.59534			6
2026.01.26	00:11:15.039	0.59412	0.59550			6
2026.01.26	00:11:17.902	0.59414	0.59552			6
2026.01.26	00:11:23.675	0.59412	0.59550			6
2026.01.26	00:11:35.962	0.59414	0.59552			6
2026.01.26	00:11:49.770	0.59447	0.59585			6
2026.01.26	00:11:50.074	0.59450	0.59588			6
2026.01.26	00:11:51.931	0.59458	0.59595			6
2026.01.26	00:11:56.262		0.59588			4
2026.01.26	00:11:58.423		0.59577			4
2026.01.26	00:12:00.309	0.59458				2
2026.01.26	00:12:02.168	0.59460	0.59575			6
2026.01.26	00:12:02.474	0.59461				2
2026.01.26	00:12:02.778	0.59460				2
2026.01.26	00:12:03.090	0.59466				2
2026.01.26	00:12:05.278	0.59470				2
2026.01.26	00:12:05.581	0.59461				2
2026.01.26	00:12:09.141	0.59454				2
2026.01.26	00:12:11.700	0.59452				2
2026.01.26	00:12:13.610	0.59458				2
2026.01.26	00:12:13.917	0.59478				2
2026.01.26	00:12:14.229	0.59472				2
2026.01.26	00:12:14.862	0.59468				2
2026.01.26	00:12:15.473	0.59476				2
2026.01.26	00:12:15.775	0.59478				2
2026.01.26	00:12:16.078	0.59476				2
2026.01.26	00:12:21.054	0.59505	0.59572			6
2026.01.26	00:12:21.358	0.59503				2
2026.01.26	00:12:21.677	0.59506				2
2026.01.26	00:12:21.990	0.59507				2
2026.01.26	00:12:22.914	0.59508				2
2026.01.26	00:12:23.847	0.59509				2
2026.01.26	00:12:40.865	0.59507	0.59611			6
2026.01.26	00:12:41.886	0.59511	0.59599			6
2026.01.26	00:12:42.213	0.59508	0.59595			6
2026.01.26	00:12:43.379	0.59509	0.59590			6
2026.01.26	00:12:47.646	0.59514	0.59596			6
2026.01.26	00:12:48.284	0.59508	0.59590			6
2026.01.26	00:12:55.876	0.59521	0.59603			6
2026.01.26	00:12:56.189		0.59598			4
2026.01.26	00:12:56.822	0.59523				2
2026.01.26	00:12:58.696		0.59600			4
2026.01.26	00:13:00.250	0.59523				2
2026.01.26	00:13:03.348	0.59524				2
2026.01.26	00:13:07.711		0.59598			4
2026.01.26	00:13:34.490		0.59600			4
2026.01.26	00:13:47.572	0.59527				2
2026.01.26	00:13:47.876		0.59602			4
2026.01.26	00:13:56.578		0.59604			4
2026.01.26	00:13:56.882	0.59532	0.59611			6
2026.01.26	00:13:57.184		0.59613			4
2026.01.26	00:13:57.817	0.59530	0.59606			6
2026.01.26	00:14:00.325	0.59530				2
2026.01.26	00:14:02.184		0.59604			4
2026.01.26	00:14:06.827	0.59532	0.59613			6
2026.01.26	00:14:07.778	0.59530	0.59604			6
2026.01.26	00:14:14.301	0.59531	0.59605			6
2026.01.26	00:14:17.747	0.59543	0.59615			6
2026.01.26	00:14:20.976	0.59547	0.59617			6
2026.01.26	00:14:22.279	0.59544				2
2026.01.26	00:14:24.177	0.59545				2
2026.01.26	00:14:25.382	0.59544	0.59620			6
2026.01.26	00:14:26.340	0.59552				2
2026.01.26	00:14:27.283	0.59544				2
2026.01.26	00:14:27.655		0.59618			4
2026.01.26	00:14:27.977	0.59545				2
2026.01.26	00:14:29.377	0.59546				2
2026.01.26	00:14:30.086		0.59620			4
2026.01.26	00:14:34.078	0.59547				2
2026.01.26	00:14:34.696	0.59546				2
2026.01.26	00:14:42.161	0.59554	0.59624			6
2026.01.26	00:14:42.777	0.59555				2
2026.01.26	00:14:43.978	0.59556				2
2026.01.26	00:14:44.293		0.59621			4
2026.01.26	00:14:45.076	0.59557				2
2026.01.26	00:14:46.379	0.59558				2
2026.01.26	00:14:47.161	0.59546	0.59622			6
2026.01.26	00:14:47.463	0.59545				2
2026.01.26	00:14:48.114		0.59625			4
2026.01.26	00:14:52.282	0.59558	0.59622			6
2026.01.26	00:14:52.676	0.59557	0.59609			6
2026.01.26	00:14:53.447		0.59610			4
2026.01.26	00:14:53.972	0.59556				2
2026.01.26	00:14:54.277		0.59595			4
2026.01.26	00:14:54.993	0.59557				2
2026.01.26	00:14:56.485	0.59543				2
2026.01.26	00:14:56.877	0.59558	0.59599			6
2026.01.26	00:14:58.078	0.59559				2
2026.01.26	00:15:00.406	0.59551	0.59596			6
2026.01.26	00:15:00.725	0.59552	0.59614			6
2026.01.26	00:15:01.178		0.59613			4
2026.01.26	00:15:02.266	0.59561	0.59614			6
2026.01.26	00:15:02.568	0.59563				2
2026.01.26	00:15:04.277	0.59564				2
2026.01.26	00:15:04.747		0.59623			4
2026.01.26	00:15:05.457	0.59565				2
2026.01.26	00:15:07.578	0.59566				2
2026.01.26	00:15:11.555	0.59567				2
2026.01.26	00:15:12.125	0.59555				2
2026.01.26	00:15:12.887	0.59556	0.59611			6
2026.01.26	00:15:13.342		0.59610			4
2026.01.26	00:15:13.977	0.59557				2
2026.01.26	00:15:15.616	0.59555	0.59611			6
2026.01.26	00:15:16.116	0.59566	0.59621			6
2026.01.26	00:15:23.078	0.59567				2
2026.01.26	00:15:24.177	0.59566				2
2026.01.26	00:15:30.442	0.59565				2
2026.01.26	00:15:53.878	0.59561	0.59611			6
2026.01.26	00:15:55.377	0.59562				2
2026.01.26	00:15:56.577	0.59561				2
2026.01.26	00:16:00.348	0.59561				2
2026.01.26	00:16:00.777	0.59562				2
2026.01.26	00:16:04.677	0.59565	0.59614			6
2026.01.26	00:16:04.981		0.59616			4
2026.01.26	00:16:06.177	0.59566				2
2026.01.26	00:16:10.078	0.59565				2
2026.01.26	00:16:11.578	0.59566				2
2026.01.26	00:16:14.278	0.59565				2
2026.01.26	00:16:23.577	0.59564				2
2026.01.26	00:16:24.861	0.59560	0.59618			6
2026.01.26	00:16:25.809		0.59619			4
2026.01.26	00:16:27.872		0.59620			4
2026.01.26	00:16:49.942	0.59550	0.59616			6
2026.01.26	00:16:52.358	0.59545	0.59601			6
2026.01.26	00:16:53.384		0.59598			4
2026.01.26	00:17:00.108	0.59545				2
2026.01.26	00:17:53.676		0.59598			4
2026.01.26	00:18:00.098	0.59545				2
2026.01.26	00:18:53.848		0.59598			4
2026.01.26	00:18:57.713	0.59544	0.59596			6
2026.01.26	00:18:58.016		0.59604			4
2026.01.26	00:19:00.274	0.59544				2
2026.01.26	00:19:47.941		0.59603			4
2026.01.26	00:20:00.188	0.59548				2
2026.01.26	00:20:30.407	0.59549				2
2026.01.26	00:20:38.438		0.59604			4
2026.01.26	00:21:00.312	0.59549				2
2026.01.26	00:21:38.516		0.59604			4
2026.01.26	00:22:00.053	0.59549				2
2026.01.26	00:22:38.649		0.59604			4
2026.01.26	00:23:00.183	0.59549				2
2026.01.26	00:23:38.824		0.59604			4
2026.01.26	00:23:59.354	0.59548				2
2026.01.26	00:24:00.006	0.59548				2
2026.01.26	00:24:18.625	0.59546				2
2026.01.26	00:24:29.264	0.59542	0.59634			6
2026.01.26	00:24:29.567		0.59624			4
2026.01.26	00:24:48.539	0.59547				2
2026.01.26	00:24:48.841		0.59598			4
2026.01.26	00:24:49.801		0.59608			4
2026.01.26	00:24:50.752		0.59607			4
2026.01.26	00:25:00.137	0.59470	0.59590			6
2026.01.26	00:25:05.860	0.59472	0.59592			6
2026.01.26	00:25:06.511	0.59471				2
2026.01.26	00:25:06.864	0.59473				2
2026.01.26	00:25:07.519	0.59470	0.59590			6
2026.01.26	00:25:16.509		0.59592			4
2026.01.26	00:25:27.192		0.59590			4
2026.01.26	00:25:36.232		0.59592			4
2026.01.26	00:25:46.778		0.59590			4
2026.01.26	00:25:56.117		0.59592			4
2026.01.26	00:26:00.336	0.59470				2
2026.01.26	00:26:31.589		0.59590			4
2026.01.26	00:26:34.154	0.59467				2
2026.01.26	00:26:36.716		0.59591			4
2026.01.26	00:26:41.588		0.59590			4
2026.01.26	00:26:42.893		0.59591			4
2026.01.26	00:26:44.806		0.59590			4
2026.01.26	00:26:50.279		0.59591			4
2026.01.26	00:26:55.451		0.59590			4
2026.01.26	00:27:00.275	0.59467				2
2026.01.26	00:27:12.478	0.59452				2
2026.01.26	00:27:12.784	0.59465	0.59592			6
2026.01.26	00:27:20.821	0.59462	0.59590			6
2026.01.26	00:27:49.808	0.59461	0.59596			6
2026.01.26	00:27:54.941	0.59470	0.59608			6
2026.01.26	00:28:00.110	0.59470				2
2026.01.26	00:28:18.184	0.59474	0.59612			6
2026.01.26	00:28:32.303	0.59464	0.59600			6
2026.01.26	00:28:40.038	0.59454	0.59592			6
2026.01.26	00:28:40.340	0.59452	0.59590			6
2026.01.26	00:28:45.813	0.59448	0.59586			6
2026.01.26	00:28:49.629	0.59458	0.59596			6
2026.01.26	00:28:49.977	0.59460	0.59598			6
2026.01.26	00:29:00.269	0.59458	0.59596			6
2026.01.26	00:29:00.571	0.59460	0.59598			6
2026.01.26	00:29:17.990	0.59458	0.59596			6
2026.01.26	00:29:18.293	0.59460	0.59598			6
2026.01.26	00:30:00.198	0.59460				2
2026.01.26	00:30:03.505	0.59462	0.59600			6
2026.01.26	00:30:14.797		0.59596			4
2026.01.26	00:30:15.751	0.59464				2
2026.01.26	00:30:16.060		0.59594			4
2026.01.26	00:30:19.009		0.59593			4
2026.01.26	00:30:24.136	0.59466	0.59600			6
2026.01.26	00:30:24.573	0.59468	0.59593			6
2026.01.26	00:30:25.228	0.59467	0.59594			6
2026.01.26	00:30:35.232	0.59473				2
2026.01.26	00:30:35.679	0.59468	0.59590			6
2026.01.26	00:30:35.983	0.59473				2
2026.01.26	00:30:37.257	0.59477				2
2026.01.26	00:30:39.193	0.59481				2
2026.01.26	00:30:41.171	0.59479	0.59594			6
2026.01.26	00:30:41.984		0.59590			4
2026.01.26	00:30:43.411	0.59483	0.59587			6
2026.01.26	00:30:43.878		0.59588			4
2026.01.26	00:30:45.386		0.59587			4
2026.01.26	00:30:53.573	0.59479				2
2026.01.26	00:30:55.584	0.59480				2
2026.01.26	00:31:01.087	0.59480				2
2026.01.26	00:31:05.587	0.59479				2
2026.01.26	00:31:05.982	0.59480				2
2026.01.26	00:31:15.942	0.59479				2
2026.01.26	00:31:16.929	0.59480				2
2026.01.26	00:31:18.281		0.59594			4
2026.01.26	00:31:30.241		0.59588			4
2026.01.26	00:31:36.793		0.59594			4
2026.01.26	00:31:38.083		0.59588			4
2026.01.26	00:31:54.253		0.59587			4
2026.01.26	00:31:56.382		0.59588			4
2026.01.26	00:32:11.365	0.59480				2
2026.01.26	00:32:16.363	0.59481	0.59594			6
2026.01.26	00:32:17.682		0.59588			4
2026.01.26	00:32:20.985		0.59589			4
2026.01.26	00:32:24.882		0.59588			4
2026.01.26	00:32:36.337	0.59484	0.59597			6
2026.01.26	00:32:37.076	0.59483	0.59598			6
2026.01.26	00:32:40.668	0.59484				2
2026.01.26	00:32:41.428		0.59591			4
2026.01.26	00:32:42.823	0.59487				2
2026.01.26	00:32:43.132	0.59486				2
2026.01.26	00:32:43.761	0.59485				2
2026.01.26	00:32:44.851	0.59486				2
2026.01.26	00:32:45.179	0.59485				2
2026.01.26	00:32:45.488	0.59486				2
2026.01.26	00:32:46.509	0.59487				2
2026.01.26	00:32:46.822	0.59486				2
2026.01.26	00:32:47.450		0.59594			4
2026.01.26	00:32:47.758	0.59485	0.59591			6
2026.01.26	00:32:49.979	0.59486				2
2026.01.26	00:32:51.458	0.59485				2
2026.01.26	00:32:52.593	0.59509	0.59595			6
2026.01.26	00:32:52.896		0.59597			4
2026.01.26	00:32:53.875	0.59510	0.59588			6
2026.01.26	00:32:54.178	0.59508				2
2026.01.26	00:32:54.497	0.59510				2
2026.01.26	00:32:55.119	0.59500				2
2026.01.26	00:32:55.422	0.59507				2
2026.01.26	00:32:55.729	0.59511				2
2026.01.26	00:32:56.030	0.59500				2
2026.01.26	00:32:56.337	0.59508				2
2026.01.26	00:32:57.257	0.59500				2
2026.01.26	00:32:57.559	0.59506				2
2026.01.26	00:32:57.876	0.59508				2
2026.01.26	00:32:58.181	0.59505				2
2026.01.26	00:32:58.488	0.59509				2
2026.01.26	00:32:58.793	0.59508				2
2026.01.26	00:33:00.030	0.59508				2
2026.01.26	00:33:00.639	0.59505				2
2026.01.26	00:33:00.940	0.59504				2
2026.01.26	00:33:01.578	0.59509				2
2026.01.26	00:33:03.262	0.59505				2
2026.01.26	00:33:03.871	0.59504				2
2026.01.26	00:33:05.103	0.59506				2
2026.01.26	00:33:08.076	0.59508				2
2026.01.26	00:33:13.730	0.59504				2
2026.01.26	00:33:14.474	0.59508				2
2026.01.26	00:33:15.100	0.59509				2
2026.01.26	00:33:15.422	0.59508				2
2026.01.26	00:33:17.561	0.59506				2
2026.01.26	00:33:18.166	0.59505				2
2026.01.26	00:33:23.465	0.59504				2
2026.01.26	00:33:43.744		0.59594			4
2026.01.26	00:33:46.772	0.59503				2
2026.01.26	00:33:53.011		0.59595			4
2026.01.26	00:33:57.778	0.59502				2
2026.01.26	00:33:59.877	0.59503				2
2026.01.26	00:34:01.677	0.59503				2
2026.01.26	00:34:25.431		0.59591			4
2026.01.26	00:34:26.073	0.59502				2
2026.01.26	00:34:31.183		0.59595			4
2026.01.26	00:34:33.743		0.59603			4
2026.01.26	00:34:40.078	0.59503				2
2026.01.26	00:34:41.912		0.59602			4
2026.01.26	00:34:42.477	0.59504				2
2026.01.26	00:35:00.477	0.59504				2
2026.01.26	00:35:11.088		0.59603			4
2026.01.26	00:35:11.577	0.59503				2
2026.01.26	00:35:16.977	0.59504				2
2026.01.26	00:35:22.081	0.59500	0.59600			6
2026.01.26	00:35:23.348		0.59588			4
2026.01.26	00:35:38.708	0.59491				2
2026.01.26	00:35:40.299	0.59496				2
2026.01.26	00:35:40.911	0.59491				2
2026.01.26	00:36:01.077	0.59491				2
2026.01.26	00:36:18.778		0.59592			4
2026.01.26	00:36:19.194		0.59588			4
2026.01.26	00:36:32.037	0.59493				2
2026.01.26	00:36:32.440	0.59495				2
2026.01.26	00:36:35.480	0.59491				2
2026.01.26	00:37:00.573	0.59491				2
2026.01.26	00:37:20.276		0.59588			4
2026.01.26	00:38:00.668	0.59491				2
2026.01.26	00:38:09.042	0.59477	0.59592			6
2026.01.26	00:38:09.733	0.59475				2
2026.01.26	00:38:22.924	0.59472				2
2026.01.26	00:38:23.258	0.59473				2
2026.01.26	00:38:34.034	0.59472				2
2026.01.26	00:38:47.177	0.59473				2
2026.01.26	00:39:04.576	0.59472				2
2026.01.26	00:39:07.877	0.59473				2
2026.01.26	00:39:09.092	0.59472	0.59592			6
2026.01.26	00:39:09.411	0.59471				2
2026.01.26	00:39:09.978	0.59472				2
2026.01.26	00:39:11.881		0.59590			4
2026.01.26	00:39:12.696	0.59468				2
2026.01.26	00:39:15.502	0.59467				2
2026.01.26	00:39:19.578	0.59470				2
2026.01.26	00:39:22.876	0.59469				2
2026.01.26	00:39:27.277	0.59467	0.59583			6
2026.01.26	00:39:27.598	0.59470				2
2026.01.26	00:39:28.236	0.59476	0.59585			6
2026.01.26	00:39:30.281	0.59477				2
2026.01.26	00:39:34.880		0.59586			4
2026.01.26	00:39:35.816	0.59476	0.59583			6
2026.01.26	00:39:38.238	0.59475				2
2026.01.26	00:39:39.077	0.59476				2
2026.01.26	00:39:42.284	0.59475				2
2026.01.26	00:40:01.336	0.59473				2
2026.01.26	00:40:04.333	0.59475				2
2026.01.26	00:40:05.597	0.59476				2
2026.01.26	00:40:06.313	0.59477				2
2026.01.26	00:40:10.362	0.59476				2
2026.01.26	00:40:12.623	0.59465	0.59556			6
2026.01.26	00:40:12.925	0.59440	0.59566			6
2026.01.26	00:40:13.228	0.59442	0.59560			6
2026.01.26	00:40:14.213	0.59444				2
2026.01.26	00:40:15.519	0.59443				2
2026.01.26	00:40:16.518	0.59462				2
2026.01.26	00:40:16.822	0.59455				2
2026.01.26	00:40:17.474	0.59466				2
2026.01.26	00:40:18.125	0.59478				2
2026.01.26	00:40:30.324		0.59562			4
2026.01.26	00:40:30.671		0.59560			4
2026.01.26	00:40:32.278		0.59562			4
2026.01.26	00:40:32.581	0.59466	0.59560			6
2026.01.26	00:40:46.085	0.59464				2
2026.01.26	00:40:46.387	0.59466				2
2026.01.26	00:40:47.388	0.59455				2
2026.01.26	00:41:00.196	0.59455				2
2026.01.26	00:41:32.620		0.59560			4
2026.01.26	00:41:42.610		0.59572			4
2026.01.26	00:41:42.915	0.59458	0.59582			6
2026.01.26	00:41:43.232		0.59578			4
2026.01.26	00:41:43.864	0.59459	0.59582			6
2026.01.26	00:41:49.156	0.59525	0.59598			6
2026.01.26	00:41:49.464		0.59600			4
2026.01.26	00:41:49.769		0.59597			4
2026.01.26	00:41:51.014	0.59526				2
2026.01.26	00:41:57.989	0.59520	0.59592			6
2026.01.26	00:41:58.353	0.59511	0.59598			6
2026.01.26	00:41:59.812	0.59509				2
2026.01.26	00:42:03.899	0.59509				2
2026.01.26	00:42:05.314	0.59508				2
2026.01.26	00:42:41.876	0.59509				2
2026.01.26	00:42:52.929		0.59597			4
2026.01.26	00:43:00.482	0.59509				2
2026.01.26	00:43:43.672	0.59508	0.59598			6
2026.01.26	00:43:43.978	0.59507				2
2026.01.26	00:43:45.487	0.59525	0.59597			6
2026.01.26	00:43:47.777	0.59526				2
2026.01.26	00:43:49.202	0.59524	0.59630			6
2026.01.26	00:43:49.510		0.59634			4
2026.01.26	00:43:49.858		0.59625			4
2026.01.26	00:43:50.161	0.59544	0.59622			6
2026.01.26	00:43:50.463		0.59629			4
2026.01.26	00:43:50.773	0.59545				2
2026.01.26	00:43:51.275	0.59546	0.59621			6
2026.01.26	00:43:51.594		0.59624			4
2026.01.26	00:43:51.904	0.59547	0.59622			6
2026.01.26	00:43:52.216		0.59621			4
2026.01.26	00:43:52.772	0.59548	0.59624			6
2026.01.26	00:43:53.579	0.59549				2
2026.01.26	00:43:54.078	0.59550				2
2026.01.26	00:43:54.778	0.59551				2
2026.01.26	00:43:55.092		0.59627			4
2026.01.26	00:43:55.877	0.59552				2
2026.01.26	00:43:56.696	0.59562	0.59642			6
2026.01.26	00:43:57.021	0.59563	0.59648			6
2026.01.26	00:43:57.581		0.59646			4
2026.01.26	00:43:57.990	0.59562				2
2026.01.26	00:43:58.694	0.59557				2
2026.01.26	00:43:59.456		0.59651			4
2026.01.26	00:43:59.943	0.59558				2
2026.01.26	00:44:00.253	0.59552				2
2026.01.26	00:44:01.573	0.59551				2
2026.01.26	00:44:02.289	0.59552				2
2026.01.26	00:44:02.981		0.59653			4
2026.01.26	00:44:03.379	0.59554				2
2026.01.26	00:44:03.983		0.59655			4
2026.01.26	00:44:04.587	0.59553	0.59654			6
2026.01.26	00:44:05.204		0.59655			4
2026.01.26	00:44:06.881		0.59653			4
2026.01.26	00:44:08.052	0.59552				2
2026.01.26	00:44:08.437		0.59654			4
2026.01.26	00:44:11.119	0.59553	0.59659			6
2026.01.26	00:44:11.539	0.59555				2
2026.01.26	00:44:12.127	0.59554	0.59655			6
2026.01.26	00:44:12.481	0.59556				2
2026.01.26	00:44:13.545	0.59558				2
2026.01.26	00:44:14.545	0.59560	0.59656			6
2026.01.26	00:44:19.488	0.59561	0.59657			6
2026.01.26	00:44:21.334		0.59656			4
2026.01.26	00:44:23.973		0.59658			4
2026.01.26	00:44:25.294	0.59562	0.59659			6
2026.01.26	00:44:29.898		0.59664			4
2026.01.26	00:44:31.098	0.59580	0.59668			6
2026.01.26	00:44:31.403		0.59666			4
2026.01.26	00:44:36.302	0.59579				2
2026.01.26	00:44:42.125		0.59667			4
2026.01.26	00:44:44.912	0.59580				2
2026.01.26	00:44:45.261	0.59590				2
2026.01.26	00:44:45.933	0.59589	0.59663			6
2026.01.26	00:44:46.322		0.59676			4
2026.01.26	00:44:49.715		0.59671			4
2026.01.26	00:44:50.084		0.59672			4
2026.01.26	00:44:51.730		0.59671			4
2026.01.26	00:44:52.078	0.59591				2
2026.01.26	00:44:53.041	0.59592				2
2026.01.26	00:44:54.314	0.59593	0.59672			6
2026.01.26	00:44:55.693		0.59671			4
2026.01.26	00:44:57.881		0.59672			4
2026.01.26	00:44:59.538	0.59606	0.59680			6
2026.01.26	00:45:00.126	0.59606	0.59674			6
2026.01.26	00:45:00.429	0.59611	0.59680			6
2026.01.26	00:45:00.735		0.59670			4
2026.01.26	00:45:01.518		0.59681			4
2026.01.26	00:45:01.877		0.59679			4
2026.01.26	00:45:02.278		0.59669			4
2026.01.26	00:45:02.626		0.59680			4
2026.01.26	00:45:03.221	0.59610				2
2026.01.26	00:45:03.627	0.59618	0.59674			6
2026.01.26	00:45:04.245		0.59673			4
2026.01.26	00:45:09.216	0.59619				2
2026.01.26	00:45:09.534		0.59687			4
2026.01.26	00:45:09.836		0.59673			4
2026.01.26	00:45:13.319	0.59634	0.59672			6
2026.01.26	00:45:18.706	0.59638	0.59670			6
2026.01.26	00:45:19.021	0.59640				2
2026.01.26	00:45:19.626	0.59641	0.59706			6
2026.01.26	00:45:26.306	0.59660	0.59709			6
2026.01.26	00:45:35.988	0.59659				2
2026.01.26	00:45:37.116	0.59660				2
2026.01.26	00:45:54.220	0.59667				2
2026.01.26	00:45:55.000	0.59665				2
2026.01.26	00:45:55.977	0.59668				2
2026.01.26	00:45:57.370	0.59665				2
2026.01.26	00:45:58.370	0.59668				2
2026.01.26	00:46:00.540	0.59667				2
2026.01.26	00:46:03.509	0.59668				2
2026.01.26	00:46:12.341	0.59669				2
2026.01.26	00:46:12.727	0.59668				2
2026.01.26	00:46:16.347	0.59669				2
2026.01.26	00:46:18.305		0.59715			4
2026.01.26	00:46:19.668	0.59668				2
2026.01.26	00:46:20.509	0.59669				2
2026.01.26	00:46:34.341	0.59670				2
2026.01.26	00:47:00.529	0.59670				2
2026.01.26	00:47:03.282	0.59663	0.59717			6
2026.01.26	00:47:06.752	0.59670	0.59714			6
2026.01.26	00:47:07.652		0.59715			4
2026.01.26	00:47:37.509		0.59714			4
2026.01.26	00:47:39.778	0.59671	0.59713			6
2026.01.26	00:47:43.377	0.59672	0.59712			6
2026.01.26	00:47:45.777	0.59671	0.59713			6
2026.01.26	00:47:47.221	0.59658	0.59697			6
2026.01.26	00:47:47.528		0.59695			4
2026.01.26	00:47:47.861		0.59694			4
2026.01.26	00:48:00.210	0.59658				2
2026.01.26	00:48:05.731		0.59693			4
2026.01.26	00:48:20.855		0.59694			4
2026.01.26	00:48:31.450		0.59695			4
2026.01.26	00:48:32.855		0.59694			4
2026.01.26	00:48:33.560		0.59693			4
2026.01.26	00:48:34.868		0.59697			4
2026.01.26	00:48:35.215		0.59698			4
2026.01.26	00:48:36.474		0.59697			4
2026.01.26	00:48:38.128		0.59694			4
2026.01.26	00:48:48.124		0.59693			4
2026.01.26	00:48:49.731		0.59694			4
2026.01.26	00:48:51.339		0.59693			4
2026.01.26	00:48:55.815		0.59694			4
2026.01.26	00:49:00.026	0.59658				2
2026.01.26	00:49:00.633		0.59693			4
2026.01.26	00:49:10.671		0.59694			4
2026.01.26	00:49:14.187		0.59693			4
2026.01.26	00:49:16.144		0.59692			4
2026.01.26	00:49:21.267		0.59693			4
2026.01.26	00:49:27.041		0.59692			4
2026.01.26	00:49:33.124		0.59693			4
2026.01.26	00:49:36.417		0.59695			4
2026.01.26	00:49:36.720		0.59692			4
2026.01.26	00:49:40.585		0.59695			4
2026.01.26	00:49:40.933		0.59692			4
2026.01.26	00:49:41.887		0.59693			4
2026.01.26	00:49:42.539		0.59692			4
2026.01.26	00:49:42.842		0.59697			4
2026.01.26	00:49:43.803		0.59692			4
2026.01.26	00:49:45.098	0.59647				2
2026.01.26	00:49:45.401	0.59480	0.59589			6
2026.01.26	00:49:45.749	0.59481	0.59590			6
2026.01.26	00:49:46.052	0.59479	0.59588			6
2026.01.26	00:49:46.357	0.59472	0.59581			6
2026.01.26	00:49:46.704	0.59473	0.59582			6
2026.01.26	00:49:48.310	0.59475	0.59584			6
2026.01.26	00:49:48.616	0.59473	0.59582			6
2026.01.26	00:49:50.871	0.59471	0.59580			6
2026.01.26	00:49:56.647	0.59473	0.59582			6
2026.01.26	00:50:00.207	0.59473				2
2026.01.26	00:50:18.830	0.59475	0.59584			6
2026.01.26	00:50:22.695	0.59545				2
2026.01.26	00:50:22.997		0.59644			4
2026.01.26	00:50:24.910		0.59650			4
2026.01.26	00:50:27.516	0.59541				2
2026.01.26	00:50:28.472	0.59539	0.59648			6
2026.01.26	00:50:29.122	0.59553	0.59662			6
2026.01.26	00:51:00.293	0.59553				2
2026.01.26	00:51:26.986	0.59551	0.59660			6
2026.01.26	00:51:28.242	0.59557				2
2026.01.26	00:51:29.197		0.59661			4
2026.01.26	00:51:29.546		0.59662			4
2026.01.26	00:51:33.411		0.59661			4
2026.01.26	00:51:42.701		0.59660			4
2026.01.26	00:51:45.909		0.59661			4
2026.01.26	00:51:48.819		0.59656			4
2026.01.26	00:51:50.077		0.59659			4
2026.01.26	00:51:52.032		0.59658			4
2026.01.26	00:51:55.547		0.59659			4
2026.01.26	00:52:00.064	0.59557				2
2026.01.26	00:52:01.018		0.59658			4
2026.01.26	00:52:03.578	0.59554				2
2026.01.26	00:52:03.879		0.59654			4
2026.01.26	00:52:04.880		0.59656			4
2026.01.26	00:52:06.142		0.59662			4
2026.01.26	00:52:06.791		0.59651			4
2026.01.26	00:52:07.441		0.59662			4
2026.01.26	00:52:08.074		0.59658			4
2026.01.26	00:52:11.610		0.59656			4
2026.01.26	00:52:18.992		0.59650			4
2026.01.26	00:52:19.643		0.59656			4
2026.01.26	00:52:35.708		0.59658			4
2026.01.26	00:52:38.618	0.59552				2
2026.01.26	00:52:38.920		0.59654			4
2026.01.26	00:52:39.877		0.59646			4
2026.01.26	00:52:40.840		0.59656			4
2026.01.26	00:52:41.180		0.59646			4
2026.01.26	00:52:42.134		0.59656			4
2026.01.26	00:52:44.393		0.59654			4
2026.01.26	00:52:44.742	0.59550	0.59652			6
2026.01.26	00:52:45.045		0.59650			4
2026.01.26	00:52:45.671		0.59652			4
2026.01.26	00:52:47.603		0.59651			4
2026.01.26	00:52:47.906		0.59650			4
2026.01.26	00:52:48.866	0.59553	0.59662			6
2026.01.26	00:52:49.182	0.59554	0.59660			6
2026.01.26	00:52:51.144	0.59627	0.59677			6
2026.01.26	00:52:51.471	0.59652				2
2026.01.26	00:52:51.779	0.59642	0.59682			6
2026.01.26	00:52:52.171	0.59632				2
2026.01.26	00:52:52.678	0.59638				2
2026.01.26	00:52:58.344	0.59643				2
2026.01.26	00:53:00.085	0.59643	0.59688			6
2026.01.26	00:53:00.981	0.59644				2
2026.01.26	00:53:09.180	0.59643				2
2026.01.26	00:53:10.891	0.59644				2
2026.01.26	00:53:14.890	0.59647				2
2026.01.26	00:53:16.976		0.59667			4
2026.01.26	00:53:17.278	0.59561				2
2026.01.26	00:54:03.478	0.59561				2
2026.01.26	00:54:12.248		0.59668			4
2026.01.26	00:55:00.040	0.59561				2
2026.01.26	00:55:18.025		0.59668			4
2026.01.26	00:55:23.878	0.59560				2
2026.01.26	00:55:29.042	0.59561				2
2026.01.26	00:55:30.501	0.59560				2
2026.01.26	00:56:00.291	0.59560				2
2026.01.26	00:56:00.593	0.59566	0.59663			6
2026.01.26	00:56:04.444	0.59564	0.59665			6
2026.01.26	00:56:12.133	0.59565	0.59664			6
2026.01.26	00:56:12.951	0.59564	0.59665			6
2026.01.26	00:56:15.211	0.59562	0.59667			6
2026.01.26	00:56:17.880	0.59563	0.59666			6
2026.01.26	00:56:18.421	0.59562	0.59667			6
2026.01.26	00:56:19.447	0.59564	0.59665			6
2026.01.26	00:56:23.683	0.59562	0.59667			6
2026.01.26	00:56:25.313	0.59561	0.59668			6
2026.01.26	00:56:27.177	0.59562	0.59667			6
2026.01.26	00:56:30.419	0.59561	0.59668			6
2026.01.26	00:56:34.507	0.59560				2
2026.01.26	00:56:39.380	0.59561	0.59669			6
2026.01.26	00:56:40.335	0.59560	0.59668			6
2026.01.26	00:57:00.247	0.59560				2
2026.01.26	00:57:11.136		0.59656			4
2026.01.26	00:57:28.840		0.59654			4
2026.01.26	00:57:30.794		0.59656			4
2026.01.26	00:57:52.874		0.59654			4
2026.01.26	00:57:55.435		0.59652			4
2026.01.26	00:57:59.260		0.59651			4
2026.01.26	00:58:00.192	0.59560				2
2026.01.26	00:58:16.251		0.59650			4
2026.01.26	00:58:22.978		0.59652			4
2026.01.26	00:58:26.532		0.59650			4
2026.01.26	00:58:38.422		0.59653			4
2026.01.26	00:58:38.725		0.59650			4
2026.01.26	00:58:40.334		0.59651			4
2026.01.26	00:58:40.982		0.59654			4
2026.01.26	00:58:41.635		0.59650			4
2026.01.26	00:58:43.855		0.59653			4
2026.01.26	00:58:50.272		0.59654			4
2026.01.26	00:59:00.261	0.59560				2
2026.01.26	00:59:06.342		0.59652			4
2026.01.26	00:59:06.669		0.59654			4
2026.01.26	00:59:07.286		0.59656			4
2026.01.26	00:59:07.589		0.59654			4
2026.01.26	00:59:07.919		0.59656			4
2026.01.26	00:59:09.792		0.59658			4
2026.01.26	00:59:10.099		0.59656			4
2026.01.26	00:59:10.407		0.59659			4
2026.01.26	00:59:11.707		0.59662			4
2026.01.26	00:59:12.053		0.59660			4
2026.01.26	00:59:12.357		0.59666			4
2026.01.26	00:59:17.175	0.59580	0.59689			6
2026.01.26	00:59:17.524	0.59583				2
2026.01.26	00:59:57.332	0.59585				2
2026.01.26	00:59:57.680	0.59586				2
2026.01.26	01:00:00.241	0.59599	0.59673			6
2026.01.26	01:00:01.497	0.59615	0.59689			6
2026.01.26	01:00:01.809	0.59617				2
2026.01.26	01:00:02.134	0.59611	0.59685			6
2026.01.26	01:00:02.449	0.59619	0.59689			6
2026.01.26	01:00:02.752	0.59617				2
2026.01.26	01:00:03.056	0.59615				2
2026.01.26	01:00:03.372	0.59613	0.59687			6
2026.01.26	01:00:04.024	0.59611	0.59685			6
2026.01.26	01:00:04.356	0.59635	0.59709			6
2026.01.26	01:00:05.281	0.59631	0.59705			6
2026.01.26	01:00:06.216	0.59633	0.59707			6
2026.01.26	01:00:07.140	0.59632	0.59706			6
2026.01.26	01:00:07.471	0.59635	0.59708			6
2026.01.26	01:00:08.422	0.59637				2
2026.01.26	01:00:09.976	0.59639	0.59709			6
2026.01.26	01:00:10.280	0.59637				2
2026.01.26	01:00:10.596	0.59645				2
2026.01.26	01:00:10.899	0.59646	0.59706			6
2026.01.26	01:00:11.230	0.59648	0.59708			6
2026.01.26	01:00:11.534	0.59647				2
2026.01.26	01:00:11.839	0.59651	0.59709			6
2026.01.26	01:00:12.143	0.59652				2
2026.01.26	01:00:12.458		0.59708			4
2026.01.26	01:00:12.760	0.59651	0.59709			6
2026.01.26	01:00:13.090	0.59650				2
2026.01.26	01:00:13.393	0.59646	0.59703			6
2026.01.26	01:00:14.344	0.59650	0.59706			6
2026.01.26	01:00:14.647	0.59656	0.59712			6
2026.01.26	01:00:15.678	0.59659				2
2026.01.26	01:00:16.722	0.59661	0.59710			6
2026.01.26	01:00:19.183	0.59663				2
2026.01.26	01:00:19.878	0.59666				2
2026.01.26	01:00:20.188	0.59663				2
2026.01.26	01:00:20.980	0.59662				2
2026.01.26	01:00:23.180	0.59664				2
2026.01.26	01:00:23.485	0.59663				2
2026.01.26	01:00:23.791	0.59662				2
2026.01.26	01:00:24.139	0.59663				2
2026.01.26	01:00:24.745	0.59664				2
2026.01.26	01:00:25.118	0.59667				2
2026.01.26	01:00:26.752	0.59666				2
2026.01.26	01:00:27.385	0.59651	0.59703			6
2026.01.26	01:00:27.688	0.59652	0.59701			6
2026.01.26	01:00:27.999	0.59654				2
2026.01.26	01:00:28.382	0.59649				2
2026.01.26	01:00:29.400	0.59648	0.59699			6
2026.01.26	01:00:29.733	0.59649	0.59698			6
2026.01.26	01:00:30.037		0.59700			4
2026.01.26	01:00:30.375	0.59676	0.59706			6
2026.01.26	01:00:30.679	0.59674	0.59705			6
2026.01.26	01:00:31.009	0.59675	0.59715			6
2026.01.26	01:00:31.419	0.59676	0.59711			6
2026.01.26	01:00:32.162	0.59681	0.59712			6
2026.01.26	01:00:32.824	0.59682	0.59710			6
2026.01.26	01:00:33.140		0.59714			4
2026.01.26	01:00:34.178	0.59687	0.59725			6
2026.01.26	01:00:34.483	0.59679				2
2026.01.26	01:00:35.093	0.59689	0.59721			6
2026.01.26	01:00:35.410	0.59683				2
2026.01.26	01:00:35.720	0.59679				2
2026.01.26	01:00:36.278	0.59678	0.59723			6
2026.01.26	01:00:36.586	0.59683	0.59728			6
2026.01.26	01:00:37.217	0.59686				2
2026.01.26	01:00:39.866	0.59688	0.59733			6
2026.01.26	01:00:40.674		0.59731			4
2026.01.26	01:00:41.154		0.59733			4
2026.01.26	01:00:41.464		0.59734			4
2026.01.26	01:00:43.679	0.59689	0.59735			6
2026.01.26	01:00:44.079	0.59688	0.59716			6
2026.01.26	01:00:45.652	0.59690				2
2026.01.26	01:00:45.981	0.59692				2
2026.01.26	01:00:46.366	0.59695				2
2026.01.26	01:00:46.675	0.59696				2
2026.01.26	01:00:47.378	0.59697				2
2026.01.26	01:00:48.382	0.59684	0.59699			6
2026.01.26	01:00:49.382	0.59681				2
2026.01.26	01:00:49.709	0.59670	0.59686			6
2026.01.26	01:00:50.020		0.59684			4
2026.01.26	01:00:50.348	0.59669				2
2026.01.26	01:00:51.366	0.59679	0.59701			6
2026.01.26	01:00:52.378	0.59680				2
2026.01.26	01:00:53.351	0.59678				2
2026.01.26	01:00:53.658		0.59699			4
2026.01.26	01:00:54.558	0.59683				2
2026.01.26	01:00:54.860	0.59686	0.59696			6
2026.01.26	01:00:55.792	0.59683	0.59694			6
2026.01.26	01:00:57.478	0.59682				2
2026.01.26	01:01:00.309	0.59692				2
2026.01.26	01:01:00.625	0.59693				2
2026.01.26	01:01:00.939	0.59689	0.59690			6
2026.01.26	01:01:01.242	0.59679	0.59680			6
2026.01.26	01:01:01.557	0.59677	0.59678			6
2026.01.26	01:01:01.864	0.59678	0.59679			6
2026.01.26	01:01:02.190	0.59679	0.59680			6
2026.01.26	01:01:03.420	0.59680	0.59684			6
2026.01.26	01:01:04.369	0.59682				2
2026.01.26	01:01:04.673	0.59680	0.59685			6
2026.01.26	01:01:05.001	0.59682	0.59684			6
2026.01.26	01:01:05.304	0.59681				2
2026.01.26	01:01:06.531	0.59683				2
2026.01.26	01:01:08.433		0.59686			4
2026.01.26	01:01:12.151	0.59684	0.59687			6
2026.01.26	01:01:12.478	0.59686	0.59689			6
2026.01.26	01:01:13.433	0.59685	0.59688			6
2026.01.26	01:01:14.688	0.59686	0.59689			6
2026.01.26	01:01:15.317	0.59687				2
2026.01.26	01:01:15.643	0.59688	0.59690			6
2026.01.26	01:01:16.565	0.59687	0.59689			6
2026.01.26	01:01:17.197	0.59686	0.59687			6
2026.01.26	01:01:18.120	0.59681	0.59682			6
2026.01.26	01:01:20.309	0.59685	0.59686			6
2026.01.26	01:01:20.613	0.59686	0.59687			6
2026.01.26	01:01:25.297	0.59687	0.59688			6
2026.01.26	01:01:25.601	0.59686	0.59687			6
2026.01.26	01:01:29.013	0.59687	0.59688			6
2026.01.26	01:01:29.645	0.59688	0.59689			6
2026.01.26	01:01:35.269	0.59686	0.59687			6
2026.01.26	01:01:35.591	0.59682	0.59683			6
2026.01.26	01:01:38.144	0.59685	0.59686			6
2026.01.26	01:01:38.446	0.59687	0.59688			6
2026.01.26	01:01:38.776	0.59688	0.59689			6
2026.01.26	01:01:41.556	0.59687	0.59688			6
2026.01.26	01:01:45.626	0.59686	0.59687			6
2026.01.26	01:01:46.555	0.59687	0.59688			6
2026.01.26	01:01:47.177	0.59686	0.59687			6
2026.01.26	01:01:49.066	0.59687	0.59688			6
2026.01.26	01:01:50.316	0.59686	0.59687			6
2026.01.26	01:01:53.761	0.59687	0.59688			6
2026.01.26	01:01:55.306	0.59686	0.59687			6
2026.01.26	01:01:55.636	0.59687	0.59688			6
2026.01.26	01:01:56.243	0.59686	0.59687			6
2026.01.26	01:01:56.559	0.59687	0.59688			6
2026.01.26	01:01:56.870	0.59688	0.59690			6
2026.01.26	01:01:59.051	0.59689	0.59691			6
2026.01.26	01:01:59.354	0.59693	0.59695			6
2026.01.26	01:02:00.006	0.59693				2
2026.01.26	01:02:04.344	0.59694	0.59696			6
2026.01.26	01:02:04.673	0.59693	0.59695			6
2026.01.26	01:02:05.602	0.59694	0.59696			6
2026.01.26	01:02:06.848	0.59695	0.59697			6
2026.01.26	01:02:09.357	0.59697	0.59699			6
2026.01.26	01:02:09.659	0.59698	0.59700			6
2026.01.26	01:02:10.291	0.59699	0.59701			6
2026.01.26	01:02:11.869	0.59692	0.59694			6
2026.01.26	01:02:12.171	0.59695	0.59696			6
2026.01.26	01:02:12.479	0.59696	0.59698			6
2026.01.26	01:02:14.076	0.59697	0.59699			6
2026.01.26	01:02:16.588	0.59698				2
2026.01.26	01:02:21.912		0.59700			4
2026.01.26	01:02:22.240		0.59699			4
2026.01.26	01:02:22.544	0.59697				2
2026.01.26	01:02:23.498	0.59696	0.59698			6
2026.01.26	01:02:24.421	0.59697	0.59699			6
2026.01.26	01:02:27.265	0.59698	0.59700			6
2026.01.26	01:02:27.592	0.59697	0.59699			6
2026.01.26	01:02:30.400	0.59704	0.59706			6
2026.01.26	01:02:31.046	0.59708	0.59709			6
2026.01.26	01:02:31.350		0.59710			4
2026.01.26	01:02:31.986		0.59711			4
2026.01.26	01:02:32.936	0.59710				2
2026.01.26	01:02:33.858	0.59712	0.59713			6
2026.01.26	01:02:37.314	0.59715	0.59716			6
2026.01.26	01:02:37.628	0.59717	0.59718			6
2026.01.26	01:02:38.577	0.59720	0.59721			6
2026.01.26	01:02:40.162	0.59722	0.59723			6
2026.01.26	01:02:41.415	0.59724	0.59725			6
2026.01.26	01:02:41.719	0.59725	0.59726			6
2026.01.26	01:02:43.576	0.59724	0.59725			6
2026.01.26	01:02:43.893	0.59725	0.59726			6
2026.01.26	01:02:45.783	0.59730	0.59731			6
2026.01.26	01:02:46.085	0.59732	0.59733			6
2026.01.26	01:02:49.510		0.59734			4
2026.01.26	01:02:50.115	0.59733				2
2026.01.26	01:02:50.418		0.59735			4
2026.01.26	01:02:52.303	0.59735	0.59736			6
2026.01.26	01:02:52.606	0.59736	0.59737			6
2026.01.26	01:02:53.224		0.59738			4
2026.01.26	01:02:55.717		0.59739			4
2026.01.26	01:02:57.588		0.59738			4
2026.01.26	01:02:59.132	0.59737	0.59739			6
2026.01.26	01:02:59.438		0.59738			4
2026.01.26	01:03:00.046	0.59737				2
2026.01.26	01:03:00.349		0.59739			4
2026.01.26	01:03:02.537	0.59735	0.59736			6
2026.01.26	01:03:02.857		0.59737			4
2026.01.26	01:03:03.791	0.59736	0.59739			6
2026.01.26	01:03:05.366	0.59740	0.59741			6
2026.01.26	01:03:05.668	0.59738	0.59740			6
2026.01.26	01:03:05.979	0.59733	0.59736			6
2026.01.26	01:03:06.299	0.59732	0.59735			6
2026.01.26	01:03:07.221		0.59736			4
2026.01.26	01:03:08.175	0.59736	0.59737			6
2026.01.26	01:03:08.484		0.59738			4
2026.01.26	01:03:09.132		0.59739			4
2026.01.26	01:03:09.776		0.59738			4
2026.01.26	01:03:10.080		0.59740			4
2026.01.26	01:03:12.283		0.59739			4
2026.01.26	01:03:13.868	0.59737	0.59740			6
2026.01.26	01:03:16.680	0.59738	0.59741			6
2026.01.26	01:03:18.892	0.59727	0.59730			6
2026.01.26	01:03:19.211	0.59726				2
2026.01.26	01:03:20.148	0.59725	0.59729			6
2026.01.26	01:03:21.421	0.59730	0.59734			6
2026.01.26	01:03:24.563	0.59729	0.59731			6
2026.01.26	01:03:25.192	0.59730				2
2026.01.26	01:03:25.513	0.59729	0.59730			6
2026.01.26	01:03:25.824		0.59731			4
2026.01.26	01:03:26.469	0.59728				2
2026.01.26	01:03:26.772	0.59729	0.59732			6
2026.01.26	01:03:30.554		0.59731			4
2026.01.26	01:03:31.186	0.59732	0.59735			6
2026.01.26	01:03:31.491	0.59734	0.59737			6
2026.01.26	01:03:32.420	0.59730	0.59732			6
2026.01.26	01:03:32.728	0.59728	0.59731			6
2026.01.26	01:03:33.048	0.59727	0.59729			6
2026.01.26	01:03:33.368	0.59726				2
2026.01.26	01:03:34.303	0.59725	0.59728			6
2026.01.26	01:03:34.954	0.59726				2
2026.01.26	01:03:35.271	0.59727	0.59729			6
2026.01.26	01:03:39.337	0.59728				2
2026.01.26	01:03:41.193	0.59729	0.59730			6
2026.01.26	01:03:41.495	0.59730	0.59731			6
2026.01.26	01:03:41.826	0.59729				2
2026.01.26	01:03:44.032	0.59730	0.59733			6
2026.01.26	01:03:44.337	0.59732	0.59734			6
2026.01.26	01:03:48.446	0.59733				2
2026.01.26	01:03:51.281		0.59735			4
2026.01.26	01:03:51.593	0.59731	0.59733			6
2026.01.26	01:03:51.911	0.59732	0.59734			6
2026.01.26	01:03:52.214	0.59733	0.59735			6
2026.01.26	01:03:52.863	0.59732	0.59734			6
2026.01.26	01:03:54.434	0.59733	0.59735			6
2026.01.26	01:03:54.737	0.59732	0.59734			6
2026.01.26	01:03:57.861	0.59734	0.59736			6
2026.01.26	01:04:00.094	0.59734				2
2026.01.26	01:04:00.413	0.59735	0.59737			6
2026.01.26	01:04:00.719	0.59736	0.59738			6
2026.01.26	01:04:01.348	0.59735				2
2026.01.26	01:04:03.223	0.59736				2
2026.01.26	01:04:04.161	0.59735				2
2026.01.26	01:04:05.415	0.59736				2
2026.01.26	01:04:05.742	0.59735	0.59737			6
2026.01.26	01:04:07.020	0.59736	0.59738			6
2026.01.26	01:04:07.344	0.59737	0.59739			6
2026.01.26	01:04:12.404	0.59738	0.59740			6
2026.01.26	01:04:12.736	0.59737	0.59739			6
2026.01.26	01:04:13.660	0.59738	0.59740			6
2026.01.26	01:04:14.919	0.59737	0.59739			6
2026.01.26	01:04:15.854	0.59738	0.59740			6
2026.01.26	01:04:18.365	0.59737	0.59739			6
2026.01.26	01:04:24.304	0.59736	0.59738			6
2026.01.26	01:04:28.368	0.59738	0.59740			6
2026.01.26	01:04:28.672	0.59737	0.59739			6
2026.01.26	01:04:29.609		0.59738			4
2026.01.26	01:04:30.557	0.59736				2
2026.01.26	01:04:30.862	0.59725	0.59726			6
2026.01.26	01:04:31.163	0.59723	0.59724			6
2026.01.26	01:04:31.479	0.59722	0.59723			6
2026.01.26	01:04:31.783	0.59720	0.59722			6
2026.01.26	01:04:32.086	0.59721				2
2026.01.26	01:04:33.041	0.59720				2
2026.01.26	01:04:34.015	0.59721				2
2026.01.26	01:04:34.642	0.59720				2
2026.01.26	01:04:35.275		0.59721			4
2026.01.26	01:04:35.592		0.59722			4
2026.01.26	01:04:37.146		0.59721			4
2026.01.26	01:04:42.475	0.59721	0.59722			6
2026.01.26	01:04:43.099	0.59720	0.59721			6
2026.01.26	01:04:43.720		0.59722			4
2026.01.26	01:04:44.023	0.59721				2
2026.01.26	01:04:45.278	0.59720				2
2026.01.26	01:04:46.229	0.59721				2
2026.01.26	01:04:46.531	0.59720	0.59721			6
2026.01.26	01:04:47.813	0.59719	0.59720			6
2026.01.26	01:04:48.117	0.59718	0.59719			6
2026.01.26	01:04:48.433	0.59698	0.59700			6
2026.01.26	01:04:49.065	0.59699	0.59701			6
2026.01.26	01:04:49.370	0.59697	0.59700			6
2026.01.26	01:04:49.721	0.59696	0.59699			6
2026.01.26	01:04:50.372		0.59698			4
2026.01.26	01:04:51.025	0.59695	0.59697			6
2026.01.26	01:04:56.449	0.59694				2
2026.01.26	01:04:59.405	0.59695				2
2026.01.26	01:05:00.011	0.59695				2
2026.01.26	01:05:00.334	0.59690	0.59692			6
2026.01.26	01:05:00.665	0.59691				2
2026.01.26	01:05:00.984	0.59694	0.59695			6
2026.01.26	01:05:01.604	0.59693	0.59694			6
2026.01.26	01:05:01.915	0.59694	0.59695			6
2026.01.26	01:05:02.231	0.59693	0.59694			6
2026.01.26	01:05:02.540	0.59691	0.59692			6
2026.01.26	01:05:02.863	0.59690	0.59693			6
2026.01.26	01:05:03.184	0.59691	0.59694			6
2026.01.26	01:05:04.119	0.59692	0.59695			6
2026.01.26	01:05:04.743	0.59695	0.59698			6
2026.01.26	01:05:06.597		0.59697			4
2026.01.26	01:05:07.229		0.59696			4
2026.01.26	01:05:07.540	0.59686	0.59689			6
2026.01.26	01:05:08.481	0.59685	0.59690			6
2026.01.26	01:05:08.786	0.59680	0.59684			6
2026.01.26	01:05:09.088		0.59683			4
2026.01.26	01:05:09.434	0.59679				2
2026.01.26	01:05:09.737	0.59680	0.59682			6
2026.01.26	01:05:10.390	0.59681				2
2026.01.26	01:05:10.736	0.59680	0.59681			6
2026.01.26	01:05:11.039	0.59675	0.59677			6
2026.01.26	01:05:12.996	0.59676	0.59678			6
2026.01.26	01:05:14.302	0.59677				2
2026.01.26	01:05:17.415	0.59672	0.59673			6
2026.01.26	01:05:19.274	0.59671				2
2026.01.26	01:05:19.924	0.59672				2
2026.01.26	01:05:21.804	0.59673	0.59674			6
2026.01.26	01:05:22.130	0.59677	0.59678			6
2026.01.26	01:05:25.866	0.59676	0.59677			6
2026.01.26	01:05:26.186	0.59677	0.59678			6
2026.01.26	01:05:26.497	0.59676				2
2026.01.26	01:05:27.147	0.59678	0.59679			6
2026.01.26	01:05:27.451	0.59677	0.59678			6
2026.01.26	01:05:29.007	0.59676	0.59677			6
2026.01.26	01:05:29.323	0.59675	0.59676			6
2026.01.26	01:05:31.484	0.59671	0.59672			6
2026.01.26	01:05:31.791	0.59670	0.59671			6
2026.01.26	01:05:32.115	0.59668	0.59669			6
2026.01.26	01:05:33.370	0.59667				2
2026.01.26	01:05:35.227	0.59665	0.59666			6
2026.01.26	01:05:36.800	0.59663	0.59665			6
2026.01.26	01:05:37.434	0.59664				2
2026.01.26	01:05:39.009	0.59665	0.59667			6
2026.01.26	01:05:39.311	0.59669	0.59670			6
2026.01.26	01:05:40.248	0.59668	0.59669			6
2026.01.26	01:05:40.867	0.59667	0.59668			6
2026.01.26	01:05:41.197	0.59666				2
2026.01.26	01:05:41.804		0.59667			4
2026.01.26	01:05:42.727	0.59669	0.59671			6
2026.01.26	01:05:43.041	0.59671	0.59672			6
2026.01.26	01:05:44.915	0.59672	0.59675			6
2026.01.26	01:05:45.232	0.59671	0.59674			6
2026.01.26	01:05:46.781	0.59672	0.59675			6
2026.01.26	01:05:47.083	0.59675	0.59677			6
2026.01.26	01:05:47.999	0.59674	0.59676			6
2026.01.26	01:05:48.302		0.59675			4
2026.01.26	01:05:48.623		0.59677			4
2026.01.26	01:05:48.931	0.59672	0.59674			6
2026.01.26	01:05:49.247	0.59673	0.59675			6
2026.01.26	01:05:49.551		0.59676			4
2026.01.26	01:05:50.182		0.59675			4
2026.01.26	01:05:52.363		0.59676			4
2026.01.26	01:05:53.305	0.59675	0.59677			6
2026.01.26	01:05:53.615	0.59676	0.59678			6
2026.01.26	01:06:00.192	0.59679	0.59681			6
2026.01.26	01:06:00.524	0.59677	0.59678			6
2026.01.26	01:06:01.150	0.59675				2
2026.01.26	01:06:02.733	0.59669	0.59672			6
2026.01.26	01:06:03.073		0.59673			4
2026.01.26	01:06:03.385	0.59668	0.59671			6
2026.01.26	01:06:03.688	0.59669	0.59672			6
2026.01.26	01:06:04.339	0.59668				2
2026.01.26	01:06:04.989	0.59669	0.59670			6
2026.01.26	01:06:05.945	0.59670	0.59674			6
2026.01.26	01:06:06.259	0.59674	0.59678			6
2026.01.26	01:06:06.597	0.59675				2
2026.01.26	01:06:06.944	0.59674				2
2026.01.26	01:06:07.247	0.59675				2
2026.01.26	01:06:07.550	0.59674				2
2026.01.26	01:06:10.458	0.59675				2
2026.01.26	01:06:10.762	0.59679	0.59683			6
2026.01.26	01:06:11.111	0.59680	0.59684			6
2026.01.26	01:06:11.762	0.59679	0.59683			6
2026.01.26	01:06:12.063	0.59678	0.59682			6
2026.01.26	01:06:13.019	0.59677	0.59681			6
2026.01.26	01:06:13.322	0.59675	0.59679			6
2026.01.26	01:06:13.636	0.59674	0.59678			6
2026.01.26	01:06:16.232	0.59673	0.59677			6
2026.01.26	01:06:16.880	0.59674	0.59678			6
2026.01.26	01:06:17.183		0.59677			4
2026.01.26	01:06:19.140	0.59675				2
2026.01.26	01:06:23.201	0.59674	0.59676			6
2026.01.26	01:06:24.125	0.59675				2
2026.01.26	01:06:24.431		0.59677			4
2026.01.26	01:06:25.057		0.59676			4
2026.01.26	01:06:29.092	0.59674				2
2026.01.26	01:06:29.725	0.59677	0.59679			6
2026.01.26	01:06:30.028	0.59680	0.59682			6
2026.01.26	01:06:31.301	0.59679	0.59683			6
2026.01.26	01:06:32.285		0.59682			4
2026.01.26	01:06:34.241	0.59680				2
2026.01.26	01:06:38.610	0.59679	0.59681			6
2026.01.26	01:06:38.915	0.59680	0.59682			6
2026.01.26	01:06:39.863	0.59682	0.59684			6
2026.01.26	01:06:40.165	0.59683				2
2026.01.26	01:06:40.786	0.59682				2
2026.01.26	01:06:42.951	0.59680	0.59682			6
2026.01.26	01:06:46.713	0.59682	0.59684			6
2026.01.26	01:06:47.041	0.59680	0.59681			6
2026.01.26	01:06:53.269	0.59679				2
2026.01.26	01:06:55.144	0.59680	0.59682			6
2026.01.26	01:06:56.430	0.59679	0.59681			6
2026.01.26	01:07:00.193	0.59679				2
2026.01.26	01:07:07.368	0.59680				2
2026.01.26	01:07:12.685	0.59682	0.59683			6
2026.01.26	01:07:12.998	0.59685	0.59686			6
2026.01.26	01:07:14.245	0.59683				2
2026.01.26	01:07:19.412	0.59684				2
2026.01.26	01:07:20.677	0.59683	0.59685			6
2026.01.26	01:07:20.988	0.59684	0.59686			6
2026.01.26	01:07:23.177	0.59683	0.59685			6
2026.01.26	01:07:25.658	0.59684	0.59686			6
2026.01.26	01:07:25.990	0.59683	0.59685			6
2026.01.26	01:07:26.293	0.59684	0.59686			6
2026.01.26	01:07:31.006	0.59683	0.59685			6
2026.01.26	01:07:33.488	0.59684	0.59686			6
2026.01.26	01:07:33.816	0.59683	0.59685			6
2026.01.26	01:07:35.071	0.59684	0.59686			6
2026.01.26	01:07:35.698	0.59683	0.59685			6
2026.01.26	01:07:36.329	0.59684	0.59686			6
2026.01.26	01:07:36.631	0.59683	0.59685			6
2026.01.26	01:07:41.322	0.59684	0.59686			6
2026.01.26	01:07:41.647	0.59683	0.59685			6
2026.01.26	01:07:42.571	0.59684	0.59686			6
2026.01.26	01:07:42.874	0.59687	0.59688			6
2026.01.26	01:07:43.178	0.59690	0.59692			6
2026.01.26	01:07:43.493	0.59691				2
2026.01.26	01:07:44.132		0.59693			4
2026.01.26	01:07:46.068		0.59694			4
2026.01.26	01:07:49.981	0.59692				2
2026.01.26	01:07:50.283	0.59695	0.59698			6
2026.01.26	01:07:50.587		0.59697			4
2026.01.26	01:07:51.587	0.59697	0.59699			6
2026.01.26	01:07:55.448	0.59692	0.59695			6
2026.01.26	01:07:55.753	0.59691	0.59694			6
2026.01.26	01:07:56.403		0.59695			4
2026.01.26	01:07:58.961	0.59692				2
2026.01.26	01:08:00.268	0.59692				2
2026.01.26	01:08:01.221		0.59694			4
2026.01.26	01:08:04.782	0.59696	0.59698			6
2026.01.26	01:08:05.133	0.59697				2
2026.01.26	01:08:05.437		0.59699			4
2026.01.26	01:08:05.788	0.59698				2
2026.01.26	01:08:06.441	0.59696				2
2026.01.26	01:08:08.398	0.59701	0.59703			6
2026.01.26	01:08:08.699	0.59703	0.59704			6
2026.01.26	01:08:09.003	0.59714	0.59715			6
2026.01.26	01:08:09.327	0.59716	0.59718			6
2026.01.26	01:08:09.653		0.59719			4
2026.01.26	01:08:10.653		0.59718			4
2026.01.26	01:08:11.656	0.59705	0.59709			6
2026.01.26	01:08:12.005	0.59703	0.59707			6
2026.01.26	01:08:12.344	0.59704				2
2026.01.26	01:08:14.620	0.59703				2
2026.01.26	01:08:14.923	0.59702	0.59706			6
2026.01.26	01:08:16.929	0.59706	0.59707			6
2026.01.26	01:08:17.232	0.59708	0.59709			6
2026.01.26	01:08:17.537	0.59713	0.59714			6
2026.01.26	01:08:18.840		0.59715			4
2026.01.26	01:08:21.753	0.59714				2
2026.01.26	01:08:23.058	0.59718	0.59719			6
2026.01.26	01:08:26.666	0.59705	0.59707			6
2026.01.26	01:08:26.986	0.59703	0.59705			6
2026.01.26	01:08:27.316		0.59706			4
2026.01.26	01:08:28.270	0.59706	0.59707			6
2026.01.26	01:08:28.586	0.59709	0.59710			6
2026.01.26	01:08:28.887	0.59712	0.59713			6
2026.01.26	01:08:29.218	0.59711				2
2026.01.26	01:08:29.523	0.59710				2
2026.01.26	01:08:30.179		0.59712			4
2026.01.26	01:08:34.106		0.59713			4
2026.01.26	01:08:35.392		0.59712			4
2026.01.26	01:08:38.006	0.59707	0.59710			6
2026.01.26	01:08:38.305	0.59713	0.59714			6
2026.01.26	01:08:39.255	0.59716	0.59717			6
2026.01.26	01:08:40.210	0.59712	0.59715			6
2026.01.26	01:08:40.536		0.59714			4
2026.01.26	01:08:40.850	0.59721	0.59722			6
2026.01.26	01:08:41.160	0.59723	0.59724			6
2026.01.26	01:08:41.768		0.59725			4
2026.01.26	01:08:44.025	0.59727	0.59728			6
2026.01.26	01:08:44.342	0.59728	0.59729			6
2026.01.26	01:08:47.235	0.59723	0.59725			6
2026.01.26	01:08:47.585		0.59724			4
2026.01.26	01:08:48.235	0.59724	0.59725			6
2026.01.26	01:08:48.541	0.59725	0.59726			6
2026.01.26	01:08:49.542	0.59727	0.59728			6
2026.01.26	01:08:49.890	0.59728	0.59729			6
2026.01.26	01:08:50.194	0.59727				2
2026.01.26	01:08:54.614	0.59733	0.59734			6
2026.01.26	01:08:55.537	0.59734	0.59735			6
2026.01.26	01:08:56.169	0.59735	0.59736			6
2026.01.26	01:08:57.118	0.59733	0.59734			6
2026.01.26	01:08:57.422	0.59732	0.59733			6
2026.01.26	01:08:57.724	0.59733	0.59734			6
2026.01.26	01:08:58.342	0.59732	0.59733			6
2026.01.26	01:08:58.975	0.59733	0.59734			6
2026.01.26	01:09:00.235	0.59733				2
2026.01.26	01:09:00.541	0.59731	0.59732			6
2026.01.26	01:09:01.789	0.59727	0.59728			6
2026.01.26	01:09:02.106	0.59726				2
2026.01.26	01:09:02.413		0.59727			4
2026.01.26	01:09:02.738	0.59724	0.59726			6
2026.01.26	01:09:03.040	0.59723	0.59724			6
2026.01.26	01:09:03.345	0.59729	0.59730			6
2026.01.26	01:09:05.247	0.59733	0.59734			6
2026.01.26	01:09:07.458	0.59734	0.59735			6
2026.01.26	01:09:07.806	0.59733	0.59734			6
2026.01.26	01:09:09.065	0.59729	0.59731			6
2026.01.26	01:09:09.373	0.59728	0.59730			6
2026.01.26	01:09:09.684	0.59731	0.59732			6
2026.01.26	01:09:10.620		0.59733			4
2026.01.26	01:09:11.242		0.59732			4
2026.01.26	01:09:11.569		0.59733			4
2026.01.26	01:09:13.097	0.59733	0.59734			6
2026.01.26	01:09:14.681	0.59736	0.59737			6
2026.01.26	01:09:14.985	0.59735	0.59736			6
2026.01.26	01:09:16.241	0.59736	0.59737			6
2026.01.26	01:09:20.652	0.59735	0.59736			6
2026.01.26	01:09:21.910	0.59736	0.59737			6
2026.01.26	01:09:24.415	0.59735	0.59736			6
2026.01.26	01:09:28.154	0.59740	0.59741			6
2026.01.26	01:09:28.459		0.59743			4
2026.01.26	01:09:28.781	0.59741	0.59744			6
2026.01.26	01:09:29.400	0.59740	0.59745			6
2026.01.26	01:09:30.084	0.59741	0.59746			6
2026.01.26	01:09:30.388		0.59745			4
2026.01.26	01:09:30.691		0.59744			4
2026.01.26	01:09:33.298	0.59738	0.59741			6
2026.01.26	01:09:33.601	0.59737	0.59740			6
2026.01.26	01:09:34.303	0.59740	0.59743			6
2026.01.26	01:09:35.254	0.59739				2
2026.01.26	01:09:35.558	0.59738	0.59742			6
2026.01.26	01:09:37.164		0.59741			4
2026.01.26	01:09:38.166	0.59739	0.59742			6
2026.01.26	01:09:38.519	0.59737	0.59740			6
2026.01.26	01:09:40.126	0.59740	0.59743			6
2026.01.26	01:09:41.429	0.59741				2
2026.01.26	01:09:42.356	0.59750	0.59752			6
2026.01.26	01:09:43.306	0.59749	0.59753			6
2026.01.26	01:09:46.502	0.59748	0.59752			6
2026.01.26	01:09:47.153	0.59749				2
2026.01.26	01:09:47.455		0.59753			4
2026.01.26	01:09:50.013	0.59748	0.59752			6
2026.01.26	01:09:50.361	0.59749				2
2026.01.26	01:09:51.624	0.59745	0.59748			6
2026.01.26	01:09:52.273		0.59749			4
2026.01.26	01:09:53.226		0.59748			4
2026.01.26	01:09:54.228		0.59746			4
2026.01.26	01:09:54.531	0.59737	0.59740			6
2026.01.26	01:09:57.091	0.59736	0.59738			6
2026.01.26	01:09:58.092		0.59739			4
2026.01.26	01:09:58.396	0.59737	0.59738			6
2026.01.26	01:09:58.698	0.59736	0.59737			6
2026.01.26	01:09:59.974	0.59735				2
2026.01.26	01:10:00.306	0.59736	0.59738			6
2026.01.26	01:10:01.567	0.59737				2
2026.01.26	01:10:03.491	0.59738	0.59740			6
2026.01.26	01:10:04.744	0.59741	0.59742			6
2026.01.26	01:10:05.048	0.59747	0.59749			6
2026.01.26	01:10:05.376	0.59748	0.59750			6
2026.01.26	01:10:05.980	0.59747	0.59749			6
2026.01.26	01:10:06.299	0.59746				2
2026.01.26	01:10:08.290	0.59744	0.59746			6
2026.01.26	01:10:08.939	0.59743				2
2026.01.26	01:10:09.242	0.59744				2
2026.01.26	01:10:11.196		0.59747			4
2026.01.26	01:10:11.500	0.59746	0.59749			6
2026.01.26	01:10:11.802		0.59748			4
2026.01.26	01:10:12.150	0.59745	0.59747			6
2026.01.26	01:10:13.422		0.59746			4
2026.01.26	01:10:15.008	0.59746	0.59748			6
2026.01.26	01:10:17.169		0.59747			4
2026.01.26	01:10:18.422		0.59748			4
2026.01.26	01:10:22.793	0.59747				2
2026.01.26	01:10:23.112	0.59746				2
2026.01.26	01:10:33.446	0.59747				2
2026.01.26	01:10:36.289	0.59750	0.59752			6
2026.01.26	01:10:37.213		0.59753			4
2026.01.26	01:10:38.496		0.59752			4
2026.01.26	01:10:38.800	0.59748	0.59751			6
2026.01.26	01:10:40.754	0.59750	0.59753			6
2026.01.26	01:10:42.011	0.59751	0.59754			6
2026.01.26	01:10:42.328	0.59750	0.59753			6
2026.01.26	01:10:43.616		0.59752			4
2026.01.26	01:10:44.890	0.59749	0.59751			6
2026.01.26	01:10:45.523	0.59751	0.59753			6
2026.01.26	01:10:46.127	0.59750	0.59752			6
2026.01.26	01:10:46.750	0.59753	0.59755			6
2026.01.26	01:10:47.379	0.59752				2
2026.01.26	01:10:48.031		0.59754			4
2026.01.26	01:10:48.334	0.59750	0.59753			6
2026.01.26	01:10:50.248	0.59751	0.59754			6
2026.01.26	01:10:50.897	0.59750	0.59753			6
2026.01.26	01:10:51.244	0.59749	0.59752			6
2026.01.26	01:10:51.548	0.59747	0.59749			6
2026.01.26	01:10:51.850	0.59746				2
2026.01.26	01:10:52.197	0.59745	0.59748			6
2026.01.26	01:10:54.419	0.59746	0.59749			6
2026.01.26	01:10:55.406		0.59748			4
2026.01.26	01:10:55.715		0.59749			4
2026.01.26	01:10:58.623		0.59747			4
2026.01.26	01:10:58.928	0.59745	0.59746			6
2026.01.26	01:11:00.199	0.59745				2
2026.01.26	01:11:00.502	0.59746	0.59747			6
2026.01.26	01:11:00.806	0.59745	0.59746			6
2026.01.26	01:11:05.499	0.59748	0.59750			6
2026.01.26	01:11:05.816	0.59749	0.59751			6
2026.01.26	01:11:06.119	0.59748	0.59752			6
2026.01.26	01:11:08.660	0.59749				2
2026.01.26	01:11:09.312	0.59748	0.59751			6
2026.01.26	01:11:11.267	0.59749				2
2026.01.26	01:11:11.873	0.59748				2
2026.01.26	01:11:12.525	0.59747	0.59750			6
2026.01.26	01:11:12.874		0.59748			4
2026.01.26	01:11:13.178	0.59746				2
2026.01.26	01:11:19.201	0.59747				2
2026.01.26	01:11:23.918	0.59748	0.59749			6
2026.01.26	01:11:24.235	0.59747	0.59748			6
2026.01.26	01:11:26.399	0.59746				2
2026.01.26	01:11:27.353	0.59747				2
2026.01.26	01:11:28.608	0.59746				2
2026.01.26	01:11:29.240	0.59747				2
2026.01.26	01:11:31.099	0.59746				2
2026.01.26	01:11:33.611	0.59743	0.59745			6
2026.01.26	01:11:33.929	0.59744				2
2026.01.26	01:11:34.231	0.59743				2
2026.01.26	01:11:34.547	0.59746	0.59748			6
2026.01.26	01:11:34.863	0.59745	0.59747			6
2026.01.26	01:11:35.165	0.59744				2
2026.01.26	01:11:35.817	0.59742	0.59744			6
2026.01.26	01:11:36.119	0.59741				2
2026.01.26	01:11:37.121	0.59738	0.59741			6
2026.01.26	01:11:37.423	0.59739	0.59742			6
2026.01.26	01:11:39.377	0.59738	0.59739			6
2026.01.26	01:11:39.679	0.59736				2
2026.01.26	01:11:39.982	0.59737				2
2026.01.26	01:11:41.938	0.59736				2
2026.01.26	01:11:43.848	0.59738	0.59740			6
2026.01.26	01:11:44.490	0.59737				2
2026.01.26	01:11:44.798		0.59739			4
2026.01.26	01:11:45.450	0.59743	0.59744			6
2026.01.26	01:11:45.751	0.59742				2
2026.01.26	01:11:46.404	0.59741				2
2026.01.26	01:11:46.748		0.59743			4
2026.01.26	01:11:47.404	0.59740				2
2026.01.26	01:11:47.709	0.59737	0.59739			6
2026.01.26	01:11:48.360	0.59732	0.59733			6
2026.01.26	01:11:49.314	0.59731				2
2026.01.26	01:11:50.955		0.59734			4
2026.01.26	01:11:53.880		0.59735			4
2026.01.26	01:11:54.184	0.59737	0.59739			6
2026.01.26	01:11:54.837		0.59740			4
2026.01.26	01:11:56.443	0.59736	0.59738			6
2026.01.26	01:11:57.700		0.59739			4
2026.01.26	01:11:58.352	0.59737	0.59740			6
2026.01.26	01:11:58.659	0.59738				2
2026.01.26	01:11:59.955	0.59737				2
2026.01.26	01:12:00.260	0.59737	0.59739			6
2026.01.26	01:12:00.590		0.59740			4
2026.01.26	01:12:00.891	0.59738				2
2026.01.26	01:12:01.511		0.59739			4
2026.01.26	01:12:01.812	0.59737				2
2026.01.26	01:12:02.468	0.59736				2
2026.01.26	01:12:05.374		0.59738			4
2026.01.26	01:12:07.284	0.59737				2
2026.01.26	01:12:07.598	0.59736	0.59737			6
2026.01.26	01:12:07.910	0.59739	0.59740			6
2026.01.26	01:12:08.219	0.59738	0.59739			6
2026.01.26	01:12:08.537	0.59741	0.59742			6
2026.01.26	01:12:08.840	0.59742	0.59743			6
2026.01.26	01:12:09.762	0.59740	0.59742			6
2026.01.26	01:12:10.091		0.59741			4
2026.01.26	01:12:10.395		0.59742			4
2026.01.26	01:12:10.697		0.59741			4
2026.01.26	01:12:11.319	0.59739				2
2026.01.26	01:12:12.296	0.59740				2
2026.01.26	01:12:13.221	0.59741	0.59742			6
2026.01.26	01:12:13.528		0.59743			4
2026.01.26	01:12:13.853	0.59743	0.59744			6
2026.01.26	01:12:15.382		0.59745			4
2026.01.26	01:12:16.660		0.59744			4
2026.01.26	01:12:17.915		0.59745			4
2026.01.26	01:12:25.090		0.59744			4
2026.01.26	01:12:27.577	0.59742	0.59743			6
2026.01.26	01:12:31.039	0.59743	0.59744			6
2026.01.26	01:12:32.924		0.59745			4
2026.01.26	01:12:34.289	0.59745	0.59746			6
2026.01.26	01:12:34.604	0.59744	0.59745			6
2026.01.26	01:12:36.490	0.59743				2
2026.01.26	01:12:37.291		0.59744			4
2026.01.26	01:12:37.596	0.59742	0.59743			6
2026.01.26	01:12:38.247	0.59741				2
2026.01.26	01:12:39.854	0.59737	0.59738			6
2026.01.26	01:12:40.173	0.59738	0.59739			6
2026.01.26	01:12:40.505	0.59737	0.59738			6
2026.01.26	01:12:40.808	0.59738	0.59739			6
2026.01.26	01:12:41.111	0.59739	0.59741			6
2026.01.26	01:12:41.459	0.59737	0.59738			6
2026.01.26	01:12:43.064	0.59738	0.59739			6
2026.01.26	01:12:43.412	0.59737	0.59738			6
2026.01.26	01:12:47.231	0.59738	0.59739			6
2026.01.26	01:12:48.401	0.59737				2
2026.01.26	01:12:50.022	0.59738				2
2026.01.26	01:12:50.378	0.59737				2
2026.01.26	01:12:51.041	0.59738				2
2026.01.26	01:12:54.879	0.59742	0.59743			6
2026.01.26	01:12:56.134	0.59741	0.59742			6
2026.01.26	01:12:58.070	0.59742	0.59743			6
2026.01.26	01:13:00.283	0.59740	0.59741			6
2026.01.26	01:13:00.585	0.59738	0.59740			6
2026.01.26	01:13:00.934	0.59737	0.59739			6
2026.01.26	01:13:03.192		0.59740			4
2026.01.26	01:13:03.496	0.59738				2
2026.01.26	01:13:05.754		0.59739			4
2026.01.26	01:13:06.709	0.59740	0.59742			6
2026.01.26	01:13:07.017		0.59743			4
2026.01.26	01:13:07.529	0.59739	0.59740			6
2026.01.26	01:13:09.464	0.59738				2
2026.01.26	01:13:12.426	0.59739				2
2026.01.26	01:13:14.306	0.59738				2
2026.01.26	01:13:14.607	0.59741	0.59743			6
2026.01.26	01:13:23.974	0.59742	0.59744			6
2026.01.26	01:13:25.204	0.59739	0.59740			6
2026.01.26	01:13:26.152	0.59738				2
2026.01.26	01:13:27.439	0.59736	0.59739			6
2026.01.26	01:13:30.350	0.59735	0.59738			6
2026.01.26	01:13:30.651	0.59739	0.59741			6
2026.01.26	01:13:31.303	0.59740	0.59742			6
2026.01.26	01:13:31.608	0.59741	0.59744			6
2026.01.26	01:13:31.922	0.59740	0.59742			6
2026.01.26	01:13:32.259	0.59739				2
2026.01.26	01:13:32.910		0.59741			4
2026.01.26	01:13:33.563	0.59738				2
2026.01.26	01:13:33.864		0.59740			4
2026.01.26	01:13:34.214	0.59739	0.59741			6
2026.01.26	01:13:34.517		0.59742			4
2026.01.26	01:13:35.169	0.59738	0.59740			6
2026.01.26	01:13:36.121	0.59737				2
2026.01.26	01:13:36.427	0.59736				2
2026.01.26	01:13:37.426	0.59737	0.59739			6
2026.01.26	01:13:42.851	0.59736				2
2026.01.26	01:13:43.852	0.59737	0.59740			6
2026.01.26	01:13:44.154	0.59738				2
2026.01.26	01:13:44.457	0.59737	0.59739			6
2026.01.26	01:13:44.775	0.59738				2
2026.01.26	01:13:45.386	0.59737				2
2026.01.26	01:13:48.876	0.59736				2
2026.01.26	01:13:49.178	0.59737				2
2026.01.26	01:13:50.133	0.59736				2
2026.01.26	01:13:52.741	0.59735	0.59738			6
2026.01.26	01:13:59.420	0.59736				2
2026.01.26	01:14:00.042	0.59736				2
2026.01.26	01:14:02.884	0.59737	0.59739			6
2026.01.26	01:14:15.184	0.59740	0.59742			6
2026.01.26	01:14:15.500	0.59742	0.59744			6
2026.01.26	01:14:16.434	0.59741				2
2026.01.26	01:14:21.252	0.59742				2
2026.01.26	01:14:22.205	0.59741				2
2026.01.26	01:14:30.236	0.59742				2
2026.01.26	01:14:50.599	0.59741	0.59743			6
2026.01.26	01:14:50.902	0.59740	0.59742			6
2026.01.26	01:14:54.363	0.59738	0.59740			6
2026.01.26	01:14:54.982	0.59741	0.59743			6
2026.01.26	01:14:55.313	0.59740				2
2026.01.26	01:14:59.125		0.59744			4
2026.01.26	01:15:00.449	0.59740				2
2026.01.26	01:15:01.635	0.59738	0.59741			6
2026.01.26	01:15:01.940		0.59740			4
2026.01.26	01:15:02.472	0.59736				2
2026.01.26	01:15:03.447		0.59739			4
2026.01.26	01:15:04.747		0.59740			4
2026.01.26	01:15:05.094		0.59738			4
2026.01.26	01:15:07.652		0.59739			4
2026.01.26	01:15:12.372	0.59735	0.59738			6
2026.01.26	01:15:12.715		0.59737			4
2026.01.26	01:15:13.714		0.59738			4
2026.01.26	01:15:14.016	0.59736	0.59739			6
2026.01.26	01:15:14.320	0.59735	0.59738			6
2026.01.26	01:15:16.331	0.59734	0.59736			6
2026.01.26	01:15:17.025		0.59735			4
2026.01.26	01:15:17.328	0.59727	0.59730			6
2026.01.26	01:15:17.631		0.59729			4
2026.01.26	01:15:18.935	0.59728	0.59730			6
2026.01.26	01:15:19.238		0.59731			4
2026.01.26	01:15:20.238		0.59732			4
2026.01.26	01:15:20.541	0.59732	0.59734			6
2026.01.26	01:15:20.842		0.59735			4
2026.01.26	01:15:26.011		0.59736			4
2026.01.26	01:15:26.966		0.59735			4
2026.01.26	01:15:27.921		0.59736			4
2026.01.26	01:15:28.225	0.59735	0.59738			6
2026.01.26	01:15:28.570	0.59734	0.59737			6
2026.01.26	01:15:28.920	0.59732	0.59735			6
2026.01.26	01:15:29.873		0.59736			4
2026.01.26	01:15:32.435	0.59733				2
2026.01.26	01:15:33.389	0.59732	0.59735			6
2026.01.26	01:15:34.995	0.59733	0.59736			6
2026.01.26	01:15:35.301	0.59732	0.59735			6
2026.01.26	01:15:38.208	0.59733				2
2026.01.26	01:15:39.130	0.59734	0.59736			6
2026.01.26	01:15:39.462	0.59737	0.59739			6
2026.01.26	01:15:40.413	0.59736	0.59740			6
2026.01.26	01:15:41.066	0.59737				2
2026.01.26	01:15:42.973	0.59736				2
2026.01.26	01:15:44.277	0.59737				2
2026.01.26	01:15:51.359	0.59738				2
2026.01.26	01:15:52.306	0.59744	0.59746			6
2026.01.26	01:15:53.233	0.59743	0.59747			6
2026.01.26	01:15:55.521	0.59741	0.59745			6
2026.01.26	01:15:58.080	0.59740	0.59744			6
2026.01.26	01:15:59.339	0.59741				2
2026.01.26	01:16:00.342	0.59741				2
2026.01.26	01:16:00.687		0.59745			4
2026.01.26	01:16:01.343	0.59740	0.59744			6
2026.01.26	01:16:01.647	0.59741	0.59745			6
2026.01.26	01:16:02.297		0.59744			4
2026.01.26	01:16:05.207	0.59742				2
2026.01.26	01:16:07.065	0.59740	0.59742			6
2026.01.26	01:16:07.369	0.59739	0.59741			6
2026.01.26	01:16:08.318	0.59738	0.59742			6
2026.01.26	01:16:08.624	0.59739	0.59743			6
2026.01.26	01:16:09.273		0.59742			4
2026.01.26	01:16:13.188		0.59741			4
2026.01.26	01:16:13.797	0.59740	0.59742			6
2026.01.26	01:16:15.048	0.59739	0.59741			6
2026.01.26	01:16:15.352	0.59738	0.59739			6
2026.01.26	01:16:15.669	0.59737				2
2026.01.26	01:16:16.002	0.59738	0.59740			6
2026.01.26	01:16:17.275	0.59737	0.59739			6
2026.01.26	01:16:17.881		0.59738			4
2026.01.26	01:16:19.162	0.59736				2
2026.01.26	01:16:20.118	0.59731	0.59732			6
2026.01.26	01:16:20.439	0.59728	0.59730			6
2026.01.26	01:16:20.768	0.59729				2
2026.01.26	01:16:21.073	0.59728				2
2026.01.26	01:16:21.392	0.59727				2
2026.01.26	01:16:23.331	0.59728				2
2026.01.26	01:16:23.663	0.59729				2
2026.01.26	01:16:24.936	0.59728				2
2026.01.26	01:16:26.239	0.59726	0.59728			6
2026.01.26	01:16:26.545	0.59725				2
2026.01.26	01:16:26.854	0.59724				2
2026.01.26	01:16:29.102	0.59725				2
2026.01.26	01:16:29.752	0.59723	0.59724			6
2026.01.26	01:16:30.059	0.59719	0.59722			6
2026.01.26	01:16:30.372	0.59717	0.59720			6
2026.01.26	01:16:30.708	0.59716	0.59719			6
2026.01.26	01:16:32.966	0.59715	0.59718			6
2026.01.26	01:16:33.283	0.59711	0.59714			6
2026.01.26	01:16:35.531	0.59714	0.59717			6
2026.01.26	01:16:36.829	0.59713				2
2026.01.26	01:16:37.693	0.59716	0.59719			6
2026.01.26	01:16:43.155	0.59717	0.59720			6
2026.01.26	01:16:43.807	0.59718				2
2026.01.26	01:16:44.455	0.59717	0.59719			6
2026.01.26	01:16:47.319	0.59718				2
2026.01.26	01:16:50.196		0.59720			4
2026.01.26	01:16:50.499	0.59717	0.59719			6
2026.01.26	01:16:58.326	0.59718				2
2026.01.26	01:17:00.192	0.59718				2
2026.01.26	01:17:03.646	0.59717				2
2026.01.26	01:17:04.930	0.59718				2
2026.01.26	01:17:05.853	0.59717				2
2026.01.26	01:17:14.284		0.59718			4
2026.01.26	01:17:15.523		0.59719			4
2026.01.26	01:17:20.843	0.59718				2
2026.01.26	01:17:21.470	0.59717				2
2026.01.26	01:17:22.418	0.59721	0.59722			6
2026.01.26	01:17:22.725	0.59723	0.59724			6
2026.01.26	01:17:23.354	0.59721				2
2026.01.26	01:17:26.265	0.59719	0.59721			6
2026.01.26	01:17:26.568	0.59718				2
2026.01.26	01:17:26.871	0.59719	0.59722			6
2026.01.26	01:17:27.221	0.59720	0.59723			6
2026.01.26	01:17:32.342	0.59721				2
2026.01.26	01:17:32.962	0.59719	0.59720			6
2026.01.26	01:17:33.266	0.59718				2
2026.01.26	01:17:33.595	0.59717	0.59719			6
2026.01.26	01:17:34.214		0.59720			4
2026.01.26	01:17:35.200	0.59716	0.59719			6
2026.01.26	01:17:36.807	0.59718	0.59721			6
2026.01.26	01:17:37.110	0.59721	0.59723			6
2026.01.26	01:17:37.413	0.59720				2
2026.01.26	01:17:39.065	0.59721				2
2026.01.26	01:17:40.323	0.59720				2
2026.01.26	01:17:41.304	0.59721				2
2026.01.26	01:17:42.632	0.59718	0.59721			6
2026.01.26	01:17:42.935	0.59717	0.59719			6
2026.01.26	01:17:43.241	0.59714	0.59717			6
2026.01.26	01:17:44.540	0.59715				2
2026.01.26	01:17:46.151	0.59714				2
2026.01.26	01:17:46.497		0.59715			4
2026.01.26	01:17:46.801	0.59712				2
2026.01.26	01:17:48.064	0.59709	0.59711			6
2026.01.26	01:17:48.373	0.59706	0.59708			6
2026.01.26	01:17:48.688	0.59705				2
2026.01.26	01:17:49.008	0.59704	0.59706			6
2026.01.26	01:17:49.311	0.59703				2
2026.01.26	01:17:49.620	0.59705	0.59708			6
2026.01.26	01:17:52.268	0.59706				2
2026.01.26	01:17:52.619	0.59705				2
2026.01.26	01:17:59.348	0.59706				2
2026.01.26	01:18:00.274	0.59706	0.59707			6
2026.01.26	01:18:00.578	0.59705	0.59706			6
2026.01.26	01:18:00.881	0.59701	0.59702			6
2026.01.26	01:18:01.209	0.59700	0.59703			6
2026.01.26	01:18:01.558	0.59698	0.59702			6
2026.01.26	01:18:03.819	0.59695	0.59699			6
2026.01.26	01:18:04.763	0.59698	0.59702			6
2026.01.26	01:18:05.375		0.59701			4
2026.01.26	01:18:06.329	0.59696	0.59700			6
2026.01.26	01:18:08.587	0.59697	0.59701			6
2026.01.26	01:18:08.902	0.59696	0.59700			6
2026.01.26	01:18:10.192		0.59699			4
2026.01.26	01:18:12.147	0.59697				2
2026.01.26	01:18:15.613	0.59701	0.59702			6
2026.01.26	01:18:16.233	0.59699	0.59703			6
2026.01.26	01:18:17.218	0.59700				2
2026.01.26	01:18:19.127		0.59702			4
2026.01.26	01:18:21.305		0.59701			4
2026.01.26	01:18:21.632	0.59699				2
2026.01.26	01:18:25.374	0.59698	0.59700			6
2026.01.26	01:18:25.702	0.59700	0.59701			6
2026.01.26	01:18:26.003	0.59699				2
2026.01.26	01:18:26.930	0.59700	0.59702			6
2026.01.26	01:18:27.863	0.59699	0.59701			6
2026.01.26	01:18:29.115	0.59700				2
2026.01.26	01:18:30.691	0.59698	0.59700			6
2026.01.26	01:18:30.995	0.59696	0.59698			6
2026.01.26	01:18:32.277	0.59695				2
2026.01.26	01:18:34.186	0.59696				2
2026.01.26	01:18:36.362	0.59694	0.59696			6
2026.01.26	01:18:38.220	0.59695				2
2026.01.26	01:18:40.710	0.59694				2
2026.01.26	01:18:44.473	0.59689	0.59691			6
2026.01.26	01:18:44.778	0.59691	0.59692			6
2026.01.26	01:18:45.726	0.59690				2
2026.01.26	01:18:46.028	0.59691				2
2026.01.26	01:18:46.331	0.59689				2
2026.01.26	01:18:46.983	0.59690	0.59694			6
2026.01.26	01:18:50.194		0.59693			4
2026.01.26	01:18:52.149	0.59691				2
2026.01.26	01:18:52.754	0.59690	0.59692			6
2026.01.26	01:18:54.006	0.59689	0.59691			6
2026.01.26	01:18:57.443	0.59695	0.59697			6
2026.01.26	01:18:57.773	0.59694	0.59696			6
2026.01.26	01:18:58.093	0.59697	0.59698			6
2026.01.26	01:18:58.394	0.59696				2
2026.01.26	01:18:59.346	0.59695	0.59699			6
2026.01.26	01:18:59.982	0.59694	0.59698			6
2026.01.26	01:19:00.331	0.59694				2
2026.01.26	01:19:01.286	0.59697	0.59700			6
2026.01.26	01:19:01.625	0.59696	0.59698			6
2026.01.26	01:19:01.938	0.59694				2
2026.01.26	01:19:02.241	0.59699	0.59702			6
2026.01.26	01:19:11.277	0.59700				2
2026.01.26	01:19:14.387	0.59696	0.59697			6
2026.01.26	01:19:14.704	0.59694	0.59696			6
2026.01.26	01:19:16.242	0.59693	0.59697			6
2026.01.26	01:19:16.549	0.59694				2
2026.01.26	01:19:16.901	0.59691	0.59694			6
2026.01.26	01:19:23.026	0.59690	0.59693			6
2026.01.26	01:19:25.283		0.59692			4
2026.01.26	01:19:26.207	0.59689	0.59691			6
2026.01.26	01:19:26.508	0.59690	0.59692			6
2026.01.26	01:19:27.142		0.59691			4
2026.01.26	01:19:29.314	0.59689				2
2026.01.26	01:19:30.249	0.59690				2
2026.01.26	01:19:30.551	0.59689				2
2026.01.26	01:19:36.195		0.59690			4
2026.01.26	01:19:38.083		0.59691			4
2026.01.26	01:19:40.290	0.59690				2
2026.01.26	01:19:41.541	0.59689				2
2026.01.26	01:19:44.352	0.59687	0.59689			6
2026.01.26	01:19:46.877	0.59688				2
2026.01.26	01:19:48.435	0.59686	0.59687			6
2026.01.26	01:19:48.764	0.59683	0.59685			6
2026.01.26	01:19:50.336	0.59682	0.59686			6
2026.01.26	01:19:52.929	0.59683				2
2026.01.26	01:19:53.278	0.59682	0.59685			6
2026.01.26	01:19:53.625	0.59681	0.59684			6
2026.01.26	01:19:55.231	0.59682				2
2026.01.26	01:19:58.059	0.59683	0.59685			6
2026.01.26	01:19:58.391	0.59685	0.59686			6
2026.01.26	01:19:59.313	0.59684	0.59687			6
2026.01.26	01:19:59.624	0.59682	0.59685			6
2026.01.26	01:20:00.250	0.59682				2
2026.01.26	01:20:00.902	0.59684	0.59687			6
2026.01.26	01:20:01.250	0.59685				2
2026.01.26	01:20:02.173	0.59684				2
2026.01.26	01:20:03.933	0.59687	0.59689			6
2026.01.26	01:20:04.239	0.59688	0.59690			6
2026.01.26	01:20:05.184	0.59687	0.59691			6
2026.01.26	01:20:05.824	0.59684	0.59688			6
2026.01.26	01:20:09.031	0.59685				2
2026.01.26	01:20:13.849	0.59684	0.59687			6
2026.01.26	01:20:14.195	0.59685				2
2026.01.26	01:20:15.124	0.59684	0.59686			6
2026.01.26	01:20:16.376	0.59683				2
2026.01.26	01:20:17.358	0.59684				2
2026.01.26	01:20:18.281	0.59683	0.59685			6
2026.01.26	01:20:19.519	0.59684				2
2026.01.26	01:20:20.145	0.59683				2
2026.01.26	01:20:20.469	0.59684				2
2026.01.26	01:20:21.696	0.59688	0.59689			6
2026.01.26	01:20:21.999	0.59687				2
2026.01.26	01:20:22.329		0.59688			4
2026.01.26	01:20:22.630		0.59689			4
2026.01.26	01:20:22.952	0.59686	0.59688			6
2026.01.26	01:20:23.283	0.59684				2
2026.01.26	01:20:27.150		0.59687			4
2026.01.26	01:20:28.405	0.59685				2
2026.01.26	01:20:30.278	0.59686				2
2026.01.26	01:20:31.517	0.59685				2
2026.01.26	01:20:36.532	0.59686				2
2026.01.26	01:20:46.573	0.59685				2
2026.01.26	01:20:49.738		0.59686			4
2026.01.26	01:20:50.356	0.59684				2
2026.01.26	01:20:52.217	0.59683	0.59685			6
2026.01.26	01:20:54.122	0.59684				2
2026.01.26	01:20:55.057		0.59686			4
2026.01.26	01:20:55.363	0.59685				2
2026.01.26	01:20:56.637	0.59684				2
2026.01.26	01:20:57.274	0.59685				2
2026.01.26	01:20:57.589	0.59684				2
2026.01.26	01:20:57.927	0.59685				2
2026.01.26	01:20:59.180	0.59684				2
2026.01.26	01:20:59.487	0.59685				2
2026.01.26	01:20:59.804	0.59684	0.59685			6
2026.01.26	01:21:00.135	0.59684				2
2026.01.26	01:21:00.453	0.59685	0.59686			6
2026.01.26	01:21:00.757	0.59684	0.59685			6
2026.01.26	01:21:01.088	0.59683				2
2026.01.26	01:21:01.436	0.59684				2
2026.01.26	01:21:04.223	0.59679	0.59681			6
2026.01.26	01:21:04.555	0.59675	0.59677			6
2026.01.26	01:21:04.904	0.59674	0.59676			6
2026.01.26	01:21:05.207	0.59673	0.59677			6
2026.01.26	01:21:14.790	0.59674	0.59678			6
2026.01.26	01:21:15.139	0.59678	0.59682			6
2026.01.26	01:21:17.335	0.59679	0.59683			6
2026.01.26	01:21:19.263	0.59680	0.59684			6
2026.01.26	01:21:19.579	0.59681	0.59685			6
2026.01.26	01:21:20.961	0.59683	0.59687			6
2026.01.26	01:21:21.313		0.59686			4
2026.01.26	01:21:21.663	0.59684	0.59687			6
2026.01.26	01:21:25.184		0.59686			4
2026.01.26	01:21:28.059	0.59688	0.59690			6
2026.01.26	01:21:28.363	0.59689	0.59691			6
2026.01.26	01:21:29.346	0.59688	0.59692			6
2026.01.26	01:21:30.845	0.59694	0.59698			6
2026.01.26	01:21:31.157	0.59698	0.59702			6
2026.01.26	01:21:31.460	0.59699	0.59703			6
2026.01.26	01:21:32.110	0.59698	0.59702			6
2026.01.26	01:21:32.420	0.59699	0.59703			6
2026.01.26	01:21:34.019	0.59701	0.59705			6
2026.01.26	01:21:35.316	0.59699	0.59703			6
2026.01.26	01:21:41.447	0.59698	0.59702			6
2026.01.26	01:21:42.093	0.59699				2
2026.01.26	01:21:42.445	0.59698	0.59701			6
2026.01.26	01:21:44.800	0.59699	0.59702			6
2026.01.26	01:21:46.107		0.59701			4
2026.01.26	01:21:51.784	0.59701	0.59703			6
2026.01.26	01:21:52.433	0.59702	0.59704			6
2026.01.26	01:21:53.387	0.59701				2
2026.01.26	01:21:55.997	0.59699	0.59702			6
2026.01.26	01:21:56.303	0.59697	0.59700			6
2026.01.26	01:21:56.648	0.59696	0.59699			6
2026.01.26	01:21:57.301		0.59700			4
2026.01.26	01:21:59.256	0.59695	0.59699			6
2026.01.26	01:22:00.215	0.59695	0.59698			6
2026.01.26	01:22:04.436	0.59696				2
2026.01.26	01:22:06.295	0.59695	0.59697			6
2026.01.26	01:22:17.950	0.59693	0.59695			6
2026.01.26	01:22:18.255	0.59690	0.59691			6
2026.01.26	01:22:18.560	0.59689	0.59690			6
2026.01.26	01:22:19.202	0.59687	0.59691			6
2026.01.26	01:22:20.810	0.59685	0.59689			6
2026.01.26	01:22:21.160	0.59687	0.59691			6
2026.01.26	01:22:24.169	0.59688				2
2026.01.26	01:22:24.776	0.59685	0.59687			6
2026.01.26	01:22:25.082	0.59683	0.59686			6
2026.01.26	01:22:26.382	0.59682				2
2026.01.26	01:22:28.338	0.59683				2
2026.01.26	01:22:29.295	0.59682	0.59685			6
2026.01.26	01:22:29.948	0.59680	0.59683			6
2026.01.26	01:22:30.255	0.59678	0.59681			6
2026.01.26	01:22:31.305		0.59682			4
2026.01.26	01:22:32.302		0.59681			4
2026.01.26	01:22:33.563	0.59681	0.59684			6
2026.01.26	01:22:33.911	0.59682	0.59685			6
2026.01.26	01:22:34.212	0.59681				2
2026.01.26	01:22:35.817	0.59680	0.59684			6
2026.01.26	01:22:36.118	0.59681	0.59685			6
2026.01.26	01:22:36.422	0.59678	0.59682			6
2026.01.26	01:22:39.428		0.59680			4
2026.01.26	01:22:39.733	0.59673	0.59676			6
2026.01.26	01:22:40.350	0.59672				2
2026.01.26	01:22:40.989	0.59673				2
2026.01.26	01:22:41.632	0.59669	0.59673			6
2026.01.26	01:22:42.544		0.59672			4
2026.01.26	01:22:43.847		0.59673			4
2026.01.26	01:22:44.154	0.59674	0.59677			6
2026.01.26	01:22:45.149	0.59673				2
2026.01.26	01:22:49.420	0.59674				2
2026.01.26	01:22:50.373	0.59673	0.59676			6
2026.01.26	01:22:52.328	0.59674				2
2026.01.26	01:22:53.250	0.59675	0.59677			6
2026.01.26	01:22:55.107	0.59673	0.59674			6
2026.01.26	01:22:55.738	0.59672	0.59673			6
2026.01.26	01:22:56.041	0.59671	0.59672			6
2026.01.26	01:22:56.365	0.59669	0.59673			6
2026.01.26	01:22:56.994		0.59672			4
2026.01.26	01:22:58.448	0.59668	0.59671			6
2026.01.26	01:22:58.799	0.59669	0.59672			6
2026.01.26	01:23:00.102	0.59669	0.59671			6
2026.01.26	01:23:03.570	0.59670				2
2026.01.26	01:23:04.176		0.59672			4
2026.01.26	01:23:06.355	0.59673	0.59675			6
2026.01.26	01:23:06.683	0.59674	0.59676			6
2026.01.26	01:23:07.290	0.59673				2
2026.01.26	01:23:08.596		0.59674			4
2026.01.26	01:23:08.899	0.59669	0.59672			6
2026.01.26	01:23:09.246		0.59673			4
2026.01.26	01:23:09.900	0.59670				2
2026.01.26	01:23:10.205	0.59672	0.59676			6
2026.01.26	01:23:10.910	0.59673	0.59677			6
2026.01.26	01:23:11.912		0.59676			4
2026.01.26	01:23:12.214		0.59677			4
2026.01.26	01:23:12.866		0.59676			4
2026.01.26	01:23:13.173	0.59672				2
2026.01.26	01:23:13.518	0.59673	0.59677			6
2026.01.26	01:23:15.430		0.59676			4
2026.01.26	01:23:17.387	0.59674				2
2026.01.26	01:23:20.203	0.59675				2
2026.01.26	01:23:20.520	0.59674				2
2026.01.26	01:23:21.156	0.59675	0.59677			6
2026.01.26	01:23:21.476	0.59673	0.59675			6
2026.01.26	01:23:21.779	0.59670	0.59671			6
2026.01.26	01:23:22.410	0.59669	0.59673			6
2026.01.26	01:23:23.061	0.59668	0.59672			6
2026.01.26	01:23:23.367	0.59670	0.59674			6
2026.01.26	01:23:23.682	0.59669	0.59673			6
2026.01.26	01:23:25.325	0.59670				2
2026.01.26	01:23:25.676	0.59669	0.59672			6
2026.01.26	01:23:27.283	0.59670				2
2026.01.26	01:23:28.859	0.59672	0.59674			6
2026.01.26	01:23:30.463	0.59671	0.59673			6
2026.01.26	01:23:35.530	0.59669	0.59671			6
2026.01.26	01:23:36.813	0.59668	0.59670			6
2026.01.26	01:23:38.085	0.59670	0.59672			6
2026.01.26	01:23:39.346	0.59669				2
2026.01.26	01:23:39.974	0.59668	0.59671			6
2026.01.26	01:23:42.234		0.59670			4
2026.01.26	01:23:43.163	0.59669	0.59671			6
2026.01.26	01:23:44.142		0.59670			4
2026.01.26	01:23:45.093	0.59668				2
2026.01.26	01:23:45.742	0.59667	0.59669			6
2026.01.26	01:23:46.045	0.59669	0.59671			6
2026.01.26	01:23:46.359	0.59666	0.59668			6
2026.01.26	01:23:46.664		0.59667			4
2026.01.26	01:23:47.612		0.59668			4
2026.01.26	01:23:47.916	0.59667				2
2026.01.26	01:23:48.247	0.59664	0.59665			6
2026.01.26	01:23:48.573	0.59663				2
2026.01.26	01:23:48.898	0.59658	0.59660			6
2026.01.26	01:23:49.217		0.59661			4
2026.01.26	01:23:49.524	0.59661	0.59664			6
2026.01.26	01:23:49.857		0.59665			4
2026.01.26	01:23:52.767	0.59659	0.59663			6
2026.01.26	01:23:53.071	0.59658	0.59662			6
2026.01.26	01:23:56.034		0.59661			4
2026.01.26	01:23:56.642		0.59660			4
2026.01.26	01:24:00.297	0.59658	0.59659			6
2026.01.26	01:24:02.202	0.59662	0.59664			6
2026.01.26	01:24:02.827	0.59660	0.59661			6
2026.01.26	01:24:03.150	0.59659	0.59660			6
2026.01.26	01:24:05.966	0.59658				2
2026.01.26	01:24:06.269		0.59659			4
2026.01.26	01:24:06.583	0.59657				2
2026.01.26	01:24:07.521		0.59658			4
2026.01.26	01:24:07.843		0.59659			4
2026.01.26	01:24:08.491	0.59658				2
2026.01.26	01:24:08.794	0.59656	0.59658			6
2026.01.26	01:24:09.096	0.59657				2
2026.01.26	01:24:11.005	0.59656				2
2026.01.26	01:24:11.309	0.59657	0.59659			6
2026.01.26	01:24:12.592	0.59654	0.59656			6
2026.01.26	01:24:12.895	0.59657	0.59658			6
2026.01.26	01:24:13.213	0.59656				2
2026.01.26	01:24:13.518	0.59657	0.59659			6
2026.01.26	01:24:13.848	0.59658				2
2026.01.26	01:24:15.766	0.59657				2
2026.01.26	01:24:16.074	0.59656	0.59658			6
2026.01.26	01:24:16.724	0.59655	0.59657			6
2026.01.26	01:24:17.963	0.59654	0.59656			6
2026.01.26	01:24:18.286	0.59653	0.59655			6
2026.01.26	01:24:22.348	0.59654				2
2026.01.26	01:24:26.702	0.59653				2
2026.01.26	01:24:29.215	0.59652	0.59653			6
2026.01.26	01:24:29.540	0.59651	0.59652			6
2026.01.26	01:24:30.180	0.59650				2
2026.01.26	01:24:33.278	0.59651				2
2026.01.26	01:24:33.899	0.59656	0.59658			6
2026.01.26	01:24:34.202		0.59659			4
2026.01.26	01:24:34.533	0.59654	0.59657			6
2026.01.26	01:24:34.838		0.59656			4
2026.01.26	01:24:35.886		0.59657			4
2026.01.26	01:24:36.492		0.59656			4
2026.01.26	01:24:36.842		0.59655			4
2026.01.26	01:24:37.145	0.59651				2
2026.01.26	01:24:37.796	0.59652	0.59656			6
2026.01.26	01:24:41.320	0.59651	0.59655			6
2026.01.26	01:24:42.321	0.59652				2
2026.01.26	01:24:44.230	0.59653				2
2026.01.26	01:24:44.853	0.59652	0.59654			6
2026.01.26	01:24:45.185	0.59653	0.59655			6
2026.01.26	01:24:46.455		0.59654			4
2026.01.26	01:24:46.759	0.59652				2
2026.01.26	01:24:47.390	0.59653				2
2026.01.26	01:24:49.904	0.59652				2
2026.01.26	01:24:50.207	0.59653				2
2026.01.26	01:24:51.157	0.59651	0.59653			6
2026.01.26	01:24:51.477	0.59652	0.59654			6
2026.01.26	01:24:56.525	0.59655	0.59656			6
2026.01.26	01:24:56.839	0.59657	0.59659			6
2026.01.26	01:24:57.146	0.59656	0.59658			6
2026.01.26	01:25:00.087	0.59656				2
2026.01.26	01:25:00.389	0.59655				2
2026.01.26	01:25:00.693	0.59653	0.59656			6
2026.01.26	01:25:01.343		0.59657			4
2026.01.26	01:25:02.300		0.59656			4
2026.01.26	01:25:04.304	0.59654				2
2026.01.26	01:25:05.880	0.59653	0.59655			6
2026.01.26	01:25:07.464	0.59652	0.59654			6
2026.01.26	01:25:08.090	0.59653	0.59655			6
2026.01.26	01:25:08.421		0.59654			4
2026.01.26	01:25:09.038		0.59655			4
2026.01.26	01:25:10.277	0.59649	0.59651			6
2026.01.26	01:25:10.594		0.59650			4
2026.01.26	01:25:11.225	0.59648	0.59652			6
2026.01.26	01:25:12.787	0.59647	0.59651			6
2026.01.26	01:25:13.136	0.59648				2
2026.01.26	01:25:13.439	0.59649	0.59652			6
2026.01.26	01:25:14.093	0.59648	0.59651			6
2026.01.26	01:25:15.394	0.59649				2
2026.01.26	01:25:16.318	0.59648	0.59650			6
2026.01.26	01:25:18.528	0.59649	0.59651			6
2026.01.26	01:25:19.160	0.59648	0.59650			6
2026.01.26	01:25:19.462	0.59647	0.59649			6
2026.01.26	01:25:22.922	0.59646	0.59648			6
2026.01.26	01:25:24.178	0.59629	0.59633			6
2026.01.26	01:25:24.528	0.59628	0.59632			6
2026.01.26	01:25:24.876	0.59629	0.59633			6
2026.01.26	01:25:25.181	0.59628	0.59632			6
2026.01.26	01:25:28.696		0.59631			4
2026.01.26	01:25:29.348	0.59632	0.59635			6
2026.01.26	01:25:32.080	0.59627	0.59630			6
2026.01.26	01:25:32.385		0.59629			4
2026.01.26	01:25:33.367	0.59628				2
2026.01.26	01:25:34.021	0.59627				2
2026.01.26	01:25:34.372	0.59628				2
2026.01.26	01:25:34.721	0.59627				2
2026.01.26	01:25:37.180	0.59628				2
2026.01.26	01:25:37.834	0.59627				2
2026.01.26	01:25:38.840	0.59628				2
2026.01.26	01:25:41.352		0.59630			4
2026.01.26	01:25:42.273	0.59625	0.59627			6
2026.01.26	01:25:42.603	0.59626	0.59628			6
2026.01.26	01:25:43.208	0.59625	0.59626			6
2026.01.26	01:25:45.438	0.59624				2
2026.01.26	01:25:51.382	0.59625				2
2026.01.26	01:25:55.748	0.59624				2
2026.01.26	01:25:59.811	0.59628	0.59629			6
2026.01.26	01:26:00.116	0.59629	0.59630			6
2026.01.26	01:26:00.418	0.59633	0.59635			6
2026.01.26	01:26:00.720	0.59635	0.59637			6
2026.01.26	01:26:01.037		0.59636			4
2026.01.26	01:26:01.339	0.59633				2
2026.01.26	01:26:01.671	0.59632				2
2026.01.26	01:26:03.341	0.59634	0.59638			6
2026.01.26	01:26:05.924	0.59633	0.59636			6
2026.01.26	01:26:06.237	0.59634				2
2026.01.26	01:26:07.190	0.59635				2
2026.01.26	01:26:07.499	0.59638	0.59639			6
2026.01.26	01:26:08.796		0.59641			4
2026.01.26	01:26:09.122		0.59639			4
2026.01.26	01:26:09.442	0.59639	0.59642			6
2026.01.26	01:26:10.403	0.59641				2
2026.01.26	01:26:18.328	0.59642	0.59644			6
2026.01.26	01:26:20.838	0.59643				2
2026.01.26	01:26:21.142		0.59645			4
2026.01.26	01:26:21.457	0.59649	0.59650			6
2026.01.26	01:26:23.999	0.59648	0.59649			6
2026.01.26	01:26:24.316	0.59647				2
2026.01.26	01:26:25.608	0.59643	0.59644			6
2026.01.26	01:26:25.950	0.59642				2
2026.01.26	01:26:28.820	0.59643				2
2026.01.26	01:26:30.739	0.59644	0.59647			6
2026.01.26	01:26:31.077		0.59646			4
2026.01.26	01:26:34.288	0.59645				2
2026.01.26	01:26:34.592	0.59644	0.59645			6
2026.01.26	01:26:35.215	0.59643	0.59644			6
2026.01.26	01:26:39.579	0.59644	0.59645			6
2026.01.26	01:26:49.903		0.59646			4
2026.01.26	01:26:59.001		0.59645			4
2026.01.26	01:26:59.310	0.59642	0.59644			6
2026.01.26	01:26:59.939	0.59643				2
2026.01.26	01:27:00.256	0.59644	0.59645			6
2026.01.26	01:27:00.863	0.59642	0.59644			6
2026.01.26	01:27:03.724	0.59641	0.59643			6
2026.01.26	01:27:05.628	0.59643	0.59644			6
2026.01.26	01:27:06.882	0.59644	0.59645			6
2026.01.26	01:27:07.216	0.59643	0.59644			6
2026.01.26	01:27:08.171	0.59644	0.59645			6
2026.01.26	01:27:12.235	0.59646	0.59648			6
2026.01.26	01:27:12.560	0.59649	0.59650			6
2026.01.26	01:27:14.497	0.59647	0.59649			6
2026.01.26	01:27:16.104	0.59646				2
2026.01.26	01:27:18.013	0.59649	0.59650			6
2026.01.26	01:27:18.983		0.59651			4
2026.01.26	01:27:19.315		0.59650			4
2026.01.26	01:27:21.798	0.59650	0.59652			6
2026.01.26	01:27:23.981	0.59651	0.59653			6
2026.01.26	01:27:24.285	0.59652	0.59654			6
2026.01.26	01:27:33.039	0.59651	0.59653			6
2026.01.26	01:27:33.366	0.59652	0.59654			6
2026.01.26	01:27:35.195		0.59653			4
2026.01.26	01:27:36.179		0.59654			4
2026.01.26	01:27:37.734		0.59653			4
2026.01.26	01:27:38.355		0.59654			4
2026.01.26	01:27:39.595		0.59653			4
2026.01.26	01:27:39.910		0.59654			4
2026.01.26	01:27:40.516		0.59653			4
2026.01.26	01:27:40.847	0.59653	0.59654			6
2026.01.26	01:27:48.072	0.59654	0.59656			6
2026.01.26	01:27:48.725	0.59655	0.59657			6
2026.01.26	01:27:49.331	0.59654				2
2026.01.26	01:27:53.848	0.59652	0.59655			6
2026.01.26	01:27:54.153	0.59651	0.59652			6
2026.01.26	01:27:56.406	0.59649				2
2026.01.26	01:28:00.272	0.59649				2
2026.01.26	01:28:02.182		0.59651			4
2026.01.26	01:28:04.136	0.59650				2
2026.01.26	01:28:05.742	0.59649				2
2026.01.26	01:28:15.528	0.59647	0.59649			6
2026.01.26	01:28:15.833		0.59648			4
2026.01.26	01:28:16.147	0.59642	0.59644			6
2026.01.26	01:28:16.753	0.59638	0.59640			6
2026.01.26	01:28:17.063	0.59639	0.59641			6
2026.01.26	01:28:17.380	0.59638	0.59642			6
2026.01.26	01:28:20.548		0.59641			4
2026.01.26	01:28:20.859	0.59637				2
2026.01.26	01:28:21.546	0.59638	0.59642			6
2026.01.26	01:28:25.367		0.59641			4
2026.01.26	01:28:29.230	0.59639				2
2026.01.26	01:28:29.547	0.59638	0.59640			6
2026.01.26	01:28:29.854	0.59639	0.59641			6
2026.01.26	01:28:30.185	0.59638	0.59640			6
2026.01.26	01:28:30.502	0.59639	0.59641			6
2026.01.26	01:28:32.392	0.59638	0.59640			6
2026.01.26	01:28:33.012	0.59639	0.59641			6
2026.01.26	01:28:33.316	0.59638	0.59640			6
2026.01.26	01:28:33.646	0.59635	0.59637			6
2026.01.26	01:28:33.948	0.59630	0.59632			6
2026.01.26	01:28:34.252	0.59628	0.59631			6
2026.01.26	01:28:35.249		0.59632			4
2026.01.26	01:28:38.164	0.59632	0.59635			6
2026.01.26	01:28:38.472		0.59636			4
2026.01.26	01:28:38.815	0.59634	0.59638			6
2026.01.26	01:28:41.709	0.59633	0.59637			6
2026.01.26	01:28:42.020	0.59632	0.59636			6
2026.01.26	01:28:44.588	0.59630	0.59634			6
2026.01.26	01:28:46.193		0.59633			4
2026.01.26	01:28:47.481	0.59628	0.59631			6
2026.01.26	01:28:47.799	0.59627	0.59630			6
2026.01.26	01:28:48.147	0.59626				2
2026.01.26	01:28:49.061	0.59624	0.59628			6
2026.01.26	01:28:53.266		0.59627			4
2026.01.26	01:28:56.177	0.59625				2
2026.01.26	01:28:59.285	0.59626	0.59628			6
2026.01.26	01:29:00.211	0.59625	0.59627			6
2026.01.26	01:29:02.404	0.59627	0.59628			6
2026.01.26	01:29:02.721	0.59626				2
2026.01.26	01:29:03.023	0.59627	0.59629			6
2026.01.26	01:29:04.584	0.59626	0.59627			6
2026.01.26	01:29:05.211		0.59628			4
2026.01.26	01:29:05.832	0.59627	0.59629			6
2026.01.26	01:29:08.023	0.59630	0.59632			6
2026.01.26	01:29:08.341	0.59629	0.59631			6
2026.01.26	01:29:08.973	0.59628	0.59630			6
2026.01.26	01:29:10.528	0.59627	0.59629			6
2026.01.26	01:29:16.758	0.59628				2
2026.01.26	01:29:18.314	0.59627				2
2026.01.26	01:29:18.944	0.59629	0.59631			6
2026.01.26	01:29:20.492	0.59632	0.59634			6
2026.01.26	01:29:20.826	0.59633				2
2026.01.26	01:29:21.142		0.59635			4
2026.01.26	01:29:21.447	0.59634	0.59636			6
2026.01.26	01:29:22.054	0.59630	0.59632			6
2026.01.26	01:29:22.382	0.59629				2
2026.01.26	01:29:23.335		0.59633			4
2026.01.26	01:29:28.249	0.59628	0.59632			6
2026.01.26	01:29:28.555	0.59631	0.59635			6
2026.01.26	01:29:28.859	0.59630	0.59634			6
2026.01.26	01:29:29.841	0.59633	0.59637			6
2026.01.26	01:29:31.117	0.59632	0.59635			6
2026.01.26	01:29:33.381	0.59631	0.59634			6
2026.01.26	01:29:33.688		0.59633			4
2026.01.26	01:29:34.378		0.59634			4
2026.01.26	01:29:35.376		0.59633			4
2026.01.26	01:29:36.624	0.59633	0.59635			6
2026.01.26	01:29:37.559	0.59634	0.59636			6
2026.01.26	01:29:39.122		0.59635			4
2026.01.26	01:29:42.888	0.59633	0.59634			6
2026.01.26	01:29:45.091	0.59632				2
2026.01.26	01:29:52.023	0.59633	0.59635			6
2026.01.26	01:29:56.117	0.59635	0.59637			6
2026.01.26	01:29:57.367	0.59634				2
2026.01.26	01:29:59.624	0.59632	0.59635			6
2026.01.26	01:30:00.230	0.59631				2
2026.01.26	01:30:00.882	0.59632	0.59636			6
2026.01.26	01:30:01.534	0.59631	0.59634			6
2026.01.26	01:30:01.835	0.59630	0.59633			6
2026.01.26	01:30:02.172	0.59631	0.59635			6
2026.01.26	01:30:02.838	0.59630	0.59634			6
2026.01.26	01:30:03.443	0.59627	0.59631			6
2026.01.26	01:30:03.791	0.59625	0.59629			6
2026.01.26	01:30:06.049	0.59618	0.59622			6
2026.01.26	01:30:06.655	0.59624	0.59628			6
2026.01.26	01:30:07.327	0.59623	0.59627			6
2026.01.26	01:30:08.963	0.59622	0.59626			6
2026.01.26	01:30:09.310	0.59621	0.59625			6
2026.01.26	01:30:10.265	0.59623	0.59627			6
2026.01.26	01:30:13.780	0.59620	0.59624			6
2026.01.26	01:30:14.431	0.59621	0.59625			6
2026.01.26	01:30:15.389	0.59622				2
2026.01.26	01:30:15.737	0.59621	0.59624			6
2026.01.26	01:30:16.343	0.59618	0.59621			6
2026.01.26	01:30:16.692	0.59616	0.59619			6
2026.01.26	01:30:16.993	0.59612	0.59615			6
2026.01.26	01:30:17.344		0.59616			4
2026.01.26	01:30:17.645	0.59611	0.59615			6
2026.01.26	01:30:18.599	0.59612	0.59616			6
2026.01.26	01:30:19.252	0.59610	0.59614			6
2026.01.26	01:30:20.554	0.59614	0.59616			6
2026.01.26	01:30:20.857	0.59613	0.59617			6
2026.01.26	01:30:25.375	0.59612	0.59615			6
2026.01.26	01:30:25.677	0.59606	0.59610			6
2026.01.26	01:30:26.352	0.59604	0.59608			6
2026.01.26	01:30:26.670	0.59603	0.59607			6
2026.01.26	01:30:27.899	0.59601	0.59605			6
2026.01.26	01:30:29.489	0.59602				2
2026.01.26	01:30:30.127	0.59601				2
2026.01.26	01:30:30.429	0.59594	0.59598			6
2026.01.26	01:30:32.699	0.59595				2
2026.01.26	01:30:33.001	0.59593	0.59597			6
2026.01.26	01:30:33.322	0.59594	0.59598			6
2026.01.26	01:30:33.627	0.59602	0.59603			6
2026.01.26	01:30:33.930	0.59604	0.59608			6
2026.01.26	01:30:34.902		0.59607			4
2026.01.26	01:30:35.555	0.59602	0.59606			6
2026.01.26	01:30:35.860	0.59603				2
2026.01.26	01:30:38.183	0.59608	0.59610			6
2026.01.26	01:30:38.814	0.59609				2
2026.01.26	01:30:40.432	0.59608	0.59609			6
2026.01.26	01:30:40.745	0.59607	0.59610			6
2026.01.26	01:30:43.334	0.59608				2
2026.01.26	01:30:48.305	0.59609				2
2026.01.26	01:30:49.271	0.59608	0.59609			6
2026.01.26	01:30:51.126		0.59610			4
2026.01.26	01:30:56.489	0.59606	0.59607			6
2026.01.26	01:30:56.799	0.59607	0.59609			6
2026.01.26	01:30:57.132		0.59608			4
2026.01.26	01:30:57.781	0.59606				2
2026.01.26	01:30:58.099	0.59602	0.59604			6
2026.01.26	01:30:58.432	0.59603	0.59605			6
2026.01.26	01:31:00.086	0.59603				2
2026.01.26	01:31:00.391	0.59602	0.59604			6
2026.01.26	01:31:01.390	0.59603				2
2026.01.26	01:31:07.074	0.59602				2
2026.01.26	01:31:08.333	0.59611	0.59613			6
2026.01.26	01:31:08.644	0.59614	0.59616			6
2026.01.26	01:31:09.278	0.59613				2
2026.01.26	01:31:10.265	0.59614				2
2026.01.26	01:31:12.222	0.59613				2
2026.01.26	01:31:13.180	0.59611	0.59614			6
2026.01.26	01:31:13.484	0.59606	0.59608			6
2026.01.26	01:31:13.827	0.59605				2
2026.01.26	01:31:17.789	0.59606				2
2026.01.26	01:31:18.442	0.59609	0.59612			6
2026.01.26	01:31:18.745	0.59612	0.59613			6
2026.01.26	01:31:19.096		0.59616			4
2026.01.26	01:31:19.404	0.59614				2
2026.01.26	01:31:19.713	0.59613				2
2026.01.26	01:31:20.700	0.59614				2
2026.01.26	01:31:27.321	0.59615				2
2026.01.26	01:31:30.490	0.59613	0.59615			6
2026.01.26	01:31:30.804	0.59612	0.59613			6
2026.01.26	01:31:31.437	0.59613	0.59615			6
2026.01.26	01:31:35.853	0.59615	0.59616			6
2026.01.26	01:31:36.172	0.59613	0.59615			6
2026.01.26	01:31:36.807	0.59612	0.59613			6
2026.01.26	01:31:37.120	0.59611	0.59612			6
2026.01.26	01:31:37.425	0.59609	0.59611			6
2026.01.26	01:31:41.875	0.59608	0.59610			6
2026.01.26	01:31:46.309	0.59609				2
2026.01.26	01:31:50.428	0.59608				2
2026.01.26	01:31:54.182	0.59609				2
2026.01.26	01:32:00.129	0.59609				2
2026.01.26	01:32:02.686	0.59608				2
2026.01.26	01:32:05.196	0.59610	0.59611			6
2026.01.26	01:32:05.527	0.59613	0.59614			6
2026.01.26	01:32:08.184	0.59612				2
2026.01.26	01:32:08.488	0.59613				2
2026.01.26	01:32:13.283	0.59610	0.59611			6
2026.01.26	01:32:13.587	0.59599	0.59601			6
2026.01.26	01:32:14.211	0.59598				2
2026.01.26	01:32:22.386	0.59597				2
2026.01.26	01:32:25.401	0.59598				2
2026.01.26	01:32:27.009	0.59597	0.59600			6
2026.01.26	01:32:27.962	0.59601	0.59603			6
2026.01.26	01:32:28.265	0.59599	0.59601			6
2026.01.26	01:32:28.580	0.59600				2
2026.01.26	01:32:29.213	0.59599				2
2026.01.26	01:32:30.169	0.59600				2
2026.01.26	01:32:31.421	0.59598	0.59600			6
2026.01.26	01:32:32.978	0.59599	0.59601			6
2026.01.26	01:32:34.531	0.59598	0.59600			6
2026.01.26	01:32:34.848	0.59599	0.59601			6
2026.01.26	01:32:35.155	0.59598	0.59600			6
2026.01.26	01:32:36.100	0.59599	0.59601			6
2026.01.26	01:32:36.405		0.59600			4
2026.01.26	01:32:36.709	0.59597	0.59599			6
2026.01.26	01:32:37.036	0.59598	0.59600			6
2026.01.26	01:32:42.074	0.59599	0.59601			6
2026.01.26	01:32:42.380	0.59598	0.59600			6
2026.01.26	01:32:42.708	0.59599	0.59601			6
2026.01.26	01:32:43.011	0.59598	0.59600			6
2026.01.26	01:32:43.327	0.59599	0.59601			6
2026.01.26	01:32:43.632	0.59598	0.59600			6
2026.01.26	01:32:43.934	0.59599				2
2026.01.26	01:32:44.262	0.59598				2
2026.01.26	01:32:46.772	0.59599	0.59601			6
2026.01.26	01:32:47.075	0.59598	0.59600			6
2026.01.26	01:32:47.727	0.59599	0.59601			6
2026.01.26	01:32:50.539	0.59598	0.59600			6
2026.01.26	01:32:50.857	0.59599	0.59601			6
2026.01.26	01:32:51.160	0.59598	0.59600			6
2026.01.26	01:32:55.562	0.59599	0.59601			6
2026.01.26	01:32:55.879	0.59598	0.59600			6
2026.01.26	01:32:56.510	0.59599	0.59601			6
2026.01.26	01:33:00.246	0.59599				2
2026.01.26	01:33:00.576	0.59598	0.59600			6
2026.01.26	01:33:03.384	0.59599	0.59601			6
2026.01.26	01:33:03.688	0.59598	0.59600			6
2026.01.26	01:33:03.991	0.59599	0.59601			6
2026.01.26	01:33:05.547		0.59600			4
2026.01.26	01:33:08.374	0.59598				2
2026.01.26	01:33:08.680	0.59599				2
2026.01.26	01:33:10.567	0.59604	0.59605			6
2026.01.26	01:33:10.892		0.59606			4
2026.01.26	01:33:11.536	0.59603	0.59605			6
2026.01.26	01:33:11.838	0.59602	0.59604			6
2026.01.26	01:33:12.143	0.59590	0.59593			6
2026.01.26	01:33:12.448	0.59588	0.59592			6
2026.01.26	01:33:14.078	0.59592	0.59596			6
2026.01.26	01:33:15.681	0.59597	0.59601			6
2026.01.26	01:33:19.297	0.59596	0.59600			6
2026.01.26	01:33:20.600	0.59598	0.59601			6
2026.01.26	01:33:20.903	0.59597				2
2026.01.26	01:33:24.115	0.59596	0.59600			6
2026.01.26	01:33:24.462	0.59597	0.59601			6
2026.01.26	01:33:24.766	0.59596	0.59600			6
2026.01.26	01:33:25.415	0.59597				2
2026.01.26	01:33:28.323		0.59599			4
2026.01.26	01:33:33.958	0.59599	0.59601			6
2026.01.26	01:33:36.123	0.59603	0.59604			6
2026.01.26	01:33:36.436	0.59601	0.59602			6
2026.01.26	01:33:36.754	0.59600				2
2026.01.26	01:33:37.381	0.59602	0.59604			6
2026.01.26	01:33:37.710	0.59603				2
2026.01.26	01:33:38.690	0.59604	0.59605			6
2026.01.26	01:33:42.142		0.59606			4
2026.01.26	01:33:42.775	0.59607	0.59608			6
2026.01.26	01:33:43.077	0.59608	0.59610			6
2026.01.26	01:33:43.381	0.59604	0.59606			6
2026.01.26	01:33:53.084		0.59605			4
2026.01.26	01:34:00.001	0.59604				2
2026.01.26	01:34:00.635	0.59608	0.59609			6
2026.01.26	01:34:00.938	0.59609	0.59610			6
2026.01.26	01:34:02.210	0.59607	0.59611			6
2026.01.26	01:34:03.194	0.59608				2
2026.01.26	01:34:07.362		0.59610			4
2026.01.26	01:34:12.389		0.59609			4
2026.01.26	01:34:12.709	0.59607				2
2026.01.26	01:34:13.036	0.59603	0.59604			6
2026.01.26	01:34:13.340	0.59598	0.59600			6
2026.01.26	01:34:14.340	0.59597	0.59601			6
2026.01.26	01:34:16.250	0.59598	0.59602			6
2026.01.26	01:34:20.765	0.59596	0.59600			6
2026.01.26	01:34:21.419		0.59599			4
2026.01.26	01:34:24.282	0.59597				2
2026.01.26	01:34:24.903	0.59598	0.59600			6
2026.01.26	01:34:28.367	0.59597	0.59599			6
2026.01.26	01:34:28.694	0.59598	0.59600			6
2026.01.26	01:34:32.760	0.59599				2
2026.01.26	01:34:33.386	0.59598				2
2026.01.26	01:34:34.635	0.59599				2
2026.01.26	01:34:35.285	0.59598				2
2026.01.26	01:34:36.222	0.59599				2
2026.01.26	01:34:36.523	0.59597	0.59599			6
2026.01.26	01:34:39.350	0.59598				2
2026.01.26	01:34:39.657	0.59599	0.59600			6
2026.01.26	01:34:39.983	0.59597	0.59599			6
2026.01.26	01:34:41.558	0.59599	0.59600			6
2026.01.26	01:35:00.284	0.59599				2
2026.01.26	01:35:00.611	0.59603	0.59605			6
2026.01.26	01:35:01.264	0.59602	0.59606			6
2026.01.26	01:35:03.220	0.59603				2
2026.01.26	01:35:03.524	0.59602	0.59605			6
2026.01.26	01:35:03.831	0.59603	0.59606			6
2026.01.26	01:35:05.130	0.59602	0.59605			6
2026.01.26	01:35:07.690	0.59603	0.59606			6
2026.01.26	01:35:08.341		0.59605			4
2026.01.26	01:35:13.508	0.59600	0.59601			6
2026.01.26	01:35:13.811	0.59598	0.59600			6
2026.01.26	01:35:14.113	0.59597	0.59601			6
2026.01.26	01:35:14.426	0.59598	0.59602			6
2026.01.26	01:35:15.421	0.59603	0.59606			6
2026.01.26	01:35:16.426		0.59607			4
2026.01.26	01:35:17.682		0.59606			4
2026.01.26	01:35:18.381		0.59607			4
2026.01.26	01:35:21.245		0.59606			4
2026.01.26	01:35:26.410	0.59604				2
2026.01.26	01:35:31.734	0.59602	0.59604			6
2026.01.26	01:35:32.045	0.59603	0.59605			6
2026.01.26	01:35:34.245	0.59602	0.59604			6
2026.01.26	01:35:35.194	0.59603	0.59605			6
2026.01.26	01:35:38.324	0.59604				2
2026.01.26	01:35:41.790	0.59603				2
2026.01.26	01:35:44.382	0.59604				2
2026.01.26	01:35:44.684	0.59603	0.59604			6
2026.01.26	01:35:44.992		0.59605			4
2026.01.26	01:35:53.368	0.59604	0.59606			6
2026.01.26	01:36:00.148	0.59604				2
2026.01.26	01:36:00.496	0.59603	0.59605			6
2026.01.26	01:36:02.752	0.59604				2
2026.01.26	01:36:03.678		0.59606			4
2026.01.26	01:36:06.871	0.59603	0.59605			6
2026.01.26	01:36:13.950	0.59589	0.59590			6
2026.01.26	01:36:14.252	0.59590	0.59594			6
2026.01.26	01:36:14.601	0.59592	0.59596			6
2026.01.26	01:36:15.556	0.59591	0.59595			6
2026.01.26	01:36:22.632	0.59589	0.59591			6
2026.01.26	01:36:22.935	0.59586	0.59590			6
2026.01.26	01:36:26.798	0.59582	0.59586			6
2026.01.26	01:36:32.264		0.59585			4
2026.01.26	01:36:36.079	0.59583	0.59586			6
2026.01.26	01:36:36.429		0.59585			4
2026.01.26	01:36:43.313		0.59584			4
2026.01.26	01:36:44.562		0.59585			4
2026.01.26	01:36:51.489	0.59582	0.59584			6
2026.01.26	01:37:00.224	0.59582				2
2026.01.26	01:37:04.637	0.59583				2
2026.01.26	01:37:05.891	0.59587	0.59588			6
2026.01.26	01:37:06.192	0.59588	0.59591			6
2026.01.26	01:37:06.587	0.59587				2
2026.01.26	01:37:06.895	0.59588	0.59592			6
2026.01.26	01:37:08.805	0.59587	0.59591			6
2026.01.26	01:37:11.365		0.59590			4
2026.01.26	01:37:13.323		0.59589			4
2026.01.26	01:37:13.626	0.59583	0.59586			6
2026.01.26	01:37:14.276		0.59587			4
2026.01.26	01:37:16.838	0.59582	0.59586			6
2026.01.26	01:37:19.399	0.59583				2
2026.01.26	01:37:19.747	0.59587	0.59590			6
2026.01.26	01:37:20.377	0.59586				2
2026.01.26	01:37:25.200	0.59591	0.59593			6
2026.01.26	01:37:25.508	0.59594	0.59596			6
2026.01.26	01:37:25.825	0.59593				2
2026.01.26	01:37:28.733	0.59597	0.59601			6
2026.01.26	01:37:29.087	0.59598	0.59602			6
2026.01.26	01:37:29.432	0.59597	0.59601			6
2026.01.26	01:37:31.339	0.59593	0.59597			6
2026.01.26	01:37:31.642	0.59592	0.59596			6
2026.01.26	01:37:36.461		0.59595			4
2026.01.26	01:37:37.070		0.59596			4
2026.01.26	01:37:37.583	0.59588	0.59591			6
2026.01.26	01:37:37.888	0.59587				2
2026.01.26	01:37:43.692	0.59589	0.59593			6
2026.01.26	01:37:45.342		0.59592			4
2026.01.26	01:37:47.253	0.59591	0.59593			6
2026.01.26	01:37:47.556	0.59592	0.59595			6
2026.01.26	01:37:47.901	0.59591	0.59594			6
2026.01.26	01:37:48.204	0.59592	0.59595			6
2026.01.26	01:37:50.159	0.59593				2
2026.01.26	01:37:55.126		0.59594			4
2026.01.26	01:37:55.429		0.59595			4
2026.01.26	01:37:57.004	0.59588	0.59590			6
2026.01.26	01:37:57.331	0.59586				2
2026.01.26	01:38:00.196	0.59587				2
2026.01.26	01:38:00.542	0.59588	0.59591			6
2026.01.26	01:38:01.147	0.59587				2
2026.01.26	01:38:02.102	0.59588				2
2026.01.26	01:38:04.406		0.59590			4
2026.01.26	01:38:08.469	0.59593	0.59595			6
2026.01.26	01:38:09.121	0.59592	0.59596			6
2026.01.26	01:38:10.424	0.59593	0.59597			6
2026.01.26	01:38:11.727	0.59592	0.59596			6
2026.01.26	01:38:12.032	0.59593	0.59597			6
2026.01.26	01:38:12.985	0.59591	0.59595			6
2026.01.26	01:38:13.334		0.59593			4
2026.01.26	01:38:13.639	0.59589	0.59592			6
2026.01.26	01:38:14.290		0.59593			4
2026.01.26	01:38:15.547	0.59588	0.59592			6
2026.01.26	01:38:16.199	0.59587	0.59591			6
2026.01.26	01:38:17.155	0.59596	0.59598			6
2026.01.26	01:38:17.461	0.59597	0.59601			6
2026.01.26	01:38:18.761	0.59596	0.59600			6
2026.01.26	01:38:21.972	0.59597	0.59601			6
2026.01.26	01:38:25.184		0.59600			4
2026.01.26	01:38:26.489	0.59596	0.59599			6
2026.01.26	01:38:28.398	0.59593	0.59595			6
2026.01.26	01:38:29.347	0.59592	0.59596			6
2026.01.26	01:38:30.301	0.59593				2
2026.01.26	01:38:33.165	0.59594				2
2026.01.26	01:38:36.302	0.59595				2
2026.01.26	01:38:39.742	0.59596	0.59598			6
2026.01.26	01:38:46.015	0.59598	0.59600			6
2026.01.26	01:38:48.222	0.59599				2
2026.01.26	01:38:48.524	0.59598	0.59599			6
2026.01.26	01:38:51.958	0.59597				2
2026.01.26	01:38:54.766	0.59598	0.59600			6
2026.01.26	01:38:56.016	0.59599	0.59601			6
2026.01.26	01:38:56.322	0.59603	0.59605			6
2026.01.26	01:38:57.256		0.59606			4
2026.01.26	01:38:58.556	0.59604	0.59607			6
2026.01.26	01:39:00.162	0.59604	0.59606			6
2026.01.26	01:39:00.786	0.59606	0.59607			6
2026.01.26	01:39:01.088		0.59608			4
2026.01.26	01:39:01.392		0.59607			4
2026.01.26	01:39:02.640		0.59608			4
2026.01.26	01:39:03.274	0.59609	0.59611			6
2026.01.26	01:39:04.200	0.59611	0.59612			6
2026.01.26	01:39:04.503	0.59614	0.59616			6
2026.01.26	01:39:06.406	0.59613				2
2026.01.26	01:39:08.701	0.59612				2
2026.01.26	01:39:09.361	0.59613				2
2026.01.26	01:39:09.666	0.59612				2
2026.01.26	01:39:11.233	0.59613				2
2026.01.26	01:39:12.807	0.59612	0.59613			6
