<DATE>	<TIME>	<BID>	<ASK>	<LAST>	<VOLUME>	<FLAGS>
2026.05.08	00:03:30.444	0.59379	0.59435			6
2026.05.08	00:04:00.255	0.59379				2
2026.05.08	00:04:30.654		0.59435			4
2026.05.08	00:05:00.161	0.59379				2
2026.05.08	00:05:05.574	0.59385				2
2026.05.08	00:05:05.874	0.59393				2
2026.05.08	00:05:06.175	0.59385				2
2026.05.08	00:05:07.083	0.59389				2
2026.05.08	00:05:17.612	0.59379				2
2026.05.08	00:05:30.854		0.59435			4
2026.05.08	00:06:00.053	0.59379				2
2026.05.08	00:06:31.065		0.59435			4
2026.05.08	00:06:39.495		0.59416			4
2026.05.08	00:06:39.795		0.59435			4
2026.05.08	00:06:40.096		0.59416			4
2026.05.08	00:06:40.396		0.59435			4
2026.05.08	00:06:40.696		0.59416			4
2026.05.08	00:06:40.997		0.59435			4
2026.05.08	00:06:41.301		0.59416			4
2026.05.08	00:06:41.601		0.59435			4
2026.05.08	00:06:41.901		0.59416			4
2026.05.08	00:06:42.202		0.59435			4
2026.05.08	00:07:00.276	0.59379				2
2026.05.08	00:07:42.449		0.59435			4
2026.05.08	00:08:00.224	0.59379				2
2026.05.08	00:08:42.698		0.59435			4
2026.05.08	00:09:00.167	0.59379				2
2026.05.08	00:09:42.939		0.59435			4
2026.05.08	00:10:00.109	0.59379				2
2026.05.08	00:10:43.167		0.59435			4
2026.05.08	00:11:00.032	0.59379				2
2026.05.08	00:11:43.371		0.59435			4
2026.05.08	00:12:00.229	0.59379				2
2026.05.08	00:12:43.574		0.59435			4
2026.05.08	00:13:00.136	0.59379				2
2026.05.08	00:13:08.255		0.59437			4
2026.05.08	00:13:12.466		0.59434			4
2026.05.08	00:14:00.016	0.59379				2
2026.05.08	00:14:08.744	0.59375				2
2026.05.08	00:14:12.657		0.59436			4
2026.05.08	00:15:00.201	0.59375				2
2026.05.08	00:15:12.836		0.59436			4
2026.05.08	00:15:28.472	0.59369				2
2026.05.08	00:15:28.987	0.59375				2
2026.05.08	00:16:00.293	0.59375				2
2026.05.08	00:16:12.923		0.59436			4
2026.05.08	00:17:00.137	0.59375				2
2026.05.08	00:17:13.092		0.59436			4
2026.05.08	00:18:00.015	0.59375				2
2026.05.08	00:18:12.665		0.59437			4
2026.05.08	00:18:48.764	0.59371				2
2026.05.08	00:18:52.372	0.59372				2
2026.05.08	00:19:00.195	0.59371				2
2026.05.08	00:19:12.829		0.59437			4
2026.05.08	00:20:00.072	0.59371				2
2026.05.08	00:20:00.372		0.59439			4
2026.05.08	00:20:15.711	0.59372				2
2026.05.08	00:20:22.040	0.59373				2
2026.05.08	00:20:36.495	0.59371				2
2026.05.08	00:21:00.284	0.59371				2
2026.05.08	00:21:00.584		0.59439			4
2026.05.08	00:21:10.520	0.59370				2
2026.05.08	00:21:12.023	0.59369				2
2026.05.08	00:22:00.167	0.59369				2
2026.05.08	00:22:00.770		0.59439			4
2026.05.08	00:22:08.594	0.59370				2
2026.05.08	00:22:10.699	0.59369				2
2026.05.08	00:22:54.897		0.59411			4
2026.05.08	00:22:55.206		0.59439			4
2026.05.08	00:22:55.507		0.59411			4
2026.05.08	00:22:55.807		0.59439			4
2026.05.08	00:22:56.410		0.59411			4
2026.05.08	00:22:57.028		0.59439			4
2026.05.08	00:22:57.328		0.59411			4
2026.05.08	00:22:57.629		0.59439			4
2026.05.08	00:22:57.931		0.59411			4
2026.05.08	00:22:58.235		0.59439			4
2026.05.08	00:23:00.039	0.59369				2
2026.05.08	00:23:08.460	0.59371				2
2026.05.08	00:23:29.797	0.59369				2
2026.05.08	00:23:58.412		0.59439			4
2026.05.08	00:24:00.179	0.59369	0.59438			6
2026.05.08	00:24:23.961	0.59372				2
2026.05.08	00:24:24.264	0.59369				2
2026.05.08	00:24:24.564	0.59372				2
2026.05.08	00:24:25.167	0.59369				2
2026.05.08	00:25:00.076	0.59369				2
2026.05.08	00:25:00.380		0.59438			4
2026.05.08	00:25:19.337		0.59433			4
2026.05.08	00:25:33.346	0.59367				2
2026.05.08	00:26:00.339	0.59367				2
2026.05.08	00:26:23.288		0.59433			4
2026.05.08	00:27:02.452	0.59367				2
2026.05.08	00:27:23.348		0.59433			4
2026.05.08	00:28:00.107	0.59367				2
2026.05.08	00:28:25.741		0.59433			4
2026.05.08	00:28:54.709	0.59369				2
2026.05.08	00:29:05.397	0.59367				2
2026.05.08	00:29:25.909		0.59433			4
2026.05.08	00:30:00.083	0.59367				2
2026.05.08	00:30:07.315	0.59370				2
2026.05.08	00:30:12.768	0.59367				2
2026.05.08	00:30:25.987		0.59433			4
2026.05.08	00:30:28.993	0.59369				2
2026.05.08	00:30:42.506	0.59368				2
2026.05.08	00:30:45.353	0.59367				2
2026.05.08	00:30:55.718	0.59368				2
2026.05.08	00:30:57.635		0.59436			4
2026.05.08	00:31:00.047	0.59368				2
2026.05.08	00:31:02.757	0.59369				2
2026.05.08	00:31:03.657	0.59367				2
2026.05.08	00:31:08.771	0.59366				2
2026.05.08	00:31:22.015	0.59368				2
2026.05.08	00:31:23.518	0.59366				2
2026.05.08	00:31:56.639	0.59370				2
2026.05.08	00:31:57.540		0.59435			4
2026.05.08	00:32:00.245	0.59370				2
2026.05.08	00:32:06.872	0.59365				2
2026.05.08	00:32:07.774	0.59376	0.59440			6
2026.05.08	00:32:14.096	0.59380	0.59436			6
2026.05.08	00:32:19.058	0.59378	0.59438			6
2026.05.08	00:32:29.059	0.59379	0.59437			6
2026.05.08	00:32:33.006	0.59380	0.59436			6
2026.05.08	00:32:39.059		0.59437			4
2026.05.08	00:32:49.154	0.59379				2
2026.05.08	00:32:57.968	0.59378				2
2026.05.08	00:32:59.171	0.59375				2
2026.05.08	00:33:00.073	0.59375				2
2026.05.08	00:33:39.178		0.59437			4
2026.05.08	00:33:51.210	0.59378	0.59438			6
2026.05.08	00:33:51.512	0.59380	0.59436			6
2026.05.08	00:33:58.618	0.59375	0.59438			6
2026.05.08	00:34:00.125	0.59375				2
2026.05.08	00:34:22.993	0.59367	0.59435			6
2026.05.08	00:34:32.917	0.59366				2
2026.05.08	00:35:00.295	0.59366				2
2026.05.08	00:35:06.901	0.59365				2
2026.05.08	00:35:21.943	0.59367				2
2026.05.08	00:35:23.144		0.59435			4
2026.05.08	00:35:23.748	0.59366				2
2026.05.08	00:35:24.049	0.59365				2
2026.05.08	00:35:37.274		0.59432			4
2026.05.08	00:35:38.174	0.59366				2
2026.05.08	00:35:48.096	0.59365				2
2026.05.08	00:35:55.612		0.59427			4
2026.05.08	00:36:00.121	0.59365				2
2026.05.08	00:36:08.245		0.59430			4
2026.05.08	00:36:09.146		0.59423			4
2026.05.08	00:36:18.765		0.59427			4
2026.05.08	00:36:19.065	0.59370				2
2026.05.08	00:36:20.571		0.59423			4
2026.05.08	00:36:30.800	0.59367				2
2026.05.08	00:36:31.100	0.59370				2
2026.05.08	00:36:36.210		0.59427			4
2026.05.08	00:36:36.511		0.59422			4
2026.05.08	00:36:36.813		0.59428			4
2026.05.08	00:36:40.426	0.59371				2
2026.05.08	00:36:42.529		0.59422			4
2026.05.08	00:36:44.944	0.59370				2
2026.05.08	00:36:47.052		0.59421			4
2026.05.08	00:36:50.358	0.59371				2
2026.05.08	00:36:52.762		0.59423			4
2026.05.08	00:36:55.170	0.59368				2
2026.05.08	00:36:55.471	0.59370				2
2026.05.08	00:36:57.874		0.59425			4
2026.05.08	00:37:00.276	0.59370				2
2026.05.08	00:37:05.693	0.59371				2
2026.05.08	00:37:05.992		0.59421			4
2026.05.08	00:37:21.030	0.59369	0.59420			6
2026.05.08	00:37:23.135	0.59371				2
2026.05.08	00:37:32.757	0.59372				2
2026.05.08	00:37:42.982	0.59371				2
2026.05.08	00:37:43.282		0.59421			4
2026.05.08	00:37:43.583		0.59419			4
2026.05.08	00:37:43.885	0.59372				2
2026.05.08	00:37:54.711		0.59417			4
2026.05.08	00:38:00.126	0.59372				2
2026.05.08	00:38:04.335	0.59368	0.59419			6
2026.05.08	00:38:07.948	0.59366				2
2026.05.08	00:38:09.452	0.59371				2
2026.05.08	00:38:10.053		0.59417			4
2026.05.08	00:38:11.855		0.59425			4
2026.05.08	00:38:12.156		0.59426			4
2026.05.08	00:38:13.059		0.59419			4
2026.05.08	00:38:13.359		0.59422			4
2026.05.08	00:38:13.659		0.59424			4
2026.05.08	00:38:22.076	0.59365	0.59426			6
2026.05.08	00:38:23.881	0.59367	0.59427			6
2026.05.08	00:38:24.181	0.59370				2
2026.05.08	00:38:24.482		0.59429			4
2026.05.08	00:38:29.305		0.59424			4
2026.05.08	00:38:30.210		0.59427			4
2026.05.08	00:38:33.521		0.59421			4
2026.05.08	00:38:34.727	0.59368				2
2026.05.08	00:38:35.329	0.59367				2
2026.05.08	00:38:39.542	0.59370				2
2026.05.08	00:38:42.556		0.59425			4
2026.05.08	00:38:42.858		0.59426			4
2026.05.08	00:38:48.271	0.59369				2
2026.05.08	00:38:49.472	0.59365	0.59430			6
2026.05.08	00:38:50.072		0.59419			4
2026.05.08	00:38:54.577	0.59366	0.59428			6
2026.05.08	00:39:00.287	0.59366				2
2026.05.08	00:39:04.795	0.59365	0.59426			6
2026.05.08	00:39:05.095	0.59367	0.59427			6
2026.05.08	00:39:13.505	0.59369	0.59426			6
2026.05.08	00:39:15.311	0.59367	0.59421			6
2026.05.08	00:39:15.612		0.59418			4
2026.05.08	00:39:20.125	0.59368	0.59428			6
2026.05.08	00:39:21.027		0.59425			4
2026.05.08	00:39:30.658		0.59420			4
2026.05.08	00:39:39.093		0.59417			4
2026.05.08	00:39:39.393	0.59376	0.59420			6
2026.05.08	00:39:39.694	0.59368	0.59417			6
2026.05.08	00:39:39.994	0.59376	0.59429			6
2026.05.08	00:39:40.294	0.59370	0.59417			6
2026.05.08	00:39:40.596	0.59376	0.59428			6
2026.05.08	00:39:40.897	0.59370	0.59417			6
2026.05.08	00:39:41.219	0.59376	0.59428			6
2026.05.08	00:39:41.819	0.59370	0.59417			6
2026.05.08	00:39:42.122	0.59376	0.59428			6
2026.05.08	00:39:42.423	0.59370	0.59417			6
2026.05.08	00:39:42.724	0.59376	0.59428			6
2026.05.08	00:39:43.025	0.59370				2
2026.05.08	00:39:50.540	0.59365	0.59430			6
2026.05.08	00:39:50.839		0.59421			4
2026.05.08	00:39:55.056	0.59367				2
2026.05.08	00:40:00.171	0.59367				2
2026.05.08	00:40:05.278	0.59365				2
2026.05.08	00:40:09.193		0.59423			4
2026.05.08	00:40:09.794	0.59368				2
2026.05.08	00:40:11.295	0.59366	0.59424			6
2026.05.08	00:40:19.106	0.59369	0.59429			6
2026.05.08	00:40:19.708	0.59368	0.59422			6
2026.05.08	00:40:20.008	0.59367				2
2026.05.08	00:40:24.826	0.59370	0.59429			6
2026.05.08	00:40:35.965	0.59369				2
2026.05.08	00:40:40.171	0.59368	0.59432			6
2026.05.08	00:40:40.472		0.59422			4
2026.05.08	00:41:00.025	0.59368				2
2026.05.08	00:41:02.434	0.59370	0.59431			6
2026.05.08	00:41:04.837		0.59424			4
2026.05.08	00:41:21.079	0.59367	0.59430			6
2026.05.08	00:41:21.686		0.59422			4
2026.05.08	00:41:24.993	0.59368				2
2026.05.08	00:41:25.294	0.59370	0.59427			6
2026.05.08	00:41:43.626		0.59425			4
2026.05.08	00:41:52.356	0.59368				2
2026.05.08	00:41:52.657	0.59369				2
2026.05.08	00:42:00.180	0.59369				2
2026.05.08	00:42:43.805		0.59425			4
2026.05.08	00:43:00.045	0.59369				2
2026.05.08	00:43:18.680	0.59370				2
2026.05.08	00:43:20.185	0.59369				2
2026.05.08	00:43:20.485		0.59419			4
2026.05.08	00:43:23.189	0.59368	0.59429			6
2026.05.08	00:43:26.197		0.59423			4
2026.05.08	00:43:27.999		0.59424			4
2026.05.08	00:43:32.805	0.59370				2
2026.05.08	00:43:33.407	0.59369				2
2026.05.08	00:43:33.707	0.59368				2
2026.05.08	00:43:48.140	0.59367				2
2026.05.08	00:43:48.440	0.59366				2
2026.05.08	00:43:48.741	0.59365	0.59419			6
2026.05.08	00:43:51.745	0.59366				2
2026.05.08	00:43:52.946	0.59367				2
2026.05.08	00:44:00.161	0.59370	0.59425			6
2026.05.08	00:44:30.234	0.59367				2
2026.05.08	00:44:32.944	0.59369				2
2026.05.08	00:44:40.163	0.59367				2
2026.05.08	00:44:47.973		0.59421			4
2026.05.08	00:44:50.374	0.59365	0.59422			6
2026.05.08	00:44:55.185	0.59368				2
2026.05.08	00:45:00.298	0.59368				2
2026.05.08	00:45:02.702	0.59362				2
2026.05.08	00:45:05.714	0.59367				2
2026.05.08	00:45:06.314		0.59418			4
2026.05.08	00:45:15.638	0.59365				2
2026.05.08	00:45:20.455	0.59367	0.59420			6
2026.05.08	00:45:29.175	0.59370	0.59425			6
2026.05.08	00:45:30.080	0.59369				2
2026.05.08	00:45:30.681		0.59426			4
2026.05.08	00:45:40.000	0.59367	0.59421			6
2026.05.08	00:45:50.214	0.59366				2
2026.05.08	00:45:55.030	0.59367				2
2026.05.08	00:46:00.144	0.59367				2
2026.05.08	00:46:05.260	0.59366				2
2026.05.08	00:46:13.077	0.59370	0.59426			6
2026.05.08	00:46:18.793		0.59421			4
2026.05.08	00:46:20.597		0.59422			4
2026.05.08	00:46:23.302	0.59368				2
2026.05.08	00:46:23.601		0.59423			4
2026.05.08	00:46:25.703	0.59369				2
2026.05.08	00:46:41.654	0.59368	0.59437			6
2026.05.08	00:47:00.001	0.59368				2
2026.05.08	00:47:02.706	0.59358				2
2026.05.08	00:47:03.603	0.59354				2
2026.05.08	00:47:05.716	0.59368				2
2026.05.08	00:47:18.655	0.59371				2
2026.05.08	00:47:22.266	0.59373	0.59428			6
2026.05.08	00:47:22.566	0.59370				2
2026.05.08	00:47:22.870	0.59369	0.59424			6
2026.05.08	00:47:25.274	0.59370				2
2026.05.08	00:47:32.793	0.59369				2
2026.05.08	00:47:33.394	0.59366				2
2026.05.08	00:47:34.897		0.59421			4
2026.05.08	00:47:38.203	0.59370	0.59426			6
2026.05.08	00:47:53.841		0.59421			4
2026.05.08	00:47:57.745	0.59366	0.59424			6
2026.05.08	00:47:58.045		0.59422			4
2026.05.08	00:48:00.152	0.59366				2
2026.05.08	00:48:22.106	0.59367				2
2026.05.08	00:48:22.404	0.59370	0.59430			6
2026.05.08	00:48:22.705	0.59368				2
2026.05.08	00:48:23.006	0.59371	0.59431			6
2026.05.08	00:48:23.308	0.59370				2
2026.05.08	00:48:23.611	0.59368	0.59426			6
2026.05.08	00:48:25.415	0.59369	0.59425			6
2026.05.08	00:48:25.715	0.59368				2
2026.05.08	00:48:33.227	0.59370	0.59428			6
2026.05.08	00:48:33.827	0.59371				2
2026.05.08	00:48:34.129	0.59370				2
2026.05.08	00:48:36.535	0.59369				2
2026.05.08	00:48:37.135	0.59370				2
2026.05.08	00:48:44.346	0.59367				2
2026.05.08	00:48:45.549	0.59370				2
2026.05.08	00:48:45.850	0.59367				2
2026.05.08	00:48:46.149	0.59370				2
2026.05.08	00:48:46.449	0.59368	0.59425			6
2026.05.08	00:48:46.749	0.59370	0.59423			6
2026.05.08	00:48:47.352	0.59368				2
2026.05.08	00:48:47.650	0.59370				2
2026.05.08	00:48:47.951	0.59368				2
2026.05.08	00:48:48.553	0.59370				2
2026.05.08	00:48:49.155	0.59369				2
2026.05.08	00:48:57.873		0.59424			4
2026.05.08	00:49:00.284	0.59369				2
2026.05.08	00:49:02.687	0.59370				2
2026.05.08	00:49:09.304		0.59427			4
2026.05.08	00:49:22.243	0.59369				2
2026.05.08	00:49:52.018		0.59422			4
2026.05.08	00:49:57.453	0.59370	0.59424			6
2026.05.08	00:50:00.160	0.59370				2
2026.05.08	00:50:02.262	0.59369				2
2026.05.08	00:50:02.865	0.59368				2
2026.05.08	00:50:08.576	0.59370	0.59425			6
2026.05.08	00:50:13.092	0.59367				2
2026.05.08	00:50:15.197	0.59368				2
2026.05.08	00:50:17.900	0.59370				2
2026.05.08	00:50:23.615	0.59371				2
2026.05.08	00:50:32.932		0.59427			4
2026.05.08	00:50:43.157		0.59424			4
2026.05.08	00:50:43.460	0.59362				2
2026.05.08	00:50:44.060	0.59363				2
2026.05.08	00:50:44.962	0.59371	0.59427			6
2026.05.08	00:50:46.766	0.59370	0.59428			6
2026.05.08	00:50:47.969		0.59424			4
2026.05.08	00:50:48.569	0.59374				2
2026.05.08	00:50:49.774	0.59366				2
2026.05.08	00:50:50.074	0.59374				2
2026.05.08	00:50:50.374	0.59370				2
2026.05.08	00:50:51.575	0.59362	0.59427			6
2026.05.08	00:50:52.174	0.59369				2
2026.05.08	00:50:59.089	0.59372				2
2026.05.08	00:50:59.392	0.59370				2
2026.05.08	00:50:59.692	0.59369				2
2026.05.08	00:50:59.994	0.59372				2
2026.05.08	00:51:00.296	0.59372				2
2026.05.08	00:51:01.499	0.59370				2
2026.05.08	00:51:02.702	0.59373				2
2026.05.08	00:51:03.004	0.59370				2
2026.05.08	00:51:04.204	0.59372				2
2026.05.08	00:51:04.804	0.59373				2
2026.05.08	00:51:09.019	0.59372				2
2026.05.08	00:51:09.623	0.59373	0.59424			6
2026.05.08	00:51:10.530	0.59372				2
2026.05.08	00:51:16.251		0.59426			4
2026.05.08	00:51:16.553	0.59373				2
2026.05.08	00:51:28.281		0.59420			4
2026.05.08	00:51:35.495		0.59422			4
2026.05.08	00:51:43.017	0.59372	0.59426			6
2026.05.08	00:51:47.232	0.59373				2
2026.05.08	00:51:48.433		0.59425			4
2026.05.08	00:52:00.168	0.59373				2
2026.05.08	00:52:16.403	0.59372				2
2026.05.08	00:52:19.111	0.59373				2
2026.05.08	00:52:19.413		0.59426			4
2026.05.08	00:52:21.513	0.59372				2
2026.05.08	00:52:22.416	0.59373				2
2026.05.08	00:52:22.718	0.59374				2
2026.05.08	00:52:26.325	0.59373	0.59428			6
2026.05.08	00:52:29.341	0.59372				2
2026.05.08	00:52:29.640		0.59426			4
2026.05.08	00:52:34.155	0.59371				2
2026.05.08	00:52:39.268	0.59372				2
2026.05.08	00:52:39.569		0.59427			4
2026.05.08	00:52:40.473		0.59428			4
2026.05.08	00:52:41.374		0.59424			4
2026.05.08	00:52:46.793	0.59368	0.59422			6
2026.05.08	00:52:49.198	0.59377	0.59426			6
2026.05.08	00:52:55.213	0.59372				2
2026.05.08	00:52:55.512		0.59429			4
2026.05.08	00:52:56.118		0.59426			4
2026.05.08	00:52:57.019	0.59378				2
2026.05.08	00:53:00.035	0.59378				2
2026.05.08	00:53:06.056	0.59372				2
2026.05.08	00:53:22.295	0.59376				2
2026.05.08	00:53:24.697	0.59372				2
2026.05.08	00:53:25.899	0.59375				2
2026.05.08	00:53:34.025	0.59372				2
2026.05.08	00:53:35.827	0.59377				2
2026.05.08	00:53:36.126	0.59372				2
2026.05.08	00:53:56.295		0.59426			4
2026.05.08	00:53:59.897	0.59376				2
2026.05.08	00:54:00.198	0.59376				2
2026.05.08	00:54:06.814		0.59428			4
2026.05.08	00:54:08.019		0.59421			4
2026.05.08	00:54:14.347	0.59378	0.59423			6
2026.05.08	00:54:25.779	0.59375	0.59428			6
2026.05.08	00:54:35.999		0.59422			4
2026.05.08	00:54:53.747		0.59427			4
2026.05.08	00:54:55.855	0.59374	0.59428			6
2026.05.08	00:54:56.457	0.59375	0.59423			6
2026.05.08	00:55:00.073	0.59375				2
2026.05.08	00:55:04.586	0.59371	0.59427			6
2026.05.08	00:55:04.887	0.59370	0.59421			6
2026.05.08	00:55:06.693	0.59371	0.59424			6
2026.05.08	00:55:06.993	0.59370				2
2026.05.08	00:55:17.132	0.59369				2
2026.05.08	00:55:26.150	0.59370	0.59421			6
2026.05.08	00:55:43.301		0.59422			4
2026.05.08	00:55:44.508		0.59423			4
2026.05.08	00:55:44.808	0.59371	0.59420			6
2026.05.08	00:55:49.006	0.59372				2
2026.05.08	00:55:51.417		0.59413			4
2026.05.08	00:55:51.717	0.59378	0.59420			6
2026.05.08	00:55:52.013	0.59372	0.59413			6
2026.05.08	00:55:52.318	0.59378	0.59420			6
2026.05.08	00:55:52.617	0.59372	0.59413			6
2026.05.08	00:55:52.916	0.59378	0.59420			6
2026.05.08	00:55:53.220	0.59372	0.59413			6
2026.05.08	00:55:53.515	0.59378	0.59420			6
2026.05.08	00:55:53.821	0.59372	0.59413			6
2026.05.08	00:55:54.121	0.59378	0.59420			6
2026.05.08	00:55:54.424	0.59372	0.59413			6
2026.05.08	00:55:54.720	0.59378	0.59420			6
2026.05.08	00:55:55.021	0.59372				2
2026.05.08	00:56:00.131	0.59372				2
2026.05.08	00:56:16.370		0.59419			4
2026.05.08	00:56:20.878		0.59421			4
2026.05.08	00:56:21.478		0.59418			4
2026.05.08	00:56:29.600		0.59422			4
2026.05.08	00:56:36.807		0.59417			4
2026.05.08	00:56:46.726		0.59419			4
2026.05.08	00:56:50.634		0.59420			4
2026.05.08	00:57:00.251	0.59372				2
2026.05.08	00:57:01.759		0.59422			4
2026.05.08	00:57:03.858		0.59423			4
2026.05.08	00:57:04.162		0.59420			4
2026.05.08	00:57:05.060		0.59421			4
2026.05.08	00:57:23.706		0.59424			4
2026.05.08	00:57:24.004		0.59421			4
2026.05.08	00:57:27.623	0.59369				2
2026.05.08	00:57:27.922		0.59415			4
2026.05.08	00:57:32.730	0.59368	0.59414			6
2026.05.08	00:57:53.774	0.59369				2
2026.05.08	00:57:54.374		0.59411			4
2026.05.08	00:57:56.780	0.59368				2
2026.05.08	00:57:57.084	0.59369				2
2026.05.08	00:57:57.680	0.59368				2
2026.05.08	00:58:00.086	0.59368				2
2026.05.08	00:58:02.783	0.59369				2
2026.05.08	00:58:20.220	0.59370				2
2026.05.08	00:58:27.741	0.59368				2
2026.05.08	00:58:32.544		0.59406			4
2026.05.08	00:58:40.968	0.59369				2
2026.05.08	00:58:41.267		0.59408			4
2026.05.08	00:58:42.774		0.59409			4
2026.05.08	00:58:48.778		0.59413			4
2026.05.08	00:58:49.080		0.59409			4
2026.05.08	00:58:57.797	0.59368				2
2026.05.08	00:58:58.096		0.59410			4
2026.05.08	00:59:00.208	0.59368				2
2026.05.08	00:59:14.027		0.59405			4
2026.05.08	00:59:19.742	0.59369	0.59407			6
2026.05.08	00:59:20.944	0.59368	0.59408			6
2026.05.08	00:59:23.045		0.59411			4
2026.05.08	00:59:26.948	0.59370				2
2026.05.08	00:59:27.248		0.59412			4
2026.05.08	00:59:27.850		0.59415			4
2026.05.08	00:59:29.955		0.59410			4
2026.05.08	00:59:35.659	0.59368	0.59411			6
2026.05.08	00:59:40.172	0.59369				2
2026.05.08	00:59:47.981	0.59370	0.59413			6
2026.05.08	00:59:48.284		0.59409			4
2026.05.08	00:59:48.582		0.59411			4
2026.05.08	00:59:59.399		0.59413			4
2026.05.08	01:00:00.001	0.59370				2
2026.05.08	01:00:00.301	0.59369	0.59416			6
2026.05.08	01:00:00.601	0.59370	0.59407			6
2026.05.08	01:00:00.910	0.59364	0.59406			6
2026.05.08	01:00:01.202		0.59404			4
2026.05.08	01:00:01.507	0.59363				2
2026.05.08	01:00:01.802		0.59399			4
2026.05.08	01:00:02.401		0.59401			4
2026.05.08	01:00:03.003	0.59362				2
2026.05.08	01:00:03.301		0.59399			4
2026.05.08	01:00:03.604		0.59405			4
2026.05.08	01:00:03.903	0.59361	0.59401			6
2026.05.08	01:00:04.200		0.59402			4
2026.05.08	01:00:04.504		0.59399			4
2026.05.08	01:00:04.802		0.59394			4
2026.05.08	01:00:06.008	0.59363	0.59393			6
2026.05.08	01:00:10.208		0.59395			4
2026.05.08	01:00:10.507		0.59393			4
2026.05.08	01:00:11.410		0.59394			4
2026.05.08	01:00:12.311		0.59393			4
2026.05.08	01:00:13.808		0.59392			4
2026.05.08	01:00:14.710		0.59393			4
2026.05.08	01:00:15.311		0.59392			4
2026.05.08	01:00:15.917		0.59393			4
2026.05.08	01:00:19.216		0.59385			4
2026.05.08	01:00:19.519		0.59381			4
2026.05.08	01:00:26.723		0.59380			4
2026.05.08	01:00:27.326		0.59378			4
2026.05.08	01:00:33.328		0.59374			4
2026.05.08	01:00:34.529		0.59379			4
2026.05.08	01:00:39.635		0.59369			4
2026.05.08	01:00:39.933		0.59370			4
2026.05.08	01:00:42.035		0.59369			4
2026.05.08	01:00:42.334		0.59374			4
2026.05.08	01:00:51.642		0.59370			4
2026.05.08	01:00:51.939		0.59371			4
2026.05.08	01:00:52.243		0.59369			4
2026.05.08	01:00:53.445	0.59361				2
2026.05.08	01:00:54.043	0.59363				2
2026.05.08	01:00:55.546		0.59372			4
2026.05.08	01:01:00.053	0.59366	0.59367			6
2026.05.08	01:01:00.351	0.59367	0.59368			6
2026.05.08	01:01:01.252	0.59368	0.59369			6
2026.05.08	01:01:05.158	0.59373	0.59374			6
2026.05.08	01:01:13.565	0.59372	0.59373			6
2026.05.08	01:01:13.864	0.59367	0.59371			6
2026.05.08	01:01:15.366	0.59366	0.59369			6
2026.05.08	01:01:28.282	0.59367				2
2026.05.08	01:01:30.381		0.59368			4
2026.05.08	01:01:34.590		0.59369			4
2026.05.08	01:01:35.493	0.59366				2
2026.05.08	01:01:36.094		0.59368			4
2026.05.08	01:01:36.694		0.59369			4
2026.05.08	01:01:37.297		0.59368			4
2026.05.08	01:01:42.400	0.59367	0.59371			6
2026.05.08	01:01:44.203	0.59364	0.59368			6
2026.05.08	01:01:44.503		0.59366			4
2026.05.08	01:01:52.013	0.59363				2
2026.05.08	01:01:55.622		0.59365			4
2026.05.08	01:01:55.917		0.59366			4
2026.05.08	01:01:56.819		0.59365			4
2026.05.08	01:02:00.125	0.59363				2
2026.05.08	01:02:07.347	0.59364	0.59367			6
2026.05.08	01:02:13.649	0.59367	0.59368			6
2026.05.08	01:02:13.946	0.59368	0.59369			6
2026.05.08	01:02:14.249	0.59364	0.59367			6
2026.05.08	01:02:14.551		0.59368			4
2026.05.08	01:02:14.850	0.59369	0.59370			6
2026.05.08	01:02:15.147	0.59371	0.59375			6
2026.05.08	01:02:15.450	0.59369	0.59373			6
2026.05.08	01:02:15.753		0.59372			4
2026.05.08	01:02:16.951	0.59368				2
2026.05.08	01:02:21.460	0.59366	0.59370			6
2026.05.08	01:02:22.657	0.59365	0.59369			6
2026.05.08	01:02:23.560	0.59364	0.59367			6
2026.05.08	01:02:26.569		0.59368			4
2026.05.08	01:02:45.201	0.59363	0.59367			6
2026.05.08	01:02:45.501		0.59365			4
2026.05.08	01:02:45.803		0.59367			4
2026.05.08	01:02:46.700		0.59366			4
2026.05.08	01:02:47.305		0.59367			4
2026.05.08	01:03:00.230	0.59363	0.59366			6
2026.05.08	01:03:19.461	0.59362				2
2026.05.08	01:03:19.762	0.59359	0.59363			6
2026.05.08	01:03:20.661	0.59360	0.59364			6
2026.05.08	01:03:21.560	0.59359	0.59363			6
2026.05.08	01:03:24.863		0.59362			4
2026.05.08	01:03:25.161	0.59358				2
2026.05.08	01:03:26.064	0.59360	0.59364			6
2026.05.08	01:03:26.668	0.59361	0.59365			6
2026.05.08	01:03:26.966	0.59359	0.59363			6
2026.05.08	01:03:27.868	0.59360	0.59364			6
2026.05.08	01:03:28.767	0.59361	0.59365			6
2026.05.08	01:03:29.067	0.59360	0.59364			6
2026.05.08	01:03:30.877	0.59359	0.59363			6
2026.05.08	01:03:31.173	0.59361	0.59365			6
2026.05.08	01:03:31.475	0.59360	0.59364			6
2026.05.08	01:03:31.775	0.59361	0.59365			6
2026.05.08	01:03:32.375	0.59362	0.59366			6
2026.05.08	01:03:32.676	0.59357	0.59361			6
2026.05.08	01:03:32.972	0.59354	0.59358			6
2026.05.08	01:03:35.077	0.59353	0.59357			6
2026.05.08	01:03:36.283	0.59352	0.59356			6
2026.05.08	01:03:40.483	0.59353	0.59357			6
2026.05.08	01:03:42.587	0.59354	0.59358			6
2026.05.08	01:03:43.182	0.59351	0.59355			6
2026.05.08	01:03:43.485	0.59352	0.59356			6
2026.05.08	01:03:44.088	0.59353	0.59357			6
2026.05.08	01:03:44.686	0.59352	0.59356			6
2026.05.08	01:03:45.895	0.59351	0.59355			6
2026.05.08	01:03:47.999	0.59350	0.59354			6
2026.05.08	01:03:48.294	0.59351	0.59355			6
2026.05.08	01:03:50.102	0.59349	0.59353			6
2026.05.08	01:03:50.398	0.59350	0.59354			6
2026.05.08	01:04:00.010	0.59350				2
2026.05.08	01:04:11.731	0.59351	0.59355			6
2026.05.08	01:04:12.031	0.59353	0.59357			6
2026.05.08	01:04:13.228	0.59354	0.59358			6
2026.05.08	01:04:18.042	0.59353	0.59357			6
2026.05.08	01:04:18.943	0.59352	0.59356			6
2026.05.08	01:04:22.246	0.59351	0.59355			6
2026.05.08	01:04:22.545	0.59354	0.59358			6
2026.05.08	01:04:23.444	0.59355	0.59359			6
2026.05.08	01:04:24.345	0.59354	0.59358			6
2026.05.08	01:04:26.450	0.59353	0.59357			6
2026.05.08	01:04:27.051	0.59352	0.59356			6
2026.05.08	01:04:37.868	0.59351	0.59355			6
2026.05.08	01:04:38.471	0.59352	0.59356			6
2026.05.08	01:04:42.076	0.59351	0.59355			6
2026.05.08	01:05:00.102	0.59351				2
2026.05.08	01:05:02.200	0.59352				2
2026.05.08	01:05:07.603	0.59351	0.59354			6
2026.05.08	01:05:08.204	0.59350	0.59353			6
2026.05.08	01:05:08.509	0.59349	0.59352			6
2026.05.08	01:05:09.410	0.59348	0.59351			6
2026.05.08	01:05:10.007	0.59344	0.59347			6
2026.05.08	01:05:10.308	0.59343	0.59346			6
2026.05.08	01:05:10.610	0.59342	0.59345			6
2026.05.08	01:05:11.211		0.59346			4
2026.05.08	01:05:11.511	0.59340	0.59344			6
2026.05.08	01:05:12.108	0.59341	0.59345			6
2026.05.08	01:05:12.409	0.59339	0.59343			6
2026.05.08	01:05:13.307	0.59338	0.59342			6
2026.05.08	01:05:16.013	0.59340	0.59344			6
2026.05.08	01:05:16.311	0.59341	0.59345			6
2026.05.08	01:05:16.910	0.59339	0.59343			6
2026.05.08	01:05:19.014	0.59338	0.59342			6
2026.05.08	01:05:19.615	0.59339	0.59343			6
2026.05.08	01:05:19.917	0.59338	0.59342			6
2026.05.08	01:05:24.124	0.59331	0.59332			6
2026.05.08	01:05:24.421	0.59321	0.59325			6
2026.05.08	01:05:25.323	0.59323	0.59327			6
2026.05.08	01:05:25.623	0.59324	0.59328			6
2026.05.08	01:05:25.923	0.59323	0.59327			6
2026.05.08	01:05:26.223	0.59324	0.59328			6
2026.05.08	01:05:27.423	0.59325	0.59329			6
2026.05.08	01:05:27.721	0.59328	0.59332			6
2026.05.08	01:05:28.021	0.59333	0.59337			6
2026.05.08	01:05:29.525	0.59334	0.59338			6
2026.05.08	01:05:30.125	0.59333	0.59337			6
2026.05.08	01:05:34.631	0.59332	0.59336			6
2026.05.08	01:05:41.539	0.59331	0.59335			6
2026.05.08	01:05:59.266	0.59332	0.59336			6
2026.05.08	01:06:00.173	0.59332				2
2026.05.08	01:06:09.481	0.59335	0.59339			6
2026.05.08	01:06:10.385	0.59334	0.59338			6
2026.05.08	01:06:19.399	0.59333	0.59337			6
2026.05.08	01:06:19.696	0.59338	0.59339			6
2026.05.08	01:06:19.997	0.59340	0.59341			6
2026.05.08	01:06:20.595	0.59341	0.59345			6
2026.05.08	01:06:22.098	0.59342	0.59346			6
2026.05.08	01:06:23.597	0.59340	0.59344			6
2026.05.08	01:06:25.400	0.59337	0.59341			6
2026.05.08	01:06:25.697	0.59335	0.59339			6
2026.05.08	01:06:26.600	0.59336	0.59340			6
2026.05.08	01:06:27.500	0.59334	0.59338			6
2026.05.08	01:06:29.002	0.59333	0.59337			6
2026.05.08	01:06:31.105	0.59332	0.59336			6
2026.05.08	01:06:32.306	0.59333	0.59337			6
2026.05.08	01:06:32.903	0.59331	0.59335			6
2026.05.08	01:06:33.206	0.59332	0.59336			6
2026.05.08	01:06:34.407	0.59330	0.59333			6
2026.05.08	01:06:34.704	0.59332	0.59336			6
2026.05.08	01:06:35.913	0.59330	0.59334			6
2026.05.08	01:06:36.213	0.59332	0.59336			6
2026.05.08	01:06:37.116	0.59333	0.59337			6
2026.05.08	01:06:38.019	0.59332	0.59336			6
2026.05.08	01:06:38.315	0.59331	0.59335			6
2026.05.08	01:06:39.515	0.59330	0.59334			6
2026.05.08	01:06:40.417	0.59333				2
2026.05.08	01:06:40.718		0.59337			4
2026.05.08	01:06:41.018	0.59332	0.59336			6
2026.05.08	01:06:41.318	0.59330	0.59334			6
2026.05.08	01:06:41.619	0.59329	0.59333			6
2026.05.08	01:06:41.918	0.59330	0.59334			6
2026.05.08	01:06:42.516	0.59329	0.59333			6
2026.05.08	01:06:43.718	0.59327	0.59331			6
2026.05.08	01:06:44.021	0.59326	0.59330			6
2026.05.08	01:06:46.729	0.59328	0.59332			6
2026.05.08	01:06:47.329	0.59326	0.59330			6
2026.05.08	01:06:50.332	0.59325	0.59329			6
2026.05.08	01:06:50.631	0.59329	0.59333			6
2026.05.08	01:06:54.539	0.59330	0.59334			6
2026.05.08	01:06:55.140	0.59334	0.59338			6
2026.05.08	01:06:55.437	0.59335	0.59339			6
2026.05.08	01:07:00.253	0.59335				2
2026.05.08	01:07:00.553	0.59334	0.59338			6
2026.05.08	01:07:05.359	0.59335	0.59339			6
2026.05.08	01:07:10.766	0.59336	0.59340			6
2026.05.08	01:07:18.577	0.59335	0.59339			6
2026.05.08	01:07:37.831	0.59336	0.59340			6
2026.05.08	01:07:40.238	0.59335	0.59339			6
2026.05.08	01:07:49.863	0.59339	0.59343			6
2026.05.08	01:07:50.158	0.59340	0.59344			6
2026.05.08	01:07:50.462	0.59341	0.59345			6
2026.05.08	01:07:50.762	0.59340	0.59344			6
2026.05.08	01:07:55.865	0.59338	0.59342			6
2026.05.08	01:07:57.368	0.59339	0.59343			6
2026.05.08	01:07:57.969	0.59338	0.59342			6
2026.05.08	01:08:00.076	0.59338				2
2026.05.08	01:08:00.674	0.59339	0.59343			6
2026.05.08	01:08:03.980	0.59340	0.59344			6
2026.05.08	01:08:04.281	0.59341	0.59345			6
2026.05.08	01:08:11.498	0.59340	0.59344			6
2026.05.08	01:08:13.600	0.59339	0.59343			6
2026.05.08	01:08:15.402	0.59337	0.59341			6
2026.05.08	01:08:15.705	0.59336	0.59340			6
2026.05.08	01:08:17.808	0.59337	0.59341			6
2026.05.08	01:08:19.008	0.59340	0.59344			6
2026.05.08	01:08:30.148	0.59338	0.59342			6
2026.05.08	01:08:30.445	0.59335	0.59338			6
2026.05.08	01:08:33.752	0.59334	0.59337			6
2026.05.08	01:08:34.057	0.59333				2
2026.05.08	01:08:34.956	0.59334	0.59338			6
2026.05.08	01:08:37.062	0.59333	0.59337			6
2026.05.08	01:08:38.262	0.59334	0.59338			6
2026.05.08	01:08:41.270	0.59339	0.59342			6
2026.05.08	01:08:41.568		0.59343			4
2026.05.08	01:08:44.284	0.59343	0.59344			6
2026.05.08	01:08:44.578	0.59342	0.59346			6
2026.05.08	01:08:45.177	0.59341	0.59345			6
2026.05.08	01:08:48.480	0.59342	0.59346			6
2026.05.08	01:08:53.890	0.59341	0.59345			6
2026.05.08	01:08:59.596	0.59342	0.59346			6
2026.05.08	01:09:00.201	0.59342				2
2026.05.08	01:09:12.817	0.59343	0.59347			6
2026.05.08	01:09:16.719	0.59342	0.59346			6
2026.05.08	01:09:17.924	0.59343	0.59347			6
2026.05.08	01:09:18.520	0.59342	0.59346			6
2026.05.08	01:09:19.723	0.59343	0.59347			6
2026.05.08	01:09:20.929	0.59342	0.59346			6
2026.05.08	01:09:22.135	0.59343	0.59347			6
2026.05.08	01:09:28.752	0.59342	0.59346			6
2026.05.08	01:09:43.479	0.59341	0.59345			6
2026.05.08	01:09:56.700	0.59342	0.59346			6
2026.05.08	01:09:57.005	0.59341	0.59345			6
2026.05.08	01:09:58.806	0.59342	0.59346			6
2026.05.08	01:10:00.009	0.59342				2
2026.05.08	01:10:09.332	0.59343				2
2026.05.08	01:10:13.538	0.59342	0.59345			6
2026.05.08	01:10:13.844	0.59343	0.59346			6
2026.05.08	01:10:16.245	0.59342	0.59345			6
2026.05.08	01:10:16.542	0.59343	0.59346			6
2026.05.08	01:10:17.145	0.59342	0.59345			6
2026.05.08	01:10:17.448	0.59343	0.59346			6
2026.05.08	01:10:21.959	0.59342	0.59345			6
2026.05.08	01:10:22.260	0.59343	0.59346			6
2026.05.08	01:10:23.462	0.59342	0.59345			6
2026.05.08	01:10:23.762	0.59343	0.59346			6
2026.05.08	01:10:24.966	0.59342	0.59345			6
2026.05.08	01:10:25.565	0.59343	0.59346			6
2026.05.08	01:10:33.084	0.59344	0.59347			6
2026.05.08	01:10:33.379	0.59345	0.59348			6
2026.05.08	01:10:40.597	0.59346	0.59349			6
2026.05.08	01:10:51.421	0.59345	0.59348			6
2026.05.08	01:10:52.321	0.59346	0.59349			6
2026.05.08	01:10:53.221	0.59347	0.59350			6
2026.05.08	01:10:57.439	0.59352	0.59355			6
2026.05.08	01:10:59.833	0.59353	0.59356			6
2026.05.08	01:11:00.139	0.59352	0.59355			6
2026.05.08	01:11:00.433	0.59353	0.59356			6
2026.05.08	01:11:02.237	0.59354	0.59357			6
2026.05.08	01:11:03.736	0.59355	0.59358			6
2026.05.08	01:11:04.041	0.59354	0.59357			6
2026.05.08	01:11:15.173	0.59353	0.59356			6
2026.05.08	01:11:30.806	0.59354	0.59357			6
2026.05.08	01:11:32.311	0.59355	0.59358			6
2026.05.08	01:11:35.018	0.59356				2
2026.05.08	01:11:35.322	0.59355				2
2026.05.08	01:11:35.621	0.59360	0.59361			6
2026.05.08	01:11:35.922	0.59358				2
2026.05.08	01:11:36.222	0.59360				2
2026.05.08	01:11:36.525	0.59358				2
2026.05.08	01:11:36.826	0.59362	0.59363			6
2026.05.08	01:11:37.121	0.59361	0.59364			6
2026.05.08	01:11:37.428	0.59363				2
2026.05.08	01:11:37.727	0.59362	0.59365			6
2026.05.08	01:11:38.029	0.59364				2
2026.05.08	01:11:38.330	0.59362				2
2026.05.08	01:11:41.637	0.59366	0.59368			6
2026.05.08	01:11:42.533		0.59367			4
2026.05.08	01:11:42.835		0.59368			4
2026.05.08	01:11:44.643	0.59365				2
2026.05.08	01:11:54.250	0.59372	0.59374			6
2026.05.08	01:11:55.156		0.59375			4
2026.05.08	01:11:56.361		0.59374			4
2026.05.08	01:11:59.363		0.59375			4
2026.05.08	01:11:59.665		0.59374			4
2026.05.08	01:12:00.263	0.59372	0.59375			6
2026.05.08	01:12:00.565	0.59371	0.59374			6
2026.05.08	01:12:12.889	0.59372	0.59375			6
2026.05.08	01:12:19.799		0.59374			4
2026.05.08	01:12:25.506		0.59375			4
2026.05.08	01:12:29.416		0.59374			4
2026.05.08	01:13:00.077	0.59372				2
2026.05.08	01:13:00.373	0.59373	0.59375			6
2026.05.08	01:13:02.475	0.59372	0.59374			6
2026.05.08	01:13:09.081	0.59375	0.59377			6
2026.05.08	01:13:12.084	0.59374	0.59376			6
2026.05.08	01:13:18.693	0.59373	0.59375			6
2026.05.08	01:13:24.104		0.59374			4
2026.05.08	01:13:37.334		0.59375			4
2026.05.08	01:14:00.179	0.59373				2
2026.05.08	01:14:03.785	0.59372	0.59374			6
2026.05.08	01:14:17.308	0.59371	0.59373			6
2026.05.08	01:14:17.611		0.59372			4
2026.05.08	01:14:23.021	0.59370				2
2026.05.08	01:14:23.318		0.59371			4
2026.05.08	01:15:00.297	0.59370				2
2026.05.08	01:15:01.800	0.59368	0.59369			6
2026.05.08	01:15:06.601	0.59369	0.59370			6
2026.05.08	01:15:06.902	0.59370	0.59371			6
2026.05.08	01:15:12.610	0.59371	0.59372			6
2026.05.08	01:15:20.721	0.59370				2
2026.05.08	01:15:21.927		0.59371			4
2026.05.08	01:15:22.827	0.59371	0.59373			6
2026.05.08	01:15:31.249		0.59372			4
2026.05.08	01:15:31.846	0.59370				2
2026.05.08	01:15:35.456		0.59371			4
2026.05.08	01:15:35.754		0.59372			4
2026.05.08	01:15:36.358		0.59371			4
2026.05.08	01:15:36.656		0.59372			4
2026.05.08	01:15:37.862		0.59371			4
2026.05.08	01:15:39.060		0.59372			4
2026.05.08	01:15:42.366	0.59368	0.59370			6
2026.05.08	01:15:51.686		0.59369			4
2026.05.08	01:15:56.499	0.59366	0.59368			6
2026.05.08	01:15:56.799	0.59365	0.59366			6
2026.05.08	01:15:57.402	0.59358	0.59360			6
2026.05.08	01:15:57.700	0.59357	0.59359			6
2026.05.08	01:15:58.300	0.59356	0.59360			6
2026.05.08	01:15:58.607	0.59358	0.59361			6
2026.05.08	01:16:00.102	0.59358				2
2026.05.08	01:16:12.729	0.59359				2
2026.05.08	01:16:13.332	0.59360	0.59363			6
2026.05.08	01:16:15.138	0.59359				2
2026.05.08	01:16:19.047	0.59363	0.59364			6
2026.05.08	01:16:19.344		0.59365			4
2026.05.08	01:16:20.250		0.59366			4
2026.05.08	01:16:21.457	0.59368	0.59371			6
2026.05.08	01:16:23.556	0.59367				2
2026.05.08	01:16:23.858	0.59366	0.59369			6
2026.05.08	01:16:25.358	0.59367	0.59370			6
2026.05.08	01:16:25.664		0.59371			4
2026.05.08	01:16:26.258	0.59368				2
2026.05.08	01:16:26.561	0.59367				2
2026.05.08	01:16:26.862	0.59369	0.59373			6
2026.05.08	01:16:27.162	0.59368	0.59371			6
2026.05.08	01:16:27.460		0.59370			4
2026.05.08	01:16:27.770	0.59375	0.59376			6
2026.05.08	01:16:28.065		0.59377			4
2026.05.08	01:16:28.368	0.59381	0.59383			6
2026.05.08	01:16:28.660	0.59383	0.59387			6
2026.05.08	01:16:28.958		0.59386			4
2026.05.08	01:16:29.265	0.59381	0.59385			6
2026.05.08	01:16:29.573	0.59383	0.59386			6
2026.05.08	01:16:29.865	0.59381	0.59385			6
2026.05.08	01:16:30.168	0.59380	0.59382			6
2026.05.08	01:16:30.767	0.59379				2
2026.05.08	01:16:31.371	0.59380				2
2026.05.08	01:16:31.970	0.59382	0.59385			6
2026.05.08	01:16:33.769	0.59381	0.59384			6
2026.05.08	01:16:34.073	0.59380	0.59383			6
2026.05.08	01:16:35.278	0.59377	0.59381			6
2026.05.08	01:16:35.575		0.59380			4
2026.05.08	01:16:35.880	0.59378	0.59382			6
2026.05.08	01:16:36.178	0.59384	0.59386			6
2026.05.08	01:16:36.780	0.59383				2
2026.05.08	01:16:37.081		0.59384			4
2026.05.08	01:16:37.381		0.59385			4
2026.05.08	01:16:38.278		0.59386			4
2026.05.08	01:16:38.882		0.59385			4
2026.05.08	01:16:40.083	0.59381	0.59383			6
2026.05.08	01:16:40.384		0.59384			4
2026.05.08	01:16:42.785		0.59383			4
2026.05.08	01:16:43.086	0.59380				2
2026.05.08	01:16:45.190		0.59384			4
2026.05.08	01:16:45.490		0.59383			4
2026.05.08	01:16:46.088	0.59381	0.59385			6
2026.05.08	01:16:46.391	0.59382				2
2026.05.08	01:16:46.694		0.59386			4
2026.05.08	01:16:47.595		0.59385			4
2026.05.08	01:16:49.698		0.59386			4
2026.05.08	01:16:49.998		0.59385			4
2026.05.08	01:16:50.895		0.59386			4
2026.05.08	01:16:51.198		0.59385			4
2026.05.08	01:16:52.101		0.59384			4
2026.05.08	01:16:56.012	0.59381				2
2026.05.08	01:16:58.107		0.59383			4
2026.05.08	01:16:59.312		0.59384			4
2026.05.08	01:17:00.215	0.59381				2
2026.05.08	01:17:01.717	0.59378	0.59382			6
2026.05.08	01:17:02.017		0.59381			4
2026.05.08	01:17:02.320		0.59380			4
2026.05.08	01:17:04.424		0.59381			4
2026.05.08	01:17:05.025		0.59380			4
2026.05.08	01:17:05.924	0.59377	0.59379			6
2026.05.08	01:17:06.224	0.59378				2
2026.05.08	01:17:06.523		0.59380			4
2026.05.08	01:17:06.825		0.59381			4
2026.05.08	01:17:08.326		0.59380			4
2026.05.08	01:17:08.624		0.59381			4
2026.05.08	01:17:09.529		0.59380			4
2026.05.08	01:17:10.729		0.59381			4
2026.05.08	01:17:12.833	0.59376	0.59379			6
2026.05.08	01:17:14.336		0.59378			4
2026.05.08	01:17:15.547	0.59374				2
2026.05.08	01:17:15.844		0.59377			4
2026.05.08	01:17:19.450	0.59373	0.59375			6
2026.05.08	01:17:20.052		0.59376			4
2026.05.08	01:17:20.356		0.59375			4
2026.05.08	01:17:20.659	0.59370	0.59373			6
2026.05.08	01:17:22.159		0.59374			4
2026.05.08	01:17:23.360		0.59372			4
2026.05.08	01:17:23.659	0.59368	0.59371			6
2026.05.08	01:17:23.958	0.59370	0.59373			6
2026.05.08	01:17:24.861	0.59369				2
2026.05.08	01:17:32.369	0.59374	0.59378			6
2026.05.08	01:17:35.072	0.59373	0.59377			6
2026.05.08	01:17:35.376	0.59374	0.59378			6
2026.05.08	01:17:41.680	0.59373	0.59377			6
2026.05.08	01:17:47.988	0.59372	0.59376			6
2026.05.08	01:17:48.592	0.59373	0.59377			6
2026.05.08	01:17:50.097	0.59372	0.59375			6
2026.05.08	01:17:50.393		0.59376			4
2026.05.08	01:17:50.696	0.59373	0.59377			6
2026.05.08	01:17:51.596	0.59374	0.59378			6
2026.05.08	01:17:52.197	0.59373	0.59377			6
2026.05.08	01:17:52.498	0.59372	0.59376			6
2026.05.08	01:17:52.796	0.59373	0.59377			6
2026.05.08	01:17:53.699		0.59376			4
2026.05.08	01:17:53.998	0.59374	0.59378			6
2026.05.08	01:17:54.900	0.59375	0.59379			6
2026.05.08	01:17:56.102	0.59374	0.59378			6
2026.05.08	01:17:56.701		0.59376			4
2026.05.08	01:17:57.303		0.59377			4
2026.05.08	01:17:58.203	0.59373				2
2026.05.08	01:17:58.807	0.59374	0.59378			6
2026.05.08	01:18:00.006	0.59374				2
2026.05.08	01:18:02.109	0.59373	0.59377			6
2026.05.08	01:18:02.705	0.59372	0.59376			6
2026.05.08	01:18:04.511	0.59373	0.59377			6
2026.05.08	01:18:06.311	0.59372	0.59376			6
2026.05.08	01:18:07.513	0.59375	0.59378			6
2026.05.08	01:18:07.812	0.59376	0.59380			6
2026.05.08	01:18:08.420	0.59378	0.59382			6
2026.05.08	01:18:09.926		0.59380			4
2026.05.08	01:18:10.225	0.59375	0.59379			6
2026.05.08	01:18:10.520		0.59378			4
2026.05.08	01:18:12.622		0.59377			4
2026.05.08	01:18:15.337	0.59374				2
2026.05.08	01:18:15.633	0.59372	0.59376			6
2026.05.08	01:18:16.230	0.59371	0.59375			6
2026.05.08	01:18:16.834	0.59372	0.59376			6
2026.05.08	01:18:17.431	0.59373				2
2026.05.08	01:18:17.739		0.59377			4
2026.05.08	01:18:19.246	0.59372	0.59376			6
2026.05.08	01:18:19.844	0.59371	0.59375			6
2026.05.08	01:18:20.441	0.59372	0.59376			6
2026.05.08	01:18:23.748	0.59373	0.59377			6
2026.05.08	01:18:24.954	0.59372	0.59376			6
2026.05.08	01:18:25.254	0.59373	0.59377			6
2026.05.08	01:18:27.058	0.59374				2
2026.05.08	01:18:27.659	0.59373				2
2026.05.08	01:18:35.175	0.59376	0.59380			6
2026.05.08	01:18:40.586	0.59375	0.59379			6
2026.05.08	01:18:40.884	0.59374	0.59378			6
2026.05.08	01:18:44.798	0.59373	0.59377			6
2026.05.08	01:18:47.201	0.59374	0.59378			6
2026.05.08	01:18:47.504	0.59371	0.59375			6
2026.05.08	01:18:47.804	0.59370	0.59374			6
2026.05.08	01:18:48.408	0.59371				2
2026.05.08	01:18:52.007		0.59375			4
2026.05.08	01:18:52.610	0.59372	0.59376			6
2026.05.08	01:18:54.412		0.59375			4
2026.05.08	01:18:57.118	0.59371				2
2026.05.08	01:18:58.926		0.59374			4
2026.05.08	01:18:59.529	0.59372	0.59376			6
2026.05.08	01:19:00.131	0.59372				2
2026.05.08	01:19:01.030	0.59371	0.59375			6
2026.05.08	01:19:02.832	0.59372	0.59376			6
2026.05.08	01:19:03.131		0.59375			4
2026.05.08	01:19:06.146		0.59374			4
2026.05.08	01:19:08.257		0.59375			4
2026.05.08	01:19:09.460		0.59376			4
2026.05.08	01:19:09.760		0.59375			4
2026.05.08	01:19:10.062	0.59371	0.59374			6
2026.05.08	01:19:10.360		0.59373			4
2026.05.08	01:19:15.473		0.59372			4
2026.05.08	01:19:16.377	0.59372	0.59376			6
2026.05.08	01:19:17.880	0.59375	0.59378			6
2026.05.08	01:19:19.685	0.59380	0.59382			6
2026.05.08	01:19:19.977		0.59384			4
2026.05.08	01:19:20.278	0.59379	0.59383			6
2026.05.08	01:19:20.584	0.59378	0.59382			6
2026.05.08	01:19:21.184		0.59381			4
2026.05.08	01:19:21.787	0.59382	0.59385			6
2026.05.08	01:19:22.083	0.59381				2
2026.05.08	01:19:29.899	0.59380	0.59384			6
2026.05.08	01:19:35.022		0.59381			4
2026.05.08	01:19:35.317	0.59375	0.59379			6
2026.05.08	01:19:35.620		0.59378			4
2026.05.08	01:19:35.917	0.59374				2
2026.05.08	01:19:37.123	0.59377	0.59381			6
2026.05.08	01:19:38.321	0.59376	0.59379			6
2026.05.08	01:19:38.618		0.59380			4
2026.05.08	01:19:39.525		0.59379			4
2026.05.08	01:19:41.936		0.59380			4
2026.05.08	01:19:46.141		0.59379			4
2026.05.08	01:19:47.345		0.59380			4
2026.05.08	01:19:50.658	0.59379				2
2026.05.08	01:19:50.958	0.59378	0.59381			6
2026.05.08	01:19:51.257	0.59376	0.59379			6
2026.05.08	01:19:51.563		0.59380			4
2026.05.08	01:19:53.362		0.59379			4
2026.05.08	01:19:53.963		0.59380			4
2026.05.08	01:19:54.560	0.59377	0.59381			6
2026.05.08	01:19:56.673	0.59375	0.59379			6
2026.05.08	01:19:56.970	0.59377	0.59380			6
2026.05.08	01:19:57.268		0.59381			4
2026.05.08	01:20:00.276	0.59377				2
2026.05.08	01:20:17.103		0.59380			4
2026.05.08	01:20:19.806	0.59376				2
2026.05.08	01:20:21.008		0.59379			4
2026.05.08	01:20:21.907		0.59380			4
2026.05.08	01:20:22.806	0.59380	0.59384			6
2026.05.08	01:20:25.509		0.59383			4
2026.05.08	01:20:26.414		0.59384			4
2026.05.08	01:20:30.322	0.59381	0.59385			6
2026.05.08	01:20:30.919	0.59380	0.59384			6
2026.05.08	01:20:31.522	0.59381	0.59385			6
2026.05.08	01:20:43.844		0.59384			4
2026.05.08	01:20:51.061		0.59385			4
2026.05.08	01:20:51.362		0.59384			4
2026.05.08	01:20:52.568		0.59385			4
2026.05.08	01:20:52.871	0.59382	0.59386			6
2026.05.08	01:20:53.166	0.59381	0.59384			6
2026.05.08	01:20:54.669	0.59380	0.59383			6
2026.05.08	01:20:56.777	0.59378	0.59382			6
2026.05.08	01:20:57.070	0.59377	0.59381			6
2026.05.08	01:20:57.674	0.59378	0.59382			6
2026.05.08	01:20:57.976	0.59377	0.59381			6
2026.05.08	01:20:58.873	0.59376	0.59380			6
2026.05.08	01:21:00.079	0.59376				2
2026.05.08	01:21:02.781	0.59377	0.59381			6
2026.05.08	01:21:07.891	0.59380	0.59384			6
2026.05.08	01:21:08.486	0.59384	0.59388			6
2026.05.08	01:21:09.091	0.59386	0.59390			6
2026.05.08	01:21:09.390	0.59384	0.59387			6
2026.05.08	01:21:09.694	0.59391	0.59394			6
2026.05.08	01:21:09.994	0.59390				2
2026.05.08	01:21:10.296	0.59389	0.59393			6
2026.05.08	01:21:11.192	0.59388	0.59391			6
2026.05.08	01:21:11.799	0.59395	0.59398			6
2026.05.08	01:21:12.094		0.59399			4
2026.05.08	01:21:12.393	0.59394	0.59398			6
2026.05.08	01:21:12.694		0.59397			4
2026.05.08	01:21:12.995	0.59393	0.59395			6
2026.05.08	01:21:13.596	0.59391				2
2026.05.08	01:21:13.895	0.59390	0.59394			6
2026.05.08	01:21:14.492	0.59391	0.59395			6
2026.05.08	01:21:14.799	0.59392	0.59396			6
2026.05.08	01:21:15.097	0.59391	0.59395			6
2026.05.08	01:21:16.000	0.59392	0.59396			6
2026.05.08	01:21:16.598	0.59391	0.59395			6
2026.05.08	01:21:16.901	0.59390	0.59393			6
2026.05.08	01:21:18.701	0.59388	0.59391			6
2026.05.08	01:21:19.900	0.59386	0.59389			6
2026.05.08	01:21:20.199		0.59390			4
2026.05.08	01:21:23.507	0.59387	0.59391			6
2026.05.08	01:21:25.308		0.59390			4
2026.05.08	01:21:26.509		0.59391			4
2026.05.08	01:21:27.714		0.59390			4
2026.05.08	01:21:28.014		0.59391			4
2026.05.08	01:21:29.516	0.59385	0.59389			6
2026.05.08	01:21:29.816		0.59388			4
2026.05.08	01:21:33.123	0.59388	0.59390			6
2026.05.08	01:21:33.422		0.59391			4
2026.05.08	01:21:35.232	0.59387				2
2026.05.08	01:21:35.530	0.59388	0.59392			6
2026.05.08	01:21:37.030	0.59387	0.59391			6
2026.05.08	01:21:37.943	0.59386	0.59390			6
2026.05.08	01:21:39.744	0.59387				2
2026.05.08	01:21:40.043	0.59386	0.59389			6
2026.05.08	01:21:40.348		0.59390			4
2026.05.08	01:21:41.848		0.59389			4
2026.05.08	01:21:42.451		0.59390			4
2026.05.08	01:21:43.050	0.59387	0.59391			6
2026.05.08	01:21:43.656	0.59388	0.59392			6
2026.05.08	01:21:46.067	0.59386	0.59390			6
2026.05.08	01:21:50.276	0.59385	0.59389			6
2026.05.08	01:21:50.575		0.59388			4
2026.05.08	01:21:50.879	0.59387	0.59391			6
2026.05.08	01:21:51.176	0.59388	0.59392			6
2026.05.08	01:21:56.584	0.59390	0.59393			6
2026.05.08	01:21:56.880	0.59391				2
2026.05.08	01:21:57.186	0.59386	0.59390			6
2026.05.08	01:21:57.481		0.59389			4
2026.05.08	01:22:00.194	0.59386				2
2026.05.08	01:22:01.096	0.59388	0.59392			6
2026.05.08	01:22:01.695	0.59387	0.59391			6
2026.05.08	01:22:04.399		0.59390			4
2026.05.08	01:22:04.700		0.59391			4
2026.05.08	01:22:08.302		0.59390			4
2026.05.08	01:22:08.602	0.59388	0.59392			6
2026.05.08	01:22:11.004	0.59387	0.59391			6
2026.05.08	01:22:11.306	0.59389	0.59393			6
2026.05.08	01:22:12.507	0.59388	0.59392			6
2026.05.08	01:22:15.518		0.59391			4
2026.05.08	01:22:16.121		0.59392			4
2026.05.08	01:22:16.718		0.59390			4
2026.05.08	01:22:17.017		0.59392			4
2026.05.08	01:22:17.618		0.59391			4
2026.05.08	01:22:18.220	0.59386	0.59390			6
2026.05.08	01:22:18.522	0.59387	0.59391			6
2026.05.08	01:22:19.427	0.59390	0.59393			6
2026.05.08	01:22:19.724	0.59391	0.59395			6
2026.05.08	01:22:21.825	0.59390	0.59394			6
2026.05.08	01:22:22.127	0.59389	0.59393			6
2026.05.08	01:22:23.629	0.59388	0.59392			6
2026.05.08	01:22:26.630		0.59391			4
2026.05.08	01:22:26.933		0.59392			4
2026.05.08	01:22:28.435	0.59389	0.59393			6
2026.05.08	01:22:28.734	0.59388	0.59392			6
2026.05.08	01:22:29.033		0.59391			4
2026.05.08	01:22:29.940	0.59389	0.59392			6
2026.05.08	01:22:30.237	0.59388				2
2026.05.08	01:22:33.546	0.59387	0.59391			6
2026.05.08	01:22:33.849		0.59390			4
2026.05.08	01:22:34.747		0.59391			4
2026.05.08	01:22:35.049	0.59386	0.59389			6
2026.05.08	01:22:35.650		0.59390			4
2026.05.08	01:22:36.552		0.59388			4
2026.05.08	01:22:36.854	0.59384				2
2026.05.08	01:22:38.056	0.59385	0.59389			6
2026.05.08	01:22:44.063		0.59388			4
2026.05.08	01:22:45.269		0.59389			4
2026.05.08	01:22:47.971		0.59388			4
2026.05.08	01:22:48.272	0.59383	0.59387			6
2026.05.08	01:22:49.476		0.59386			4
2026.05.08	01:22:53.683		0.59387			4
2026.05.08	01:22:59.686	0.59381	0.59385			6
2026.05.08	01:23:00.290	0.59381				2
2026.05.08	01:23:00.888		0.59384			4
2026.05.08	01:23:04.504	0.59382	0.59386			6
2026.05.08	01:23:04.799		0.59384			4
2026.05.08	01:23:05.401		0.59385			4
2026.05.08	01:23:10.503		0.59386			4
2026.05.08	01:23:12.609	0.59383	0.59387			6
2026.05.08	01:23:18.322	0.59384	0.59388			6
2026.05.08	01:23:20.133	0.59385				2
2026.05.08	01:23:20.429	0.59387	0.59390			6
2026.05.08	01:23:24.335		0.59391			4
2026.05.08	01:23:25.534		0.59390			4
2026.05.08	01:23:26.435		0.59391			4
2026.05.08	01:23:27.039		0.59390			4
2026.05.08	01:23:28.241		0.59391			4
2026.05.08	01:23:28.542		0.59390			4
2026.05.08	01:23:31.247	0.59386	0.59389			6
2026.05.08	01:23:33.358	0.59384	0.59388			6
2026.05.08	01:23:33.654	0.59383	0.59387			6
2026.05.08	01:23:35.158	0.59384	0.59388			6
2026.05.08	01:23:35.460	0.59385				2
2026.05.08	01:23:35.762	0.59386	0.59389			6
2026.05.08	01:23:38.163	0.59385	0.59388			6
2026.05.08	01:23:40.268	0.59386				2
2026.05.08	01:23:40.565		0.59389			4
2026.05.08	01:23:43.271		0.59388			4
2026.05.08	01:23:44.471	0.59387	0.59391			6
2026.05.08	01:23:45.372		0.59390			4
2026.05.08	01:23:49.276	0.59386				2
2026.05.08	01:23:49.575		0.59389			4
2026.05.08	01:23:51.981		0.59390			4
2026.05.08	01:23:56.496	0.59388	0.59392			6
2026.05.08	01:23:59.196	0.59389	0.59393			6
2026.05.08	01:23:59.502	0.59393	0.59397			6
2026.05.08	01:23:59.798	0.59392	0.59396			6
2026.05.08	01:24:00.105	0.59393	0.59397			6
2026.05.08	01:24:01.303	0.59391	0.59395			6
2026.05.08	01:24:02.204		0.59394			4
2026.05.08	01:24:02.803		0.59395			4
2026.05.08	01:24:03.102	0.59392	0.59396			6
2026.05.08	01:24:07.915	0.59391	0.59395			6
2026.05.08	01:24:08.513	0.59392	0.59396			6
2026.05.08	01:24:09.716	0.59391	0.59395			6
2026.05.08	01:24:10.014		0.59394			4
2026.05.08	01:24:11.219	0.59394	0.59396			6
2026.05.08	01:24:11.521	0.59393	0.59397			6
2026.05.08	01:24:11.819	0.59394				2
2026.05.08	01:24:13.924		0.59398			4
2026.05.08	01:24:18.744		0.59396			4
2026.05.08	01:24:19.046	0.59391	0.59395			6
2026.05.08	01:24:19.344		0.59394			4
2026.05.08	01:24:20.244	0.59393	0.59395			6
2026.05.08	01:24:20.544		0.59397			4
2026.05.08	01:24:22.946	0.59394	0.59396			6
2026.05.08	01:24:23.248	0.59395	0.59398			6
2026.05.08	01:24:24.149		0.59399			4
2026.05.08	01:24:24.448	0.59396				2
2026.05.08	01:24:24.750		0.59398			4
2026.05.08	01:24:25.352	0.59395				2
2026.05.08	01:24:25.651	0.59397	0.59399			6
2026.05.08	01:24:25.949	0.59395				2
2026.05.08	01:24:27.455	0.59396	0.59400			6
2026.05.08	01:24:29.255		0.59399			4
2026.05.08	01:24:31.059		0.59398			4
2026.05.08	01:24:44.877	0.59395				2
2026.05.08	01:24:45.478	0.59397	0.59399			6
2026.05.08	01:24:54.503		0.59398			4
2026.05.08	01:25:00.211	0.59397				2
2026.05.08	01:25:00.518	0.59396	0.59397			6
2026.05.08	01:25:01.117	0.59391	0.59394			6
2026.05.08	01:25:01.409	0.59390	0.59393			6
2026.05.08	01:25:01.712	0.59388	0.59391			6
2026.05.08	01:25:02.314	0.59387				2
2026.05.08	01:25:03.816		0.59390			4
2026.05.08	01:25:07.117		0.59389			4
2026.05.08	01:25:08.023		0.59390			4
2026.05.08	01:25:11.637		0.59391			4
2026.05.08	01:25:12.238		0.59390			4
2026.05.08	01:25:16.748		0.59391			4
2026.05.08	01:25:17.346	0.59388				2
2026.05.08	01:25:19.752	0.59389	0.59393			6
2026.05.08	01:25:20.054		0.59392			4
2026.05.08	01:25:20.958	0.59390	0.59393			6
2026.05.08	01:25:32.693	0.59391	0.59394			6
2026.05.08	01:25:34.796		0.59393			4
2026.05.08	01:25:35.095	0.59392	0.59394			6
2026.05.08	01:25:35.392	0.59391				2
2026.05.08	01:25:46.513		0.59393			4
2026.05.08	01:25:46.814		0.59394			4
2026.05.08	01:25:49.217		0.59393			4
2026.05.08	01:25:51.321	0.59390	0.59392			6
2026.05.08	01:25:51.625		0.59393			4
2026.05.08	01:25:52.526		0.59392			4
2026.05.08	01:25:56.139		0.59393			4
2026.05.08	01:25:56.439	0.59392	0.59394			6
2026.05.08	01:25:58.545	0.59391				2
2026.05.08	01:26:00.046	0.59391				2
2026.05.08	01:26:00.646	0.59392				2
2026.05.08	01:26:01.848	0.59391				2
2026.05.08	01:26:03.951		0.59393			4
2026.05.08	01:26:06.955		0.59392			4
2026.05.08	01:26:09.359	0.59392	0.59393			6
2026.05.08	01:26:14.174		0.59394			4
2026.05.08	01:26:14.776		0.59393			4
2026.05.08	01:26:15.071		0.59394			4
2026.05.08	01:26:15.672	0.59391	0.59392			6
2026.05.08	01:26:19.876	0.59389	0.59390			6
2026.05.08	01:26:23.178		0.59391			4
2026.05.08	01:26:23.475		0.59390			4
2026.05.08	01:26:26.483	0.59388	0.59389			6
2026.05.08	01:26:27.083	0.59387	0.59388			6
2026.05.08	01:26:29.486	0.59386				2
2026.05.08	01:26:30.086	0.59387				2
2026.05.08	01:26:32.196	0.59386				2
2026.05.08	01:26:32.492		0.59387			4
2026.05.08	01:26:35.797	0.59385				2
2026.05.08	01:26:38.503	0.59384	0.59386			6
2026.05.08	01:26:38.805	0.59385	0.59387			6
2026.05.08	01:26:39.705	0.59384	0.59386			6
2026.05.08	01:26:41.506	0.59385	0.59387			6
2026.05.08	01:26:43.307	0.59384	0.59386			6
2026.05.08	01:26:49.017	0.59383	0.59385			6
2026.05.08	01:26:49.918		0.59384			4
2026.05.08	01:26:52.923	0.59382				2
2026.05.08	01:26:59.234	0.59383	0.59385			6
2026.05.08	01:27:00.135	0.59383				2
2026.05.08	01:27:02.245	0.59384	0.59386			6
2026.05.08	01:27:03.147	0.59385	0.59387			6
2026.05.08	01:27:13.059		0.59386			4
2026.05.08	01:27:13.360	0.59384				2
2026.05.08	01:27:14.562		0.59385			4
2026.05.08	01:27:16.064		0.59386			4
2026.05.08	01:27:18.165		0.59385			4
2026.05.08	01:27:22.678		0.59386			4
2026.05.08	01:27:26.900	0.59385				2
2026.05.08	01:27:27.197		0.59387			4
2026.05.08	01:27:29.301	0.59384	0.59385			6
2026.05.08	01:27:29.602		0.59386			4
2026.05.08	01:27:38.620		0.59385			4
2026.05.08	01:27:49.443		0.59386			4
2026.05.08	01:27:50.949		0.59385			4
2026.05.08	01:27:53.350		0.59386			4
2026.05.08	01:27:55.759		0.59385			4
2026.05.08	01:28:00.261	0.59384				2
2026.05.08	01:28:03.275	0.59383				2
2026.05.08	01:28:04.177	0.59384				2
2026.05.08	01:28:04.473		0.59386			4
2026.05.08	01:28:05.679		0.59385			4
2026.05.08	01:28:06.880		0.59386			4
2026.05.08	01:28:07.180		0.59385			4
2026.05.08	01:28:07.479	0.59383				2
2026.05.08	01:28:11.093	0.59382	0.59384			6
2026.05.08	01:28:11.393		0.59383			4
2026.05.08	01:28:12.595	0.59381				2
2026.05.08	01:28:14.101	0.59378	0.59379			6
2026.05.08	01:28:14.404	0.59379	0.59381			6
2026.05.08	01:28:21.612		0.59380			4
2026.05.08	01:28:22.214		0.59381			4
2026.05.08	01:28:26.419		0.59380			4
2026.05.08	01:28:27.621		0.59381			4
2026.05.08	01:28:30.634	0.59380	0.59382			6
2026.05.08	01:28:30.930	0.59381	0.59383			6
2026.05.08	01:28:38.756	0.59380	0.59382			6
2026.05.08	01:28:45.365	0.59381	0.59383			6
2026.05.08	01:28:46.269	0.59382				2
2026.05.08	01:28:46.570	0.59384	0.59385			6
2026.05.08	01:28:47.465	0.59383	0.59384			6
2026.05.08	01:28:47.766		0.59385			4
2026.05.08	01:28:48.372	0.59384	0.59386			6
2026.05.08	01:28:48.670	0.59385	0.59387			6
2026.05.08	01:28:48.973		0.59386			4
2026.05.08	01:28:52.577		0.59387			4
2026.05.08	01:28:53.779	0.59386	0.59388			6
2026.05.08	01:28:54.378	0.59385	0.59386			6
2026.05.08	01:28:54.677		0.59387			4
2026.05.08	01:28:55.280	0.59384	0.59386			6
2026.05.08	01:28:55.578		0.59385			4
2026.05.08	01:28:56.181	0.59385	0.59387			6
2026.05.08	01:28:57.984		0.59386			4
2026.05.08	01:29:00.087	0.59384				2
2026.05.08	01:29:00.384		0.59385			4
2026.05.08	01:29:01.287	0.59385	0.59387			6
2026.05.08	01:29:02.790	0.59384	0.59386			6
2026.05.08	01:29:08.198	0.59385				2
2026.05.08	01:29:09.401		0.59387			4
2026.05.08	01:29:09.698		0.59386			4
2026.05.08	01:29:09.999	0.59388	0.59390			6
2026.05.08	01:29:10.604	0.59389	0.59391			6
2026.05.08	01:29:10.900	0.59390	0.59392			6
2026.05.08	01:29:11.198	0.59391				2
2026.05.08	01:29:11.506		0.59393			4
2026.05.08	01:29:11.799	0.59390	0.59392			6
2026.05.08	01:29:12.701	0.59391	0.59393			6
2026.05.08	01:29:15.406		0.59392			4
2026.05.08	01:29:15.702		0.59393			4
2026.05.08	01:29:18.107	0.59390	0.59391			6
2026.05.08	01:29:18.405		0.59392			4
2026.05.08	01:29:27.128	0.59391				2
2026.05.08	01:29:28.937	0.59390	0.59391			6
2026.05.08	01:29:32.244	0.59389				2
2026.05.08	01:29:34.960	0.59388	0.59389			6
2026.05.08	01:29:35.256		0.59390			4
2026.05.08	01:29:37.059	0.59389	0.59391			6
2026.05.08	01:29:45.473		0.59390			4
2026.05.08	01:29:59.591	0.59390	0.59391			6
2026.05.08	01:30:00.192	0.59389	0.59390			6
2026.05.08	01:30:01.994	0.59390	0.59391			6
2026.05.08	01:30:02.902	0.59389				2
2026.05.08	01:30:03.195	0.59387	0.59388			6
2026.05.08	01:30:04.097	0.59386				2
2026.05.08	01:30:04.395	0.59387	0.59389			6
2026.05.08	01:30:04.704		0.59388			4
2026.05.08	01:30:04.996		0.59389			4
2026.05.08	01:30:05.601		0.59388			4
2026.05.08	01:30:08.301	0.59386	0.59387			6
2026.05.08	01:30:10.708	0.59384	0.59386			6
2026.05.08	01:30:11.303	0.59383	0.59384			6
2026.05.08	01:30:12.205	0.59384	0.59385			6
2026.05.08	01:30:14.908		0.59386			4
2026.05.08	01:30:15.209	0.59383	0.59385			6
2026.05.08	01:30:17.012	0.59382	0.59384			6
2026.05.08	01:30:18.517	0.59381	0.59383			6
2026.05.08	01:30:18.816	0.59382				2
2026.05.08	01:30:19.116	0.59381	0.59382			6
2026.05.08	01:30:19.717	0.59380				2
2026.05.08	01:30:22.425	0.59381	0.59383			6
2026.05.08	01:30:23.924	0.59382				2
2026.05.08	01:30:27.231		0.59384			4
2026.05.08	01:30:29.333	0.59381	0.59383			6
2026.05.08	01:30:30.237	0.59382				2
2026.05.08	01:30:30.535	0.59384	0.59385			6
2026.05.08	01:30:31.135	0.59383	0.59384			6
2026.05.08	01:30:32.336		0.59385			4
2026.05.08	01:30:33.843	0.59384	0.59386			6
2026.05.08	01:30:38.649	0.59385	0.59387			6
2026.05.08	01:30:38.949	0.59386	0.59388			6
2026.05.08	01:30:42.860		0.59387			4
2026.05.08	01:30:43.157	0.59385				2
2026.05.08	01:30:51.280	0.59384	0.59386			6
2026.05.08	01:30:51.574	0.59383	0.59385			6
2026.05.08	01:30:55.480	0.59384				2
2026.05.08	01:30:55.778	0.59385	0.59386			6
2026.05.08	01:30:58.488	0.59383	0.59385			6
2026.05.08	01:30:59.088	0.59384				2
2026.05.08	01:31:00.298	0.59383				2
2026.05.08	01:31:00.595	0.59385	0.59386			6
2026.05.08	01:31:01.196	0.59384				2
2026.05.08	01:31:02.397	0.59385				2
2026.05.08	01:31:02.697	0.59384				2
2026.05.08	01:31:09.305	0.59385				2
2026.05.08	01:31:10.805		0.59387			4
2026.05.08	01:31:18.017	0.59387	0.59389			6
2026.05.08	01:31:18.314		0.59388			4
2026.05.08	01:31:18.615	0.59386				2
2026.05.08	01:31:18.919	0.59385	0.59386			6
2026.05.08	01:31:19.516	0.59383	0.59385			6
2026.05.08	01:31:20.115	0.59385	0.59386			6
2026.05.08	01:31:22.224	0.59384				2
2026.05.08	01:31:22.519		0.59385			4
2026.05.08	01:31:25.528		0.59386			4
2026.05.08	01:31:27.632	0.59385	0.59387			6
2026.05.08	01:31:27.937	0.59386				2
2026.05.08	01:31:31.239	0.59385	0.59386			6
2026.05.08	01:31:32.136		0.59387			4
2026.05.08	01:31:39.063		0.59386			4
2026.05.08	01:31:39.359	0.59386	0.59387			6
2026.05.08	01:31:39.662	0.59384	0.59386			6
2026.05.08	01:31:39.963	0.59385	0.59387			6
2026.05.08	01:31:41.770		0.59386			4
2026.05.08	01:31:42.371	0.59384				2
2026.05.08	01:31:44.176	0.59385				2
2026.05.08	01:31:45.375	0.59384				2
2026.05.08	01:31:48.979	0.59385				2
2026.05.08	01:31:49.282	0.59384				2
2026.05.08	01:31:51.387		0.59385			4
2026.05.08	01:31:52.589	0.59383				2
2026.05.08	01:31:54.095	0.59384	0.59386			6
2026.05.08	01:31:55.292	0.59385	0.59387			6
2026.05.08	01:31:55.593	0.59384	0.59386			6
2026.05.08	01:31:56.794	0.59385				2
2026.05.08	01:31:59.498	0.59386	0.59387			6
2026.05.08	01:31:59.797	0.59385				2
2026.05.08	01:32:00.105	0.59385	0.59386			6
2026.05.08	01:32:01.001	0.59384				2
2026.05.08	01:32:01.900		0.59385			4
2026.05.08	01:32:02.198		0.59386			4
2026.05.08	01:32:02.803		0.59385			4
2026.05.08	01:32:03.701	0.59383				2
2026.05.08	01:32:04.608	0.59385	0.59386			6
2026.05.08	01:32:04.902	0.59384				2
2026.05.08	01:32:05.808		0.59385			4
2026.05.08	01:32:06.105		0.59386			4
2026.05.08	01:32:06.706		0.59385			4
2026.05.08	01:32:09.706		0.59386			4
2026.05.08	01:32:10.308	0.59387	0.59389			6
2026.05.08	01:32:10.910	0.59386	0.59388			6
2026.05.08	01:32:14.525	0.59387				2
2026.05.08	01:32:15.124	0.59385	0.59386			6
2026.05.08	01:32:15.421	0.59384	0.59385			6
2026.05.08	01:32:16.026	0.59383				2
2026.05.08	01:32:18.127		0.59384			4
2026.05.08	01:32:19.925		0.59385			4
2026.05.08	01:32:20.532	0.59384	0.59386			6
2026.05.08	01:32:20.827	0.59387	0.59388			6
2026.05.08	01:32:21.127		0.59389			4
2026.05.08	01:32:23.533	0.59385	0.59387			6
2026.05.08	01:32:23.838		0.59386			4
2026.05.08	01:32:25.335		0.59387			4
2026.05.08	01:32:25.638	0.59384	0.59385			6
2026.05.08	01:32:25.934	0.59385	0.59386			6
2026.05.08	01:32:27.141	0.59384				2
2026.05.08	01:32:27.441		0.59385			4
2026.05.08	01:32:27.740		0.59386			4
2026.05.08	01:32:28.342	0.59385	0.59387			6
2026.05.08	01:32:28.641	0.59384	0.59385			6
2026.05.08	01:32:31.653	0.59385	0.59386			6
2026.05.08	01:32:38.269	0.59386	0.59388			6
2026.05.08	01:32:38.567	0.59387	0.59389			6
2026.05.08	01:32:42.470	0.59386	0.59388			6
2026.05.08	01:32:43.377	0.59388	0.59389			6
2026.05.08	01:32:45.475	0.59387				2
2026.05.08	01:32:46.977		0.59388			4
2026.05.08	01:32:55.392		0.59389			4
2026.05.08	01:32:55.691		0.59388			4
2026.05.08	01:33:00.208	0.59387	0.59389			6
2026.05.08	01:33:03.506		0.59388			4
2026.05.08	01:33:04.108	0.59386				2
2026.05.08	01:33:04.706	0.59387				2
2026.05.08	01:33:05.006	0.59386				2
2026.05.08	01:33:10.126	0.59388	0.59390			6
2026.05.08	01:33:20.059	0.59389				2
2026.05.08	01:33:20.960	0.59388				2
2026.05.08	01:33:24.270	0.59387	0.59389			6
2026.05.08	01:33:29.075	0.59383	0.59385			6
2026.05.08	01:33:29.373	0.59384	0.59386			6
2026.05.08	01:33:34.194	0.59385	0.59387			6
2026.05.08	01:33:34.493		0.59386			4
2026.05.08	01:33:34.793		0.59387			4
2026.05.08	01:33:35.095	0.59384	0.59386			6
2026.05.08	01:33:37.501	0.59385				2
2026.05.08	01:33:41.405	0.59384				2
2026.05.08	01:33:43.208		0.59385			4
2026.05.08	01:33:44.114		0.59386			4
2026.05.08	01:33:53.135	0.59385	0.59387			6
2026.05.08	01:33:53.438		0.59386			4
2026.05.08	01:33:57.345		0.59387			4
2026.05.08	01:33:58.848		0.59386			4
2026.05.08	01:34:00.050	0.59385				2
2026.05.08	01:34:00.653	0.59386	0.59387			6
2026.05.08	01:34:01.253	0.59385	0.59386			6
2026.05.08	01:34:03.662	0.59386	0.59388			6
2026.05.08	01:34:03.961	0.59387	0.59389			6
2026.05.08	01:34:04.260		0.59388			4
2026.05.08	01:34:09.378	0.59373	0.59374			6
2026.05.08	01:34:09.676	0.59369	0.59371			6
2026.05.08	01:34:09.975	0.59373	0.59374			6
2026.05.08	01:34:10.273		0.59377			4
2026.05.08	01:34:10.577		0.59374			4
2026.05.08	01:34:10.872	0.59372	0.59375			6
2026.05.08	01:34:11.172		0.59376			4
2026.05.08	01:34:11.475	0.59374	0.59377			6
2026.05.08	01:34:12.075	0.59372	0.59376			6
2026.05.08	01:34:12.978	0.59374	0.59377			6
2026.05.08	01:34:13.577	0.59375	0.59378			6
2026.05.08	01:34:13.877		0.59379			4
2026.05.08	01:34:14.180		0.59378			4
2026.05.08	01:34:14.482	0.59374				2
2026.05.08	01:34:15.381	0.59375				2
2026.05.08	01:34:16.287	0.59373	0.59374			6
2026.05.08	01:34:16.584	0.59372	0.59375			6
2026.05.08	01:34:16.883		0.59376			4
2026.05.08	01:34:17.187	0.59369	0.59373			6
2026.05.08	01:34:17.487	0.59368	0.59371			6
2026.05.08	01:34:17.793		0.59372			4
2026.05.08	01:34:18.384	0.59369	0.59373			6
2026.05.08	01:34:19.288	0.59371	0.59375			6
2026.05.08	01:34:19.586	0.59372	0.59376			6
2026.05.08	01:34:21.986	0.59373	0.59377			6
2026.05.08	01:34:23.190	0.59372	0.59376			6
2026.05.08	01:34:23.790	0.59373	0.59377			6
2026.05.08	01:34:24.393	0.59375	0.59379			6
2026.05.08	01:34:26.194	0.59376	0.59380			6
2026.05.08	01:34:27.100	0.59374	0.59378			6
2026.05.08	01:34:27.995	0.59373	0.59377			6
2026.05.08	01:34:28.296	0.59376	0.59380			6
2026.05.08	01:34:28.597	0.59375	0.59379			6
2026.05.08	01:34:32.200	0.59376	0.59380			6
2026.05.08	01:34:32.500	0.59377				2
2026.05.08	01:34:32.797	0.59376				2
2026.05.08	01:34:34.604	0.59377	0.59381			6
2026.05.08	01:34:35.514		0.59380			4
2026.05.08	01:34:35.811	0.59376				2
2026.05.08	01:34:37.310	0.59377	0.59381			6
2026.05.08	01:34:38.818	0.59378	0.59382			6
2026.05.08	01:34:39.116	0.59379	0.59383			6
2026.05.08	01:34:40.618	0.59378	0.59382			6
2026.05.08	01:34:41.819	0.59380	0.59384			6
2026.05.08	01:34:42.118	0.59379	0.59383			6
2026.05.08	01:34:43.919	0.59380	0.59384			6
2026.05.08	01:34:44.220	0.59378	0.59382			6
2026.05.08	01:34:48.128	0.59377	0.59381			6
2026.05.08	01:34:49.935		0.59380			4
2026.05.08	01:34:50.231	0.59376				2
2026.05.08	01:34:54.140	0.59377	0.59381			6
2026.05.08	01:34:54.737	0.59376	0.59380			6
2026.05.08	01:34:55.943	0.59377	0.59381			6
2026.05.08	01:34:56.247		0.59378			4
2026.05.08	01:34:56.544	0.59373	0.59377			6
2026.05.08	01:34:56.846	0.59374	0.59378			6
2026.05.08	01:35:00.149	0.59374				2
2026.05.08	01:35:00.448	0.59375	0.59379			6
2026.05.08	01:35:01.047	0.59376	0.59378			6
2026.05.08	01:35:02.250		0.59380			4
2026.05.08	01:35:04.352	0.59375	0.59379			6
2026.05.08	01:35:04.954	0.59376	0.59380			6
2026.05.08	01:35:05.554	0.59377	0.59381			6
2026.05.08	01:35:08.562	0.59376	0.59380			6
2026.05.08	01:35:08.863	0.59377	0.59381			6
2026.05.08	01:35:09.465		0.59380			4
2026.05.08	01:35:09.760	0.59375	0.59379			6
2026.05.08	01:35:10.368	0.59372	0.59375			6
2026.05.08	01:35:10.663	0.59371				2
2026.05.08	01:35:10.966	0.59370	0.59374			6
2026.05.08	01:35:14.880	0.59369	0.59373			6
2026.05.08	01:35:15.477	0.59370	0.59374			6
2026.05.08	01:35:19.083	0.59371	0.59375			6
2026.05.08	01:35:19.684	0.59372	0.59376			6
2026.05.08	01:35:20.583	0.59373	0.59377			6
2026.05.08	01:35:20.882	0.59374	0.59378			6
2026.05.08	01:35:23.896	0.59375	0.59379			6
2026.05.08	01:35:24.198	0.59376	0.59380			6
2026.05.08	01:35:27.197	0.59375	0.59379			6
2026.05.08	01:35:27.498	0.59374	0.59378			6
2026.05.08	01:35:28.706	0.59375	0.59379			6
2026.05.08	01:35:30.202	0.59376	0.59380			6
2026.05.08	01:35:30.809	0.59374	0.59378			6
2026.05.08	01:35:31.107	0.59375	0.59379			6
2026.05.08	01:35:31.407	0.59374	0.59378			6
2026.05.08	01:35:31.705	0.59375	0.59379			6
2026.05.08	01:35:32.006	0.59374	0.59378			6
2026.05.08	01:35:35.616	0.59375	0.59379			6
2026.05.08	01:35:35.917	0.59374	0.59378			6
2026.05.08	01:35:36.217	0.59375	0.59379			6
2026.05.08	01:35:37.718	0.59376				2
2026.05.08	01:35:38.018		0.59380			4
2026.05.08	01:35:40.422	0.59374	0.59378			6
2026.05.08	01:35:42.529	0.59373	0.59377			6
2026.05.08	01:35:49.750	0.59372	0.59376			6
2026.05.08	01:35:50.351	0.59374	0.59378			6
2026.05.08	01:35:50.952	0.59373	0.59376			6
2026.05.08	01:35:51.253	0.59372				2
2026.05.08	01:35:51.558	0.59371	0.59374			6
2026.05.08	01:35:51.854	0.59370				2
2026.05.08	01:35:53.358	0.59371	0.59375			6
2026.05.08	01:35:54.864	0.59373	0.59377			6
2026.05.08	01:35:55.164	0.59374				2
2026.05.08	01:35:56.063		0.59378			4
2026.05.08	01:36:00.280	0.59373	0.59377			6
2026.05.08	01:36:00.576	0.59375	0.59379			6
2026.05.08	01:36:01.780	0.59376	0.59380			6
2026.05.08	01:36:02.081	0.59375	0.59379			6
2026.05.08	01:36:06.887	0.59373	0.59377			6
2026.05.08	01:36:18.910	0.59374	0.59378			6
2026.05.08	01:36:27.332	0.59373	0.59376			6
2026.05.08	01:36:27.630	0.59371	0.59375			6
2026.05.08	01:36:27.931	0.59370	0.59374			6
2026.05.08	01:36:31.836	0.59371	0.59375			6
2026.05.08	01:36:34.539	0.59373	0.59377			6
2026.05.08	01:36:45.964	0.59372	0.59376			6
2026.05.08	01:36:49.270		0.59375			4
2026.05.08	01:36:49.869	0.59371				2
2026.05.08	01:36:50.469	0.59370	0.59374			6
2026.05.08	01:36:54.375	0.59372	0.59376			6
2026.05.08	01:36:54.673	0.59373	0.59377			6
2026.05.08	01:37:00.079	0.59373				2
2026.05.08	01:37:01.879	0.59372	0.59376			6
2026.05.08	01:37:02.481	0.59373	0.59377			6
2026.05.08	01:37:03.379		0.59376			4
2026.05.08	01:37:05.185	0.59372	0.59375			6
2026.05.08	01:37:06.390	0.59373	0.59376			6
2026.05.08	01:37:06.691	0.59374	0.59377			6
2026.05.08	01:37:09.095	0.59373	0.59376			6
2026.05.08	01:37:10.597	0.59372	0.59375			6
2026.05.08	01:37:11.497	0.59373	0.59376			6
2026.05.08	01:37:14.199	0.59372	0.59375			6
2026.05.08	01:37:14.802	0.59373	0.59376			6
2026.05.08	01:37:16.602	0.59372	0.59375			6
2026.05.08	01:37:19.609	0.59374	0.59377			6
2026.05.08	01:37:31.332	0.59375	0.59378			6
2026.05.08	01:37:31.938	0.59374	0.59377			6
2026.05.08	01:37:38.260		0.59376			4
2026.05.08	01:37:41.266	0.59373	0.59375			6
2026.05.08	01:37:42.168	0.59372	0.59374			6
2026.05.08	01:37:44.566	0.59371	0.59373			6
2026.05.08	01:37:44.869	0.59370	0.59372			6
2026.05.08	01:37:47.568	0.59371	0.59373			6
2026.05.08	01:37:49.077	0.59372	0.59374			6
2026.05.08	01:37:56.278	0.59371	0.59372			6
2026.05.08	01:37:56.579	0.59372	0.59374			6
2026.05.08	01:38:00.190	0.59372				2
2026.05.08	01:38:00.788	0.59371	0.59373			6
2026.05.08	01:38:03.793	0.59372	0.59374			6
2026.05.08	01:38:13.107		0.59373			4
2026.05.08	01:38:13.403		0.59374			4
2026.05.08	01:38:14.310		0.59373			4
2026.05.08	01:38:14.607	0.59370	0.59372			6
2026.05.08	01:38:16.108	0.59371	0.59373			6
2026.05.08	01:38:17.913	0.59370	0.59372			6
2026.05.08	01:38:19.412		0.59371			4
2026.05.08	01:38:19.713		0.59372			4
2026.05.08	01:38:20.014		0.59371			4
2026.05.08	01:38:20.314		0.59372			4
2026.05.08	01:38:21.815	0.59371				2
2026.05.08	01:38:27.526	0.59372	0.59373			6
2026.05.08	01:38:27.833		0.59374			4
2026.05.08	01:38:30.231	0.59371	0.59373			6
2026.05.08	01:38:32.933	0.59372				2
2026.05.08	01:38:48.254	0.59371				2
2026.05.08	01:38:50.961		0.59372			4
2026.05.08	01:38:52.761		0.59373			4
2026.05.08	01:38:53.366		0.59372			4
2026.05.08	01:38:53.668		0.59373			4
2026.05.08	01:38:54.268		0.59372			4
2026.05.08	01:38:55.768		0.59373			4
2026.05.08	01:38:56.068		0.59372			4
2026.05.08	01:38:56.670		0.59373			4
2026.05.08	01:38:59.076		0.59372			4
2026.05.08	01:38:59.377		0.59373			4
2026.05.08	01:39:00.280	0.59371				2
2026.05.08	01:39:00.575	0.59369	0.59371			6
2026.05.08	01:39:02.679		0.59370			4
2026.05.08	01:39:02.978		0.59371			4
2026.05.08	01:39:05.384	0.59368	0.59370			6
2026.05.08	01:39:05.684	0.59367	0.59369			6
2026.05.08	01:39:15.611	0.59366	0.59368			6
2026.05.08	01:39:16.215		0.59367			4
2026.05.08	01:39:16.507		0.59368			4
2026.05.08	01:39:25.231		0.59367			4
2026.05.08	01:39:25.532		0.59368			4
2026.05.08	01:39:26.136		0.59367			4
2026.05.08	01:39:26.736		0.59368			4
2026.05.08	01:39:27.943		0.59367			4
2026.05.08	01:39:29.147		0.59368			4
2026.05.08	01:39:29.447	0.59367				2
2026.05.08	01:39:29.742	0.59366				2
2026.05.08	01:39:35.763	0.59367	0.59369			6
2026.05.08	01:39:36.662	0.59368				2
2026.05.08	01:39:37.559	0.59367				2
2026.05.08	01:39:39.667	0.59368				2
2026.05.08	01:39:41.171	0.59369	0.59370			6
2026.05.08	01:39:43.574		0.59371			4
2026.05.08	01:39:43.872	0.59370				2
2026.05.08	01:39:44.171	0.59369	0.59370			6
2026.05.08	01:39:49.281		0.59371			4
2026.05.08	01:39:51.389	0.59370				2
2026.05.08	01:39:51.688	0.59369				2
2026.05.08	01:39:52.589	0.59370				2
2026.05.08	01:39:52.889	0.59369				2
2026.05.08	01:39:53.192	0.59370				2
2026.05.08	01:39:54.390		0.59372			4
2026.05.08	01:39:55.293		0.59371			4
2026.05.08	01:39:56.800		0.59372			4
2026.05.08	01:39:57.401		0.59371			4
2026.05.08	01:39:58.598	0.59369				2
2026.05.08	01:39:59.801		0.59370			4
2026.05.08	01:40:00.104	0.59369	0.59371			6
2026.05.08	01:40:01.304		0.59370			4
2026.05.08	01:40:01.607		0.59371			4
2026.05.08	01:40:01.905	0.59368	0.59370			6
2026.05.08	01:40:02.204	0.59369				2
2026.05.08	01:40:02.505	0.59368				2
2026.05.08	01:40:03.406	0.59369				2
2026.05.08	01:40:03.708	0.59368				2
2026.05.08	01:40:09.717	0.59369				2
2026.05.08	01:40:12.420	0.59368				2
2026.05.08	01:40:16.035	0.59369				2
2026.05.08	01:40:16.339	0.59368				2
2026.05.08	01:40:16.937	0.59369	0.59371			6
2026.05.08	01:40:18.438	0.59367	0.59369			6
2026.05.08	01:40:18.741		0.59368			4
2026.05.08	01:40:20.542		0.59369			4
2026.05.08	01:40:23.549		0.59368			4
2026.05.08	01:40:23.847	0.59365	0.59367			6
2026.05.08	01:40:25.049	0.59366	0.59368			6
2026.05.08	01:40:26.254	0.59365	0.59366			6
2026.05.08	01:40:28.957	0.59364				2
2026.05.08	01:40:38.876	0.59365				2
2026.05.08	01:40:40.378	0.59364				2
2026.05.08	01:40:40.679	0.59365				2
2026.05.08	01:40:41.275		0.59367			4
2026.05.08	01:40:49.694	0.59366	0.59368			6
2026.05.08	01:40:55.102		0.59367			4
2026.05.08	01:40:55.407		0.59368			4
2026.05.08	01:41:00.217	0.59366				2
2026.05.08	01:41:01.716		0.59367			4
2026.05.08	01:41:02.615		0.59368			4
2026.05.08	01:41:02.918	0.59365	0.59367			6
2026.05.08	01:41:05.620		0.59366			4
2026.05.08	01:41:08.329		0.59367			4
2026.05.08	01:41:11.338	0.59366				2
2026.05.08	01:41:20.057	0.59365	0.59366			6
2026.05.08	01:41:29.977	0.59366	0.59368			6
2026.05.08	01:41:32.677		0.59367			4
2026.05.08	01:41:46.202	0.59365	0.59366			6
2026.05.08	01:41:48.903		0.59367			4
2026.05.08	01:41:51.306	0.59366				2
2026.05.08	01:41:51.605	0.59365	0.59366			6
2026.05.08	01:42:00.020	0.59365				2
2026.05.08	01:42:01.519		0.59367			4
2026.05.08	01:42:10.559	0.59366	0.59368			6
2026.05.08	01:42:12.361	0.59365	0.59367			6
2026.05.08	01:42:12.657		0.59366			4
2026.05.08	01:42:12.960	0.59364				2
2026.05.08	01:42:14.760	0.59365				2
2026.05.08	01:42:15.060	0.59364				2
2026.05.08	01:42:19.571	0.59363	0.59364			6
2026.05.08	01:42:20.469	0.59360	0.59361			6
2026.05.08	01:42:20.774	0.59359				2
2026.05.08	01:42:21.371	0.59361	0.59363			6
2026.05.08	01:42:35.799		0.59362			4
2026.05.08	01:42:36.096	0.59358	0.59360			6
2026.05.08	01:42:37.298	0.59357	0.59359			6
2026.05.08	01:42:41.808	0.59358	0.59360			6
2026.05.08	01:42:42.104	0.59362	0.59364			6
2026.05.08	01:42:43.007		0.59363			4
2026.05.08	01:42:44.812		0.59364			4
2026.05.08	01:42:45.418		0.59363			4
2026.05.08	01:42:52.337		0.59364			4
2026.05.08	01:42:55.648		0.59363			4
2026.05.08	01:43:00.159	0.59362				2
2026.05.08	01:43:00.761		0.59364			4
2026.05.08	01:43:15.192	0.59364	0.59366			6
2026.05.08	01:43:15.491	0.59365				2
2026.05.08	01:43:17.897	0.59364				2
2026.05.08	01:43:18.501		0.59365			4
2026.05.08	01:43:30.520		0.59366			4
2026.05.08	01:43:32.325		0.59365			4
2026.05.08	01:43:34.131		0.59366			4
2026.05.08	01:43:34.729		0.59365			4
2026.05.08	01:43:35.034		0.59366			4
2026.05.08	01:43:38.045	0.59365	0.59367			6
2026.05.08	01:43:41.351		0.59366			4
2026.05.08	01:43:41.957	0.59364				2
2026.05.08	01:43:42.860	0.59365				2
2026.05.08	01:43:45.564	0.59364				2
2026.05.08	01:43:48.265	0.59365				2
2026.05.08	01:43:50.671	0.59364				2
2026.05.08	01:43:51.272	0.59365	0.59367			6
2026.05.08	01:43:53.679		0.59366			4
2026.05.08	01:43:54.581	0.59364				2
2026.05.08	01:43:57.886	0.59366	0.59367			6
2026.05.08	01:43:58.784	0.59365				2
2026.05.08	01:44:00.289	0.59365				2
2026.05.08	01:44:00.592	0.59366	0.59368			6
2026.05.08	01:44:03.596		0.59367			4
2026.05.08	01:44:03.892	0.59365				2
2026.05.08	01:44:07.200	0.59366				2
2026.05.08	01:44:07.799	0.59365				2
2026.05.08	01:44:08.101	0.59366				2
2026.05.08	01:44:08.402	0.59365				2
2026.05.08	01:44:08.700	0.59366				2
2026.05.08	01:44:09.303	0.59365				2
2026.05.08	01:44:09.603	0.59366				2
2026.05.08	01:44:10.506	0.59365				2
2026.05.08	01:44:12.006	0.59366				2
2026.05.08	01:44:12.905	0.59365				2
2026.05.08	01:44:16.515	0.59364	0.59366			6
2026.05.08	01:44:23.433	0.59365	0.59367			6
2026.05.08	01:44:23.727	0.59364	0.59366			6
2026.05.08	01:44:32.749	0.59365	0.59367			6
2026.05.08	01:44:33.345	0.59366				2
2026.05.08	01:44:36.056	0.59367	0.59368			6
2026.05.08	01:44:39.670		0.59369			4
2026.05.08	01:44:40.272	0.59369	0.59370			6
2026.05.08	01:44:40.570	0.59368				2
2026.05.08	01:44:40.868	0.59369				2
2026.05.08	01:44:41.775	0.59367	0.59368			6
2026.05.08	01:44:42.978		0.59369			4
2026.05.08	01:44:49.285	0.59366	0.59368			6
2026.05.08	01:44:51.091	0.59367				2
2026.05.08	01:44:52.892		0.59369			4
2026.05.08	01:44:56.203		0.59368			4
2026.05.08	01:45:00.107	0.59367				2
2026.05.08	01:45:07.621	0.59366				2
2026.05.08	01:45:09.726	0.59364	0.59370			6
2026.05.08	01:45:10.028	0.59366	0.59368			6
2026.05.08	01:45:15.403		0.59367			4
2026.05.08	01:45:15.683	0.59365				2
2026.05.08	01:45:15.982	0.59364	0.59366			6
2026.05.08	01:45:26.202	0.59365				2
2026.05.08	01:45:27.404	0.59364				2
2026.05.08	01:45:31.916	0.59365	0.59367			6
2026.05.08	01:45:33.117	0.59366				2
2026.05.08	01:45:36.421	0.59365				2
2026.05.08	01:45:37.023	0.59366				2
2026.05.08	01:45:39.725	0.59365				2
2026.05.08	01:45:40.027	0.59366	0.59368			6
2026.05.08	01:45:42.733		0.59367			4
2026.05.08	01:45:45.140		0.59368			4
2026.05.08	01:45:50.259		0.59367			4
2026.05.08	01:45:53.867	0.59367	0.59368			6
2026.05.08	01:45:54.169		0.59369			4
2026.05.08	01:45:54.768	0.59369	0.59371			6
2026.05.08	01:46:00.180	0.59369				2
2026.05.08	01:46:09.196	0.59370				2
2026.05.08	01:46:09.495	0.59366	0.59367			6
2026.05.08	01:46:09.794	0.59365	0.59366			6
2026.05.08	01:46:10.397	0.59364				2
2026.05.08	01:46:10.697	0.59365				2
2026.05.08	01:46:11.296	0.59364				2
2026.05.08	01:46:12.800		0.59365			4
2026.05.08	01:46:13.098		0.59366			4
2026.05.08	01:46:20.311	0.59365	0.59367			6
2026.05.08	01:46:21.517	0.59367	0.59368			6
2026.05.08	01:46:29.950	0.59368	0.59370			6
2026.05.08	01:46:30.250	0.59369	0.59371			6
2026.05.08	01:46:32.056		0.59370			4
2026.05.08	01:46:34.758		0.59371			4
2026.05.08	01:46:38.673		0.59370			4
2026.05.08	01:46:40.475		0.59371			4
2026.05.08	01:46:41.679	0.59370				2
2026.05.08	01:46:42.875	0.59369				2
2026.05.08	01:46:45.583	0.59370				2
2026.05.08	01:46:46.780	0.59371	0.59372			6
2026.05.08	01:46:47.683	0.59370				2
2026.05.08	01:47:00.008	0.59370				2
2026.05.08	01:47:01.210	0.59371				2
2026.05.08	01:47:05.118		0.59373			4
2026.05.08	01:47:05.720	0.59370	0.59372			6
2026.05.08	01:47:08.727	0.59371	0.59373			6
2026.05.08	01:47:09.931		0.59372			4
2026.05.08	01:47:19.548		0.59373			4
2026.05.08	01:47:20.747		0.59372			4
2026.05.08	01:47:21.345	0.59372	0.59373			6
2026.05.08	01:47:21.651	0.59371				2
2026.05.08	01:47:23.453	0.59372	0.59374			6
2026.05.08	01:47:23.757	0.59371	0.59373			6
2026.05.08	01:47:26.757		0.59372			4
2026.05.08	01:47:27.060	0.59370				2
2026.05.08	01:47:27.361	0.59371				2
2026.05.08	01:47:27.661	0.59372	0.59373			6
2026.05.08	01:47:30.363	0.59371				2
2026.05.08	01:47:30.664	0.59372				2
2026.05.08	01:47:31.564	0.59371				2
2026.05.08	01:47:34.576	0.59372	0.59374			6
2026.05.08	01:47:36.078	0.59371	0.59372			6
2026.05.08	01:47:47.499	0.59370				2
2026.05.08	01:47:54.116	0.59371				2
2026.05.08	01:47:54.417	0.59370				2
2026.05.08	01:47:56.230	0.59369	0.59371			6
2026.05.08	01:47:57.131	0.59370				2
2026.05.08	01:48:00.146	0.59370				2
2026.05.08	01:48:02.854	0.59369	0.59370			6
2026.05.08	01:48:03.154	0.59368				2
2026.05.08	01:48:03.455	0.59369	0.59371			6
2026.05.08	01:48:04.357	0.59370				2
2026.05.08	01:48:08.267		0.59372			4
2026.05.08	01:48:09.767		0.59371			4
2026.05.08	01:48:10.975		0.59372			4
2026.05.08	01:48:15.781	0.59371				2
2026.05.08	01:48:16.080	0.59370				2
2026.05.08	01:48:22.702		0.59371			4
2026.05.08	01:48:22.998	0.59369				2
2026.05.08	01:48:23.301		0.59370			4
2026.05.08	01:48:23.601	0.59368				2
2026.05.08	01:48:25.706	0.59367	0.59369			6
2026.05.08	01:48:32.020		0.59368			4
2026.05.08	01:48:32.918	0.59366				2
2026.05.08	01:48:33.824		0.59367			4
2026.05.08	01:48:42.846	0.59365				2
2026.05.08	01:48:44.653	0.59364	0.59365			6
2026.05.08	01:48:45.255	0.59363				2
2026.05.08	01:48:45.556	0.59364				2
2026.05.08	01:48:46.158	0.59363				2
2026.05.08	01:48:49.465	0.59362	0.59364			6
2026.05.08	01:48:50.366		0.59363			4
2026.05.08	01:48:51.565	0.59363	0.59364			6
2026.05.08	01:48:53.676	0.59362	0.59363			6
2026.05.08	01:48:53.974	0.59363	0.59365			6
2026.05.08	01:48:54.875	0.59364				2
2026.05.08	01:48:56.976	0.59363				2
2026.05.08	01:48:57.280	0.59364	0.59366			6
2026.05.08	01:49:00.291	0.59364				2
2026.05.08	01:49:12.013	0.59365				2
2026.05.08	01:49:12.915	0.59364				2
2026.05.08	01:49:17.728	0.59365				2
2026.05.08	01:49:21.637	0.59364				2
2026.05.08	01:49:36.076	0.59365				2
2026.05.08	01:49:37.275	0.59364				2
2026.05.08	01:49:39.985	0.59363	0.59365			6
2026.05.08	01:49:40.289	0.59364				2
2026.05.08	01:49:40.888	0.59363				2
2026.05.08	01:49:49.607	0.59362	0.59364			6
2026.05.08	01:49:49.906		0.59363			4
2026.05.08	01:49:51.107	0.59361				2
2026.05.08	01:49:59.533	0.59362				2
2026.05.08	01:50:00.137	0.59362				2
2026.05.08	01:50:03.139	0.59363	0.59364			6
2026.05.08	01:50:10.055	0.59362				2
2026.05.08	01:50:11.858	0.59361	0.59362			6
2026.05.08	01:50:12.157	0.59355	0.59357			6
2026.05.08	01:50:25.984	0.59354	0.59356			6
2026.05.08	01:50:29.295	0.59355	0.59357			6
2026.05.08	01:50:30.200	0.59354	0.59356			6
2026.05.08	01:50:30.799	0.59353	0.59355			6
2026.05.08	01:50:32.004	0.59352	0.59354			6
2026.05.08	01:50:32.304	0.59353	0.59355			6
2026.05.08	01:50:36.507	0.59354	0.59356			6
2026.05.08	01:50:50.654	0.59355	0.59357			6
2026.05.08	01:50:50.951	0.59356	0.59358			6
2026.05.08	01:50:51.253	0.59355	0.59357			6
2026.05.08	01:50:51.856	0.59356	0.59358			6
2026.05.08	01:50:53.360	0.59357	0.59359			6
2026.05.08	01:50:53.658	0.59358	0.59360			6
2026.05.08	01:50:53.961	0.59359	0.59361			6
2026.05.08	01:51:00.279	0.59359				2
2026.05.08	01:51:02.377	0.59360	0.59362			6
2026.05.08	01:51:03.278	0.59361	0.59363			6
2026.05.08	01:51:07.794	0.59360	0.59362			6
2026.05.08	01:51:14.701	0.59359	0.59361			6
2026.05.08	01:51:15.604	0.59361	0.59363			6
2026.05.08	01:51:22.819	0.59362	0.59364			6
2026.05.08	01:51:25.832	0.59363	0.59365			6
2026.05.08	01:51:31.245	0.59362	0.59364			6
2026.05.08	01:51:32.749	0.59363	0.59365			6
2026.05.08	01:51:35.462	0.59362	0.59364			6
2026.05.08	01:51:36.357	0.59363	0.59365			6
2026.05.08	01:51:41.469	0.59364	0.59366			6
2026.05.08	01:51:52.298	0.59365				2
2026.05.08	01:51:56.204	0.59364				2
2026.05.08	01:52:00.125	0.59364				2
2026.05.08	01:52:02.534		0.59365			4
2026.05.08	01:52:02.835		0.59366			4
2026.05.08	01:52:05.549		0.59365			4
2026.05.08	01:52:13.671	0.59362	0.59364			6
2026.05.08	01:52:26.905	0.59363	0.59365			6
2026.05.08	01:52:27.510	0.59359	0.59360			6
2026.05.08	01:52:27.805	0.59358	0.59359			6
2026.05.08	01:52:29.304		0.59360			4
2026.05.08	01:52:32.314	0.59357	0.59359			6
2026.05.08	01:52:35.928	0.59358	0.59360			6
2026.05.08	01:52:52.167		0.59359			4
2026.05.08	01:53:00.284	0.59358				2
2026.05.08	01:53:01.186		0.59360			4
2026.05.08	01:53:02.091	0.59361	0.59362			6
2026.05.08	01:53:02.990		0.59363			4
2026.05.08	01:53:06.902		0.59362			4
2026.05.08	01:53:07.205	0.59359	0.59361			6
2026.05.08	01:53:10.203	0.59360	0.59362			6
2026.05.08	01:53:14.113	0.59361				2
2026.05.08	01:53:15.016	0.59359	0.59361			6
2026.05.08	01:53:15.318	0.59360	0.59362			6
2026.05.08	01:53:15.618	0.59361				2
2026.05.08	01:53:18.023		0.59363			4
2026.05.08	01:53:19.230		0.59362			4
2026.05.08	01:53:31.558	0.59360	0.59361			6
2026.05.08	01:53:32.156	0.59361	0.59363			6
2026.05.08	01:53:33.061	0.59362	0.59364			6
2026.05.08	01:53:35.159		0.59363			4
2026.05.08	01:53:39.374	0.59360	0.59362			6
2026.05.08	01:53:39.974	0.59359	0.59361			6
2026.05.08	01:53:41.176	0.59360				2
2026.05.08	01:53:41.476	0.59359				2
2026.05.08	01:53:44.779	0.59361	0.59362			6
2026.05.08	01:53:45.079	0.59360	0.59361			6
2026.05.08	01:53:45.376	0.59359				2
2026.05.08	01:53:49.892	0.59360	0.59362			6
2026.05.08	01:53:58.304		0.59361			4
2026.05.08	01:53:58.603	0.59359				2
2026.05.08	01:53:59.507	0.59360	0.59362			6
2026.05.08	01:54:00.107	0.59360				2
2026.05.08	01:54:00.703	0.59361				2
2026.05.08	01:54:01.605	0.59360				2
2026.05.08	01:54:04.013	0.59361				2
2026.05.08	01:54:04.613	0.59360				2
2026.05.08	01:54:10.928	0.59359	0.59361			6
2026.05.08	01:54:18.453	0.59355	0.59357			6
2026.05.08	01:54:19.359	0.59354	0.59356			6
2026.05.08	01:54:28.676	0.59353	0.59355			6
2026.05.08	01:54:29.877	0.59354	0.59356			6
2026.05.08	01:54:41.002	0.59353	0.59355			6
2026.05.08	01:54:47.917	0.59354	0.59356			6
2026.05.08	01:54:52.724	0.59352	0.59354			6
2026.05.08	01:54:57.832	0.59354	0.59356			6
2026.05.08	01:55:00.247	0.59354				2
2026.05.08	01:55:00.546	0.59353	0.59355			6
2026.05.08	01:55:06.261	0.59352	0.59354			6
2026.05.08	01:55:06.562	0.59354	0.59356			6
2026.05.08	01:55:07.166	0.59353	0.59355			6
2026.05.08	01:55:08.669	0.59352	0.59354			6
2026.05.08	01:55:09.269	0.59353	0.59355			6
2026.05.08	01:55:11.374	0.59352	0.59354			6
2026.05.08	01:55:15.281	0.59354	0.59356			6
2026.05.08	01:55:20.393	0.59352	0.59354			6
2026.05.08	01:55:20.993	0.59354	0.59356			6
2026.05.08	01:55:24.604	0.59353	0.59355			6
2026.05.08	01:55:27.011	0.59355	0.59357			6
2026.05.08	01:55:31.524	0.59354	0.59356			6
2026.05.08	01:55:31.825	0.59355	0.59357			6
2026.05.08	01:55:32.430	0.59354	0.59356			6
2026.05.08	01:55:37.534	0.59353	0.59355			6
2026.05.08	01:55:37.834	0.59354	0.59356			6
2026.05.08	01:55:46.564	0.59353	0.59355			6
2026.05.08	01:55:48.070	0.59354	0.59356			6
2026.05.08	01:55:49.875	0.59353	0.59355			6
2026.05.08	01:55:50.776	0.59354	0.59356			6
2026.05.08	01:55:55.278	0.59353	0.59355			6
2026.05.08	01:55:59.794	0.59352	0.59354			6
2026.05.08	01:56:00.097	0.59352				2
2026.05.08	01:56:00.695	0.59354	0.59356			6
2026.05.08	01:56:19.355	0.59353	0.59355			6
2026.05.08	01:56:20.859	0.59354				2
2026.05.08	01:56:22.362	0.59353				2
2026.05.08	01:56:25.675	0.59354				2
2026.05.08	01:56:26.575	0.59353				2
2026.05.08	01:56:26.875	0.59354				2
2026.05.08	01:56:27.777	0.59353	0.59354			6
2026.05.08	01:56:28.677	0.59352				2
2026.05.08	01:56:34.093	0.59353				2
2026.05.08	01:56:35.295	0.59351	0.59353			6
2026.05.08	01:56:36.200	0.59352				2
2026.05.08	01:56:36.499	0.59351				2
2026.05.08	01:56:37.100	0.59353	0.59355			6
2026.05.08	01:56:39.803	0.59354				2
2026.05.08	01:56:45.212	0.59353	0.59354			6
2026.05.08	01:56:45.515	0.59354	0.59355			6
2026.05.08	01:56:46.420	0.59353				2
2026.05.08	01:56:47.930	0.59354	0.59356			6
2026.05.08	01:56:48.225		0.59355			4
2026.05.08	01:56:52.133	0.59355	0.59356			6
2026.05.08	01:56:52.435		0.59357			4
2026.05.08	01:56:57.551	0.59357	0.59359			6
2026.05.08	01:56:59.660	0.59356	0.59358			6
2026.05.08	01:56:59.962	0.59355	0.59357			6
2026.05.08	01:57:00.264	0.59356	0.59358			6
2026.05.08	01:57:07.777	0.59355	0.59357			6
2026.05.08	01:57:09.279	0.59356	0.59358			6
2026.05.08	01:57:12.892	0.59354	0.59356			6
2026.05.08	01:57:15.895	0.59352	0.59354			6
2026.05.08	01:57:17.398	0.59354	0.59356			6
2026.05.08	01:57:41.172	0.59355				2
2026.05.08	01:57:41.771	0.59354				2
2026.05.08	01:57:42.073	0.59355				2
2026.05.08	01:57:43.273	0.59354	0.59355			6
2026.05.08	01:57:43.576	0.59355	0.59356			6
2026.05.08	01:57:48.375	0.59354				2
2026.05.08	01:57:51.382	0.59353	0.59355			6
2026.05.08	01:57:52.584	0.59354				2
2026.05.08	01:57:53.790	0.59352	0.59354			6
2026.05.08	01:57:54.088	0.59351	0.59353			6
2026.05.08	01:58:00.099	0.59351				2
2026.05.08	01:58:09.728	0.59350	0.59352			6
2026.05.08	01:58:15.145	0.59351				2
2026.05.08	01:58:15.447	0.59350				2
2026.05.08	01:58:20.558	0.59351				2
2026.05.08	01:58:23.260	0.59350	0.59351			6
2026.05.08	01:58:25.363	0.59349				2
2026.05.08	01:58:27.472	0.59350				2
2026.05.08	01:58:27.773	0.59349				2
2026.05.08	01:58:34.086		0.59350			4
2026.05.08	01:58:35.291	0.59348				2
2026.05.08	01:58:36.491	0.59349				2
2026.05.08	01:58:36.792	0.59348				2
2026.05.08	01:58:38.294	0.59347	0.59349			6
2026.05.08	01:58:46.402	0.59349	0.59350			6
2026.05.08	01:58:46.707	0.59348	0.59349			6
2026.05.08	01:58:47.008		0.59350			4
2026.05.08	01:59:00.231	0.59348				2
2026.05.08	01:59:02.335	0.59350	0.59352			6
2026.05.08	01:59:02.635	0.59352	0.59354			6
2026.05.08	01:59:09.256	0.59353	0.59355			6
2026.05.08	01:59:10.157		0.59354			4
2026.05.08	01:59:10.457	0.59352	0.59353			6
2026.05.08	01:59:11.060	0.59351				2
2026.05.08	01:59:11.364	0.59353	0.59355			6
2026.05.08	01:59:11.660	0.59348	0.59350			6
2026.05.08	01:59:12.262	0.59347	0.59349			6
2026.05.08	01:59:13.163	0.59346				2
2026.05.08	01:59:14.662	0.59347	0.59350			6
2026.05.08	01:59:14.964	0.59348	0.59351			6
2026.05.08	01:59:15.264	0.59347	0.59350			6
2026.05.08	01:59:15.565	0.59346	0.59349			6
2026.05.08	01:59:16.768	0.59345	0.59348			6
2026.05.08	01:59:19.472	0.59346	0.59349			6
2026.05.08	01:59:24.281	0.59343	0.59346			6
2026.05.08	01:59:24.582	0.59341	0.59344			6
2026.05.08	01:59:30.599	0.59343	0.59346			6
2026.05.08	01:59:36.907	0.59342	0.59345			6
2026.05.08	01:59:37.206	0.59341	0.59344			6
2026.05.08	01:59:39.310	0.59342	0.59345			6
2026.05.08	02:00:00.065	0.59342				2
2026.05.08	02:00:01.564	0.59341	0.59344			6
2026.05.08	02:00:08.778		0.59343			4
2026.05.08	02:00:09.084		0.59344			4
2026.05.08	02:00:09.376	0.59342				2
2026.05.08	02:00:09.677	0.59343				2
2026.05.08	02:00:09.977	0.59342				2
2026.05.08	02:00:10.281	0.59343				2
2026.05.08	02:00:10.579	0.59342				2
2026.05.08	02:00:10.884	0.59343				2
2026.05.08	02:00:11.181	0.59342				2
2026.05.08	02:00:11.784	0.59343				2
2026.05.08	02:00:12.085	0.59342				2
2026.05.08	02:00:12.385	0.59343				2
2026.05.08	02:00:12.690	0.59342				2
2026.05.08	02:00:13.292	0.59343	0.59345			6
2026.05.08	02:00:14.188	0.59342	0.59344			6
2026.05.08	02:00:15.392	0.59343	0.59345			6
2026.05.08	02:00:15.694	0.59344	0.59346			6
2026.05.08	02:00:24.109	0.59343	0.59345			6
2026.05.08	02:00:26.209	0.59344	0.59346			6
2026.05.08	02:00:26.510	0.59342	0.59344			6
2026.05.08	02:00:28.917	0.59343	0.59345			6
2026.05.08	02:00:40.649	0.59342	0.59344			6
2026.05.08	02:00:40.949	0.59344	0.59346			6
2026.05.08	02:00:45.758	0.59343	0.59345			6
2026.05.08	02:00:47.260	0.59342	0.59344			6
2026.05.08	02:00:50.875	0.59343	0.59345			6
2026.05.08	02:00:53.278	0.59342	0.59344			6
2026.05.08	02:00:57.183	0.59344	0.59345			6
2026.05.08	02:00:57.482	0.59346	0.59348			6
2026.05.08	02:00:58.383	0.59345				2
2026.05.08	02:00:58.985	0.59346	0.59349			6
2026.05.08	02:01:00.187	0.59346				2
2026.05.08	02:01:00.489	0.59347	0.59350			6
2026.05.08	02:01:03.191	0.59346	0.59349			6
2026.05.08	02:01:06.195	0.59347	0.59350			6
2026.05.08	02:01:07.998	0.59346	0.59349			6
2026.05.08	02:01:08.295	0.59347	0.59350			6
2026.05.08	02:01:11.604	0.59346	0.59349			6
2026.05.08	02:01:12.805	0.59345	0.59348			6
2026.05.08	02:01:18.523	0.59346	0.59349			6
2026.05.08	02:01:21.232	0.59345	0.59348			6
2026.05.08	02:01:21.533	0.59346	0.59349			6
2026.05.08	02:01:26.650	0.59345	0.59348			6
2026.05.08	02:01:29.666	0.59346	0.59349			6
2026.05.08	02:01:33.276		0.59348			4
2026.05.08	02:01:35.077	0.59347	0.59349			6
2026.05.08	02:01:44.698	0.59348	0.59350			6
2026.05.08	02:01:45.302	0.59347	0.59349			6
2026.05.08	02:02:00.034	0.59347				2
2026.05.08	02:02:10.859	0.59350	0.59352			6
2026.05.08	02:02:11.161	0.59352	0.59354			6
2026.05.08	02:02:12.360	0.59351				2
2026.05.08	02:02:17.772	0.59352	0.59355			6
2026.05.08	02:02:21.377	0.59351	0.59354			6
2026.05.08	02:02:36.698	0.59352	0.59355			6
2026.05.08	02:02:37.304	0.59355	0.59358			6
2026.05.08	02:02:37.603	0.59356	0.59359			6
2026.05.08	02:02:37.903	0.59357	0.59360			6
2026.05.08	02:02:38.201		0.59361			4
2026.05.08	02:02:48.133		0.59360			4
2026.05.08	02:02:52.950	0.59356	0.59359			6
2026.05.08	02:02:53.554	0.59358	0.59361			6
2026.05.08	02:02:53.856	0.59357	0.59360			6
2026.05.08	02:02:54.159	0.59358	0.59361			6
2026.05.08	02:02:54.459	0.59357	0.59360			6
2026.05.08	02:03:00.174	0.59357				2
2026.05.08	02:03:00.775	0.59356	0.59359			6
2026.05.08	02:03:04.376	0.59357	0.59360			6
2026.05.08	02:03:06.483		0.59359			4
2026.05.08	02:03:06.786	0.59356				2
2026.05.08	02:03:07.685	0.59354	0.59357			6
2026.05.08	02:03:08.286	0.59353	0.59356			6
2026.05.08	02:03:19.109	0.59354	0.59357			6
2026.05.08	02:03:19.405	0.59353	0.59356			6
2026.05.08	02:03:38.357	0.59354	0.59357			6
2026.05.08	02:03:39.557	0.59353	0.59356			6
2026.05.08	02:03:40.158	0.59354	0.59357			6
2026.05.08	02:03:40.763	0.59355	0.59358			6
2026.05.08	02:03:41.061	0.59356	0.59359			6
2026.05.08	02:03:46.771	0.59357	0.59360			6
2026.05.08	02:03:47.375	0.59358	0.59361			6
2026.05.08	02:03:57.595	0.59359	0.59362			6
2026.05.08	02:03:57.898	0.59358	0.59361			6
2026.05.08	02:04:00.298	0.59358				2
2026.05.08	02:04:01.502	0.59359	0.59362			6
2026.05.08	02:04:15.650	0.59358	0.59361			6
2026.05.08	02:04:24.675	0.59359	0.59362			6
2026.05.08	02:04:24.977	0.59361	0.59363			6
2026.05.08	02:04:25.276		0.59364			4
2026.05.08	02:04:28.884		0.59363			4
2026.05.08	02:04:29.186	0.59360				2
2026.05.08	02:04:37.000	0.59362	0.59365			6
2026.05.08	02:04:42.407	0.59361	0.59363			6
2026.05.08	02:04:43.306	0.59360				2
2026.05.08	02:04:44.508	0.59361	0.59364			6
2026.05.08	02:04:50.228	0.59362	0.59365			6
2026.05.08	02:04:51.132		0.59364			4
2026.05.08	02:05:00.170	0.59362				2
2026.05.08	02:05:11.288	0.59361	0.59363			6
2026.05.08	02:05:14.595	0.59360	0.59362			6
2026.05.08	02:05:19.099	0.59359	0.59361			6
2026.05.08	02:05:23.907	0.59358	0.59360			6
2026.05.08	02:05:40.745	0.59357	0.59359			6
2026.05.08	02:05:44.356	0.59356	0.59358			6
2026.05.08	02:05:50.976	0.59357	0.59359			6
2026.05.08	02:06:00.295	0.59357				2
2026.05.08	02:06:08.709	0.59356	0.59358			6
2026.05.08	02:06:09.916	0.59354	0.59356			6
2026.05.08	02:06:10.217	0.59355	0.59357			6
2026.05.08	02:06:21.047	0.59354	0.59356			6
2026.05.08	02:06:30.670	0.59355	0.59357			6
2026.05.08	02:06:35.176	0.59354	0.59356			6
2026.05.08	02:06:38.179	0.59353	0.59355			6
2026.05.08	02:06:46.900	0.59354	0.59356			6
2026.05.08	02:06:47.199	0.59355	0.59357			6
2026.05.08	02:06:53.806	0.59356	0.59358			6
2026.05.08	02:07:00.133	0.59356				2
2026.05.08	02:07:04.944	0.59355	0.59357			6
2026.05.08	02:07:08.557	0.59356	0.59358			6
2026.05.08	02:07:10.063	0.59354	0.59356			6
2026.05.08	02:07:10.364	0.59353	0.59355			6
2026.05.08	02:07:15.175	0.59354	0.59356			6
2026.05.08	02:07:26.298	0.59355	0.59357			6
2026.05.08	02:07:26.899	0.59354	0.59356			6
2026.05.08	02:07:43.145	0.59355				2
2026.05.08	02:07:52.776		0.59357			4
2026.05.08	02:07:53.073	0.59356	0.59358			6
2026.05.08	02:07:54.278	0.59357				2
2026.05.08	02:07:54.575	0.59356				2
2026.05.08	02:07:54.880	0.59357				2
2026.05.08	02:07:55.179		0.59359			4
2026.05.08	02:07:58.478	0.59356	0.59358			6
2026.05.08	02:08:00.285	0.59356				2
2026.05.08	02:08:17.121	0.59357	0.59359			6
2026.05.08	02:08:18.025	0.59358				2
2026.05.08	02:08:19.229	0.59357				2
2026.05.08	02:08:24.046	0.59359	0.59360			6
2026.05.08	02:08:24.347	0.59358				2
2026.05.08	02:08:36.079		0.59359			4
2026.05.08	02:08:36.376	0.59357				2
2026.05.08	02:08:39.679	0.59358				2
2026.05.08	02:08:41.483	0.59357				2
2026.05.08	02:08:44.793	0.59358	0.59360			6
2026.05.08	02:08:45.094	0.59357	0.59359			6
2026.05.08	02:08:45.397	0.59358				2
2026.05.08	02:08:46.898	0.59357				2
2026.05.08	02:08:52.305	0.59358				2
2026.05.08	02:08:52.607	0.59357	0.59358			6
2026.05.08	02:08:54.115		0.59359			4
2026.05.08	02:08:56.218	0.59353	0.59354			6
2026.05.08	02:08:56.520	0.59352				2
2026.05.08	02:08:56.818	0.59351	0.59353			6
2026.05.08	02:08:58.019	0.59353	0.59355			6
2026.05.08	02:09:00.123	0.59353				2
2026.05.08	02:09:01.329	0.59352	0.59354			6
2026.05.08	02:09:05.535	0.59353	0.59355			6
2026.05.08	02:09:06.133	0.59352	0.59354			6
2026.05.08	02:09:13.056	0.59353	0.59355			6
2026.05.08	02:09:13.361	0.59352	0.59354			6
2026.05.08	02:09:15.766	0.59353	0.59355			6
2026.05.08	02:09:18.160	0.59354	0.59356			6
2026.05.08	02:09:19.663	0.59353	0.59355			6
2026.05.08	02:09:52.136	0.59354	0.59356			6
2026.05.08	02:09:52.434		0.59355			4
2026.05.08	02:09:53.941		0.59356			4
2026.05.08	02:09:55.743	0.59353	0.59355			6
2026.05.08	02:09:57.247	0.59354	0.59356			6
2026.05.08	02:10:00.253	0.59354				2
2026.05.08	02:10:04.761	0.59353	0.59355			6
2026.05.08	02:10:16.175	0.59354				2
2026.05.08	02:10:16.775	0.59353				2
2026.05.08	02:10:22.789	0.59352	0.59354			6
2026.05.08	02:10:25.498	0.59353	0.59355			6
2026.05.08	02:10:45.947	0.59352	0.59354			6
2026.05.08	02:10:49.858	0.59353				2
2026.05.08	02:10:51.060		0.59355			4
2026.05.08	02:10:52.206		0.59354			4
2026.05.08	02:10:52.506	0.59354	0.59356			6
2026.05.08	02:10:53.410	0.59353	0.59355			6
2026.05.08	02:11:00.023	0.59353				2
2026.05.08	02:11:08.446	0.59354				2
2026.05.08	02:11:08.746	0.59356	0.59357			6
2026.05.08	02:11:09.050		0.59358			4
2026.05.08	02:11:09.350	0.59357	0.59359			6
2026.05.08	02:11:12.362		0.59358			4
2026.05.08	02:11:13.264		0.59359			4
2026.05.08	02:11:13.565	0.59358				2
2026.05.08	02:11:13.865		0.59360			4
2026.05.08	02:11:24.991	0.59360	0.59361			6
2026.05.08	02:11:25.290	0.59359				2
2026.05.08	02:11:26.191	0.59360	0.59362			6
2026.05.08	02:11:32.502	0.59361				2
2026.05.08	02:11:33.402		0.59363			4
2026.05.08	02:11:33.706	0.59366	0.59367			6
2026.05.08	02:11:34.002		0.59368			4
2026.05.08	02:11:34.306		0.59369			4
2026.05.08	02:11:40.920		0.59368			4
2026.05.08	02:11:41.220	0.59365	0.59367			6
2026.05.08	02:11:41.521	0.59364				2
2026.05.08	02:11:42.722		0.59366			4
2026.05.08	02:11:46.327	0.59363				2
2026.05.08	02:12:00.058	0.59363				2
2026.05.08	02:12:16.298	0.59364				2
2026.05.08	02:12:28.950	0.59363	0.59365			6
2026.05.08	02:12:35.870	0.59362	0.59364			6
2026.05.08	02:12:41.880		0.59363			4
2026.05.08	02:13:00.225	0.59362				2
2026.05.08	02:13:16.766	0.59361				2
2026.05.08	02:13:17.066	0.59360	0.59362			6
2026.05.08	02:13:18.269	0.59359	0.59361			6
2026.05.08	02:13:30.290	0.59358	0.59360			6
2026.05.08	02:13:45.915		0.59359			4
2026.05.08	02:13:48.318		0.59360			4
2026.05.08	02:14:00.054	0.59358				2
2026.05.08	02:14:13.289	0.59359				2
2026.05.08	02:14:14.189	0.59358				2
2026.05.08	02:14:15.390	0.59359				2
2026.05.08	02:14:19.601	0.59358				2
2026.05.08	02:14:28.623		0.59359			4
2026.05.08	02:14:32.238	0.59357				2
2026.05.08	02:14:35.546	0.59359	0.59360			6
2026.05.08	02:14:42.466	0.59358				2
2026.05.08	02:14:56.892	0.59359				2
2026.05.08	02:14:57.193	0.59358				2
2026.05.08	02:14:59.000		0.59359			4
2026.05.08	02:15:00.201	0.59358				2
2026.05.08	02:15:00.501		0.59360			4
2026.05.08	02:15:02.663	0.59360	0.59361			6
2026.05.08	02:15:04.766	0.59359	0.59360			6
2026.05.08	02:15:15.891	0.59360	0.59362			6
2026.05.08	02:15:16.191	0.59361				2
2026.05.08	02:15:17.394	0.59360				2
2026.05.08	02:15:21.630	0.59359	0.59361			6
2026.05.08	02:15:54.344	0.59361	0.59362			6
2026.05.08	02:15:54.644	0.59359	0.59361			6
2026.05.08	02:15:55.267	0.59361	0.59362			6
2026.05.08	02:15:55.568	0.59359	0.59361			6
2026.05.08	02:15:55.868	0.59361	0.59362			6
2026.05.08	02:15:56.168	0.59359	0.59361			6
2026.05.08	02:15:56.468	0.59361	0.59362			6
2026.05.08	02:15:57.371	0.59359	0.59361			6
2026.05.08	02:16:01.048	0.59359				2
2026.05.08	02:16:01.348	0.59360				2
2026.05.08	02:16:13.373	0.59359				2
2026.05.08	02:16:14.578	0.59361	0.59362			6
2026.05.08	02:16:14.876	0.59363	0.59365			6
2026.05.08	02:16:15.177	0.59364				2
2026.05.08	02:16:16.377	0.59363				2
2026.05.08	02:16:25.095	0.59364	0.59366			6
2026.05.08	02:16:30.202	0.59363	0.59364			6
2026.05.08	02:16:30.503	0.59362				2
2026.05.08	02:16:35.924	0.59363	0.59365			6
2026.05.08	02:16:39.838	0.59361	0.59363			6
2026.05.08	02:16:41.641	0.59360	0.59362			6
2026.05.08	02:16:44.950	0.59361	0.59363			6
2026.05.08	02:17:00.296	0.59361				2
2026.05.08	02:17:00.595	0.59364	0.59365			6
2026.05.08	02:17:01.199	0.59363				2
2026.05.08	02:17:03.451		0.59366			4
2026.05.08	02:17:08.664		0.59365			4
2026.05.08	02:17:13.824	0.59364	0.59366			6
2026.05.08	02:17:18.931		0.59367			4
2026.05.08	02:17:20.437	0.59363	0.59366			6
2026.05.08	02:17:20.737		0.59365			4
2026.05.08	02:17:23.819		0.59366			4
2026.05.08	02:17:31.165		0.59365			4
2026.05.08	02:17:39.110	0.59364				2
2026.05.08	02:17:46.325	0.59363				2
2026.05.08	02:17:49.156	0.59364				2
2026.05.08	02:17:53.064	0.59363				2
2026.05.08	02:18:00.086	0.59363				2
