<DATE>	<TIME>	<BID>	<ASK>	<LAST>	<VOLUME>	<FLAGS>
2026.04.03	00:03:30.831	0.57053	0.57122			6
2026.04.03	00:04:00.053	0.57053				2
2026.04.03	00:04:31.054		0.57122			4
2026.04.03	00:05:00.261	0.57053				2
2026.04.03	00:05:00.561	0.57072	0.57141			6
2026.04.03	00:05:00.863	0.57077	0.57146			6
2026.04.03	00:05:05.675	0.57092				2
2026.04.03	00:05:07.175	0.57096				2
2026.04.03	00:05:08.378	0.57092				2
2026.04.03	00:05:08.679	0.57101				2
2026.04.03	00:05:09.280	0.57097				2
2026.04.03	00:05:10.484	0.57101				2
2026.04.03	00:05:13.493	0.57102	0.57171			6
2026.04.03	00:05:15.608	0.57105	0.57146			6
2026.04.03	00:05:19.517	0.57109				2
2026.04.03	00:05:21.026	0.57113				2
2026.04.03	00:05:21.629	0.57105				2
2026.04.03	00:05:21.931	0.57074	0.57143			6
2026.04.03	00:05:22.230	0.57058	0.57127			6
2026.04.03	00:05:55.645		0.57142			4
2026.04.03	00:05:56.548		0.57127			4
2026.04.03	00:05:57.452	0.57060	0.57147			6
2026.04.03	00:05:57.753	0.57056	0.57143			6
2026.04.03	00:06:00.163	0.57056				2
2026.04.03	00:06:01.666		0.57125			4
2026.04.03	00:06:04.975		0.57129			4
2026.04.03	00:06:06.776		0.57125			4
2026.04.03	00:06:10.393		0.57143			4
2026.04.03	00:06:11.599		0.57125			4
2026.04.03	00:06:12.802		0.57129			4
2026.04.03	00:06:14.606	0.57055	0.57128			6
2026.04.03	00:06:16.715		0.57124			4
2026.04.03	00:06:37.489	0.57054	0.57123			6
2026.04.03	00:06:54.946		0.57138			4
2026.04.03	00:06:56.754		0.57123			4
2026.04.03	00:07:00.067	0.57054				2
2026.04.03	00:07:06.987	0.57059	0.57128			6
2026.04.03	00:07:07.287	0.57055	0.57124			6
2026.04.03	00:07:24.154	0.57054	0.57123			6
2026.04.03	00:07:27.764	0.57056	0.57125			6
2026.04.03	00:07:42.211		0.57126			4
2026.04.03	00:07:47.024		0.57125			4
2026.04.03	00:07:53.047	0.57070	0.57139			6
2026.04.03	00:07:54.253	0.57059	0.57128			6
2026.04.03	00:08:00.277	0.57059				2
2026.04.03	00:08:04.180	0.57071	0.57140			6
2026.04.03	00:08:14.124	0.57059	0.57128			6
2026.04.03	00:08:51.478	0.57072	0.57141			6
2026.04.03	00:08:54.182	0.57060	0.57129			6
2026.04.03	00:09:00.207	0.57060				2
2026.04.03	00:09:04.118	0.57073	0.57142			6
2026.04.03	00:09:24.289	0.57059	0.57128			6
2026.04.03	00:09:25.797	0.57075	0.57144			6
2026.04.03	00:09:34.225	0.57058	0.57127			6
2026.04.03	00:10:00.057	0.57058				2
2026.04.03	00:10:01.556	0.57055	0.57124			6
2026.04.03	00:10:58.393		0.57125			4
2026.04.03	00:11:00.198	0.57055				2
2026.04.03	00:11:05.605		0.57124			4
2026.04.03	00:11:07.106		0.57131			4
2026.04.03	00:11:10.719		0.57124			4
2026.04.03	00:11:11.020	0.57057	0.57130			6
2026.04.03	00:11:11.622		0.57153			4
2026.04.03	00:11:11.922	0.57071				2
2026.04.03	00:11:12.223	0.57070	0.57166			6
2026.04.03	00:11:14.024	0.57063	0.57153			6
2026.04.03	00:11:14.322	0.57056	0.57152			6
2026.04.03	00:11:15.227	0.57070	0.57166			6
2026.04.03	00:11:20.643		0.57144			4
2026.04.03	00:11:24.253	0.57055	0.57129			6
2026.04.03	00:11:25.153	0.57085	0.57148			6
2026.04.03	00:11:25.450	0.57070	0.57144			6
2026.04.03	00:11:25.753		0.57139			4
2026.04.03	00:11:34.179	0.57062	0.57131			6
2026.04.03	00:11:34.476	0.57059	0.57128			6
2026.04.03	00:11:35.079	0.57070				2
2026.04.03	00:11:35.382	0.57089	0.57144			6
2026.04.03	00:11:35.680		0.57143			4
2026.04.03	00:11:35.983		0.57145			4
2026.04.03	00:11:44.102	0.57090	0.57146			6
2026.04.03	00:11:45.605		0.57144			4
2026.04.03	00:11:50.116	0.57091	0.57145			6
2026.04.03	00:11:54.029	0.57080	0.57134			6
2026.04.03	00:11:54.330	0.57082	0.57136			6
2026.04.03	00:11:56.432	0.57080	0.57134			6
2026.04.03	00:12:00.038	0.57080				2
2026.04.03	00:12:04.257	0.57091	0.57145			6
2026.04.03	00:12:08.169	0.57096	0.57150			6
2026.04.03	00:12:28.319	0.57097	0.57151			6
2026.04.03	00:12:40.059	0.57095	0.57147			6
2026.04.03	00:12:43.675	0.57096	0.57148			6
2026.04.03	00:12:46.385	0.57082	0.57151			6
2026.04.03	00:12:46.686	0.57075	0.57144			6
2026.04.03	00:12:58.719	0.57080	0.57149			6
2026.04.03	00:13:00.227	0.57080				2
2026.04.03	00:13:08.648	0.57081	0.57150			6
2026.04.03	00:13:18.880	0.57082	0.57151			6
2026.04.03	00:13:48.687	0.57083	0.57152			6
2026.04.03	00:14:00.126	0.57083				2
2026.04.03	00:14:04.044	0.57084	0.57153			6
2026.04.03	00:14:13.978	0.57083	0.57152			6
2026.04.03	00:14:23.912	0.57084	0.57153			6
2026.04.03	00:14:52.204	0.57077	0.57148			6
2026.04.03	00:14:57.923	0.57101				2
2026.04.03	00:14:58.222	0.57077				2
2026.04.03	00:14:58.525	0.57101				2
2026.04.03	00:14:58.828	0.57077				2
2026.04.03	00:14:59.131	0.57101				2
2026.04.03	00:14:59.429	0.57077				2
2026.04.03	00:15:00.030	0.57101				2
2026.04.03	00:15:00.335	0.57077				2
2026.04.03	00:15:00.632	0.57101				2
2026.04.03	00:15:00.936	0.57077				2
2026.04.03	00:15:01.235	0.57101				2
2026.04.03	00:15:01.538	0.57077				2
2026.04.03	00:15:02.439	0.57079	0.57150			6
2026.04.03	00:15:12.375	0.57080	0.57151			6
2026.04.03	00:15:22.608	0.57081	0.57152			6
2026.04.03	00:15:28.023	0.57101				2
2026.04.03	00:15:28.325	0.57081				2
2026.04.03	00:15:28.628	0.57101				2
2026.04.03	00:15:28.929	0.57081				2
2026.04.03	00:15:29.230	0.57101				2
2026.04.03	00:15:29.531	0.57081				2
2026.04.03	00:15:29.832	0.57101				2
2026.04.03	00:15:30.134	0.57081				2
2026.04.03	00:15:30.435	0.57101				2
2026.04.03	00:15:30.733	0.57081				2
2026.04.03	00:15:31.337	0.57101				2
2026.04.03	00:15:31.638	0.57081				2
2026.04.03	00:15:37.353	0.57079	0.57150			6
2026.04.03	00:15:37.655	0.57082	0.57153			6
2026.04.03	00:16:00.226	0.57082				2
2026.04.03	00:16:07.146	0.57052	0.57122			6
2026.04.03	00:16:08.651	0.57081	0.57152			6
2026.04.03	00:16:18.880	0.57082	0.57153			6
2026.04.03	00:16:56.806	0.57078	0.57149			6
2026.04.03	00:16:57.107	0.57082	0.57153			6
2026.04.03	00:17:00.120	0.57082				2
2026.04.03	00:17:57.317		0.57153			4
2026.04.03	00:17:57.917	0.57083	0.57154			6
2026.04.03	00:18:00.023	0.57083				2
2026.04.03	00:18:09.052	0.57082	0.57153			6
2026.04.03	00:18:12.060	0.57083	0.57154			6
2026.04.03	00:18:14.170	0.57119	0.57172			6
2026.04.03	00:18:14.772	0.57131	0.57173			6
2026.04.03	00:18:15.071		0.57185			4
2026.04.03	00:18:24.274	0.57133				2
2026.04.03	00:19:00.636	0.57133				2
2026.04.03	00:19:15.336		0.57185			4
2026.04.03	00:19:24.274	0.57130				2
2026.04.03	00:19:54.951	0.57121				2
2026.04.03	00:19:55.253	0.57052	0.57145			6
2026.04.03	00:20:00.077	0.57052				2
2026.04.03	00:20:00.377	0.57053	0.57184			6
2026.04.03	00:20:06.403		0.57185			4
2026.04.03	00:20:27.488		0.57184			4
2026.04.03	00:20:41.326		0.57185			4
2026.04.03	00:21:00.293	0.57053				2
2026.04.03	00:21:22.861	0.57060	0.57183			6
2026.04.03	00:21:23.160	0.57053				2
2026.04.03	00:21:27.380	0.57085	0.57176			6
2026.04.03	00:21:27.678	0.57053	0.57178			6
2026.04.03	00:21:29.483	0.57083	0.57177			6
2026.04.03	00:21:29.781	0.57053	0.57178			6
2026.04.03	00:21:30.088		0.57174			4
2026.04.03	00:21:30.690	0.57079	0.57176			6
2026.04.03	00:21:30.989	0.57053	0.57175			6
2026.04.03	00:21:31.894	0.57075	0.57176			6
2026.04.03	00:21:32.195	0.57053				2
2026.04.03	00:21:33.098		0.57195			4
2026.04.03	00:21:33.397	0.57062	0.57185			6
2026.04.03	00:21:33.998	0.57071				2
2026.04.03	00:21:34.300		0.57198			4
2026.04.03	00:21:34.603		0.57185			4
2026.04.03	00:21:34.901		0.57195			4
2026.04.03	00:21:35.204		0.57185			4
2026.04.03	00:21:35.802		0.57190			4
2026.04.03	00:21:37.308	0.57079	0.57193			6
2026.04.03	00:21:40.018	0.57086				2
2026.04.03	00:22:00.191	0.57086				2
2026.04.03	00:22:18.853		0.57191			4
2026.04.03	00:22:23.370		0.57192			4
2026.04.03	00:22:23.672		0.57193			4
2026.04.03	00:22:32.390		0.57185			4
2026.04.03	00:22:39.916	0.57088				2
2026.04.03	00:23:00.091	0.57088				2
2026.04.03	00:23:32.619		0.57185			4
2026.04.03	00:23:43.459	0.57095				2
2026.04.03	00:23:48.707	0.57103				2
2026.04.03	00:24:01.280	0.57103				2
2026.04.03	00:24:33.036		0.57185			4
2026.04.03	00:24:48.709	0.57108				2
2026.04.03	00:24:52.314	0.57098				2
2026.04.03	00:24:53.160	0.57091				2
2026.04.03	00:25:00.936	0.57091				2
2026.04.03	00:25:34.237		0.57185			4
2026.04.03	00:26:01.420	0.57091				2
2026.04.03	00:26:08.445	0.57089				2
2026.04.03	00:26:40.537		0.57185			4
2026.04.03	00:27:00.071	0.57089				2
2026.04.03	00:27:11.251	0.57088				2
2026.04.03	00:27:40.757		0.57185			4
2026.04.03	00:28:00.014	0.57088				2
2026.04.03	00:28:40.954		0.57185			4
2026.04.03	00:29:00.213	0.57088				2
2026.04.03	00:29:41.163		0.57185			4
2026.04.03	00:30:00.113	0.57088				2
2026.04.03	00:30:39.831	0.57089				2
2026.04.03	00:30:41.335		0.57185			4
2026.04.03	00:31:00.005	0.57089				2
2026.04.03	00:31:41.524		0.57185			4
2026.04.03	00:32:00.177	0.57089				2
2026.04.03	00:32:32.105	0.57083	0.57183			6
2026.04.03	00:32:32.405		0.57185			4
2026.04.03	00:32:37.816	0.57101				2
2026.04.03	00:32:41.562	0.57114				2
2026.04.03	00:32:51.720	0.57121				2
2026.04.03	00:32:52.021	0.57118				2
2026.04.03	00:32:52.620	0.57117				2
2026.04.03	00:32:53.221	0.57113				2
2026.04.03	00:32:55.798	0.57118				2
2026.04.03	00:33:00.041	0.57118				2
2026.04.03	00:33:00.343	0.57117				2
2026.04.03	00:33:00.945	0.57112				2
2026.04.03	00:33:02.452	0.57116				2
2026.04.03	00:33:06.496	0.57115				2
2026.04.03	00:33:07.098	0.57113				2
2026.04.03	00:33:12.941	0.57117				2
2026.04.03	00:33:15.717	0.57115				2
2026.04.03	00:33:23.139	0.57123				2
2026.04.03	00:33:27.642	0.57120				2
2026.04.03	00:33:29.468	0.57116				2
2026.04.03	00:33:30.068	0.57113				2
2026.04.03	00:33:32.438		0.57185			4
2026.04.03	00:33:38.921	0.57115				2
2026.04.03	00:33:39.938	0.57121				2
2026.04.03	00:33:41.931	0.57119				2
2026.04.03	00:33:46.777	0.57120				2
2026.04.03	00:33:47.078	0.57118				2
2026.04.03	00:33:56.817	0.57113				2
2026.04.03	00:34:00.221	0.57113				2
2026.04.03	00:34:00.521	0.57111				2
2026.04.03	00:34:02.030	0.57112				2
2026.04.03	00:34:07.227	0.57103				2
2026.04.03	00:34:11.627	0.57124				2
2026.04.03	00:34:12.830	0.57118				2
2026.04.03	00:34:22.682	0.57117				2
2026.04.03	00:34:22.984	0.57101				2
2026.04.03	00:34:27.914	0.57118				2
2026.04.03	00:34:32.451		0.57185			4
2026.04.03	00:34:38.053	0.57121				2
2026.04.03	00:34:48.183	0.57120				2
2026.04.03	00:34:54.036	0.57111	0.57183			6
2026.04.03	00:34:54.938		0.57182			4
2026.04.03	00:34:56.374	0.57106				2
2026.04.03	00:34:56.674		0.57183			4
2026.04.03	00:34:57.707	0.57108	0.57185			6
2026.04.03	00:35:00.650	0.57108				2
2026.04.03	00:35:08.081	0.57103				2
2026.04.03	00:35:12.900	0.57118				2
2026.04.03	00:35:23.296	0.57113				2
2026.04.03	00:35:33.516	0.57103				2
2026.04.03	00:35:35.961	0.57124				2
2026.04.03	00:35:36.261	0.57121				2
2026.04.03	00:35:36.565	0.57116				2
2026.04.03	00:35:37.167	0.57120				2
2026.04.03	00:35:47.269	0.57117				2
2026.04.03	00:35:47.568	0.57122				2
2026.04.03	00:35:57.729	0.57117	0.57185			6
2026.04.03	00:35:58.029	0.57120				2
2026.04.03	00:35:58.330	0.57115				2
2026.04.03	00:36:00.937	0.57115				2
2026.04.03	00:36:02.804	0.57120				2
2026.04.03	00:36:03.103	0.57118				2
2026.04.03	00:36:04.305	0.57121				2
2026.04.03	00:36:05.206	0.57118				2
2026.04.03	00:36:10.700	0.57121				2
2026.04.03	00:36:11.001	0.57116				2
2026.04.03	00:36:11.901	0.57120				2
2026.04.03	00:36:12.203	0.57117				2
2026.04.03	00:36:13.899	0.57122				2
2026.04.03	00:36:15.079		0.57184			4
2026.04.03	00:36:15.380		0.57185			4
2026.04.03	00:36:16.039		0.57184			4
2026.04.03	00:36:25.554	0.57121	0.57185			6
2026.04.03	00:36:25.857	0.57119				2
2026.04.03	00:36:28.407	0.57120	0.57183			6
2026.04.03	00:36:28.707	0.57119				2
2026.04.03	00:36:29.014	0.57123	0.57182			6
2026.04.03	00:36:29.316	0.57118	0.57185			6
2026.04.03	00:36:30.520		0.57184			4
2026.04.03	00:36:35.593	0.57120	0.57183			6
2026.04.03	00:36:35.897	0.57119	0.57184			6
2026.04.03	00:36:36.937		0.57183			4
2026.04.03	00:36:37.604	0.57117	0.57184			6
2026.04.03	00:36:37.904	0.57124				2
2026.04.03	00:36:38.205	0.57117				2
2026.04.03	00:36:42.649	0.57109				2
2026.04.03	00:36:42.950	0.57119				2
2026.04.03	00:36:45.036		0.57183			4
2026.04.03	00:36:47.620	0.57117	0.57184			6
2026.04.03	00:36:52.836		0.57183			4
2026.04.03	00:36:57.605	0.57124				2
2026.04.03	00:36:57.906	0.57122				2
2026.04.03	00:36:58.207	0.57117				2
2026.04.03	00:36:58.807	0.57124				2
2026.04.03	00:37:00.636	0.57124				2
2026.04.03	00:37:04.327	0.57117	0.57184			6
2026.04.03	00:37:04.628	0.57120				2
2026.04.03	00:37:06.636		0.57183			4
2026.04.03	00:37:07.511	0.57117				2
2026.04.03	00:37:08.114	0.57121				2
2026.04.03	00:37:08.414	0.57119				2
2026.04.03	00:37:09.936	0.57117	0.57182			6
2026.04.03	00:37:13.436		0.57183			4
2026.04.03	00:37:13.740	0.57123				2
2026.04.03	00:37:14.040	0.57119				2
2026.04.03	00:37:14.340	0.57116				2
2026.04.03	00:37:14.640	0.57123				2
2026.04.03	00:37:14.941	0.57118				2
2026.04.03	00:37:15.544	0.57117				2
2026.04.03	00:37:15.848	0.57118				2
2026.04.03	00:37:16.150	0.57123				2
2026.04.03	00:37:18.751	0.57118	0.57182			6
2026.04.03	00:37:19.051	0.57122				2
2026.04.03	00:37:19.352	0.57117				2
2026.04.03	00:37:19.652		0.57183			4
2026.04.03	00:37:19.953		0.57182			4
2026.04.03	00:37:20.253		0.57183			4
2026.04.03	00:37:20.554	0.57121				2
2026.04.03	00:37:20.854		0.57182			4
2026.04.03	00:37:21.455	0.57120				2
2026.04.03	00:37:27.939		0.57181			4
2026.04.03	00:37:30.709	0.57112				2
2026.04.03	00:37:31.009	0.57120	0.57182			6
2026.04.03	00:37:31.610	0.57116	0.57183			6
2026.04.03	00:37:31.910	0.57122				2
2026.04.03	00:37:32.210	0.57117				2
2026.04.03	00:37:32.511	0.57121	0.57182			6
2026.04.03	00:37:32.811	0.57118				2
2026.04.03	00:37:33.112	0.57123				2
2026.04.03	00:37:37.581	0.57117	0.57181			6
2026.04.03	00:37:37.884		0.57182			4
2026.04.03	00:37:43.236	0.57121	0.57181			6
2026.04.03	00:37:43.537	0.57118				2
2026.04.03	00:37:44.136	0.57122	0.57182			6
2026.04.03	00:37:47.605	0.57120				2
2026.04.03	00:37:48.636		0.57181			4
2026.04.03	00:37:54.802	0.57119	0.57182			6
2026.04.03	00:37:55.105	0.57117				2
2026.04.03	00:37:55.405	0.57123	0.57181			6
2026.04.03	00:37:55.706	0.57119				2
2026.04.03	00:37:56.307	0.57123				2
2026.04.03	00:38:03.636	0.57123				2
2026.04.03	00:38:04.237	0.57115	0.57182			6
2026.04.03	00:38:04.538	0.57119	0.57181			6
2026.04.03	00:38:04.840		0.57182			4
2026.04.03	00:38:05.444	0.57117	0.57181			6
2026.04.03	00:38:07.538	0.57120				2
2026.04.03	00:38:07.838	0.57118				2
2026.04.03	00:38:08.440	0.57119				2
2026.04.03	00:38:09.043	0.57123	0.57180			6
2026.04.03	00:38:12.734	0.57120	0.57179			6
2026.04.03	00:38:13.037	0.57117	0.57180			6
2026.04.03	00:38:13.340	0.57123				2
2026.04.03	00:38:23.436	0.57125	0.57181			6
2026.04.03	00:38:23.737	0.57121				2
2026.04.03	00:38:24.039	0.57122				2
2026.04.03	00:38:24.339	0.57123				2
2026.04.03	00:38:24.640		0.57179			4
2026.04.03	00:38:25.837		0.57180			4
2026.04.03	00:38:35.468	0.57117				2
2026.04.03	00:38:35.769	0.57122				2
2026.04.03	00:38:36.374	0.57125				2
2026.04.03	00:38:37.974	0.57126	0.57178			6
2026.04.03	00:38:38.643	0.57128				2
2026.04.03	00:38:38.947	0.57126	0.57177			6
2026.04.03	00:38:39.751		0.57178			4
2026.04.03	00:38:40.953	0.57125				2
2026.04.03	00:38:41.253		0.57177			4
2026.04.03	00:38:42.944		0.57178			4
2026.04.03	00:38:43.250		0.57177			4
2026.04.03	00:38:43.550		0.57178			4
2026.04.03	00:38:44.738		0.57177			4
2026.04.03	00:38:46.236	0.57129				2
2026.04.03	00:38:47.437		0.57176			4
2026.04.03	00:38:50.925	0.57133				2
2026.04.03	00:38:51.228		0.57177			4
2026.04.03	00:38:51.529	0.57132				2
2026.04.03	00:38:57.717		0.57176			4
2026.04.03	00:38:58.944	0.57130	0.57177			6
2026.04.03	00:38:59.244		0.57176			4
2026.04.03	00:39:01.236	0.57130				2
2026.04.03	00:39:01.836	0.57083	0.57177			6
2026.04.03	00:39:02.141		0.57176			4
2026.04.03	00:39:04.553	0.57133				2
2026.04.03	00:39:10.021	0.57116	0.57171			6
2026.04.03	00:39:10.322	0.57115	0.57172			6
2026.04.03	00:39:11.864	0.57119				2
2026.04.03	00:39:22.816	0.57117	0.57173			6
2026.04.03	00:39:23.716	0.57121				2
2026.04.03	00:39:24.016		0.57172			4
2026.04.03	00:39:24.316	0.57119				2
2026.04.03	00:39:24.616	0.57114	0.57173			6
2026.04.03	00:39:24.917	0.57122				2
2026.04.03	00:39:25.218		0.57172			4
2026.04.03	00:39:34.937	0.57118				2
2026.04.03	00:39:36.129	0.57124	0.57173			6
2026.04.03	00:39:36.729	0.57122	0.57172			6
2026.04.03	00:39:42.880	0.57123				2
2026.04.03	00:39:47.742	0.57120				2
2026.04.03	00:39:48.345		0.57171			4
2026.04.03	00:39:51.636	0.57121				2
2026.04.03	00:39:52.361	0.57124				2
2026.04.03	00:39:52.661		0.57172			4
2026.04.03	00:39:52.962	0.57120				2
2026.04.03	00:39:54.621	0.57123				2
2026.04.03	00:39:58.096	0.57122				2
2026.04.03	00:40:00.036	0.57122				2
2026.04.03	00:40:08.139	0.57084				2
2026.04.03	00:40:13.130	0.57123				2
2026.04.03	00:40:13.430	0.57124				2
2026.04.03	00:40:13.730	0.57122				2
2026.04.03	00:40:14.031	0.57124				2
2026.04.03	00:40:18.339		0.57171			4
2026.04.03	00:40:24.764	0.57086				2
2026.04.03	00:40:25.065	0.57123	0.57172			6
2026.04.03	00:40:25.668		0.57173			4
2026.04.03	00:40:25.968	0.57121	0.57172			6
2026.04.03	00:40:26.270	0.57123	0.57173			6
2026.04.03	00:40:29.275		0.57172			4
2026.04.03	00:40:29.575	0.57116				2
2026.04.03	00:40:29.875	0.57121				2
2026.04.03	00:40:30.892		0.57171			4
2026.04.03	00:40:37.491	0.57126				2
2026.04.03	00:40:38.297	0.57125	0.57172			6
2026.04.03	00:40:43.181	0.57121	0.57176			6
2026.04.03	00:40:43.482		0.57175			4
2026.04.03	00:40:43.782	0.57119				2
2026.04.03	00:40:44.950	0.57124	0.57176			6
2026.04.03	00:40:45.253	0.57110				2
2026.04.03	00:40:49.036	0.57126	0.57178			6
2026.04.03	00:40:54.287	0.57130	0.57179			6
2026.04.03	00:40:54.589	0.57124	0.57180			6
2026.04.03	00:40:54.897	0.57130				2
2026.04.03	00:40:55.198	0.57126	0.57179			6
2026.04.03	00:40:55.498	0.57125				2
2026.04.03	00:40:55.798	0.57127	0.57180			6
2026.04.03	00:40:56.102	0.57126				2
2026.04.03	00:40:56.402		0.57179			4
2026.04.03	00:40:58.537		0.57180			4
2026.04.03	00:41:04.890	0.57126				2
2026.04.03	00:41:05.193	0.57131	0.57176			6
2026.04.03	00:41:13.646	0.57130	0.57178			6
2026.04.03	00:41:13.950	0.57133	0.57176			6
2026.04.03	00:41:20.737	0.57126	0.57179			6
2026.04.03	00:41:21.038	0.57124				2
2026.04.03	00:41:22.540		0.57178			4
2026.04.03	00:41:27.613		0.57179			4
2026.04.03	00:41:29.116	0.57141	0.57185			6
2026.04.03	00:41:37.944	0.57124	0.57175			6
2026.04.03	00:41:38.244	0.57099	0.57176			6
2026.04.03	00:41:38.544	0.57123	0.57175			6
2026.04.03	00:41:38.845	0.57122				2
2026.04.03	00:41:39.875	0.57124				2
2026.04.03	00:41:40.175	0.57083				2
2026.04.03	00:41:47.698	0.57117	0.57177			6
2026.04.03	00:41:48.642		0.57176			4
2026.04.03	00:41:49.644	0.57116				2
2026.04.03	00:41:51.717	0.57114				2
2026.04.03	00:41:52.320	0.57118				2
2026.04.03	00:41:52.620	0.57111				2
2026.04.03	00:41:53.655	0.57118				2
2026.04.03	00:41:54.258	0.57111				2
2026.04.03	00:41:54.561	0.57116				2
2026.04.03	00:41:58.409	0.57112	0.57175			6
2026.04.03	00:41:59.010	0.57119				2
2026.04.03	00:42:00.038	0.57113				2
2026.04.03	00:42:07.613	0.57123	0.57176			6
2026.04.03	00:42:07.914		0.57175			4
2026.04.03	00:42:11.296	0.57119				2
2026.04.03	00:42:11.598	0.57123				2
2026.04.03	00:42:11.898	0.57119				2
2026.04.03	00:42:12.501	0.57123				2
2026.04.03	00:42:12.801		0.57176			4
2026.04.03	00:42:16.645	0.57119				2
2026.04.03	00:42:26.875	0.57134	0.57175			6
2026.04.03	00:42:34.837		0.57174			4
2026.04.03	00:42:35.141		0.57176			4
2026.04.03	00:42:35.443	0.57135	0.57175			6
2026.04.03	00:42:36.636	0.57132				2
2026.04.03	00:42:37.536	0.57134				2
2026.04.03	00:42:38.438	0.57132				2
2026.04.03	00:42:38.743		0.57176			4
2026.04.03	00:42:39.045	0.57134	0.57174			6
2026.04.03	00:42:40.237		0.57175			4
2026.04.03	00:42:41.915	0.57130				2
2026.04.03	00:42:42.215	0.57135				2
2026.04.03	00:42:44.221	0.57130	0.57174			6
2026.04.03	00:42:49.298	0.57131	0.57173			6
2026.04.03	00:42:49.598		0.57174			4
2026.04.03	00:42:58.484	0.57132				2
2026.04.03	00:42:58.784	0.57130				2
2026.04.03	00:42:59.436		0.57173			4
2026.04.03	00:43:00.936	0.57130				2
2026.04.03	00:43:08.679	0.57129	0.57174			6
2026.04.03	00:43:08.980	0.57131				2
2026.04.03	00:43:09.280	0.57134				2
2026.04.03	00:43:09.584	0.57131				2
2026.04.03	00:43:14.310	0.57129				2
2026.04.03	00:43:14.613	0.57134				2
2026.04.03	00:43:15.213	0.57129				2
2026.04.03	00:43:15.816	0.57134				2
2026.04.03	00:43:16.116	0.57135				2
2026.04.03	00:43:16.717		0.57173			4
2026.04.03	00:43:17.020	0.57136				2
2026.04.03	00:43:17.322	0.57131	0.57172			6
2026.04.03	00:43:27.732	0.57130	0.57173			6
2026.04.03	00:43:28.033	0.57133	0.57172			6
2026.04.03	00:43:28.332	0.57129	0.57173			6
2026.04.03	00:43:28.632	0.57135				2
2026.04.03	00:43:28.932	0.57133				2
2026.04.03	00:43:29.233	0.57135	0.57172			6
2026.04.03	00:43:29.533	0.57131				2
2026.04.03	00:43:29.837	0.57135	0.57173			6
2026.04.03	00:43:30.137		0.57172			4
2026.04.03	00:43:30.437	0.57134	0.57173			6
2026.04.03	00:43:30.742	0.57131	0.57172			6
2026.04.03	00:43:31.345	0.57136				2
2026.04.03	00:43:32.248	0.57134	0.57173			6
2026.04.03	00:43:32.550	0.57131	0.57172			6
2026.04.03	00:43:33.747	0.57130	0.57178			6
2026.04.03	00:43:35.612		0.57177			4
2026.04.03	00:43:37.925	0.57127				2
2026.04.03	00:43:39.332	0.57130	0.57176			6
2026.04.03	00:43:41.136		0.57177			4
2026.04.03	00:43:42.653		0.57176			4
2026.04.03	00:43:44.296	0.57083	0.57185			6
2026.04.03	00:43:59.030	0.57086				2
2026.04.03	00:43:59.330		0.57183			4
2026.04.03	00:44:00.231	0.57086	0.57175			6
2026.04.03	00:44:00.533	0.57084	0.57176			6
2026.04.03	00:44:01.137	0.57086	0.57178			6
2026.04.03	00:44:01.439		0.57177			4
2026.04.03	00:44:05.737		0.57176			4
2026.04.03	00:44:08.950	0.57083				2
2026.04.03	00:44:09.253		0.57177			4
2026.04.03	00:44:10.757		0.57176			4
2026.04.03	00:44:13.765		0.57177			4
2026.04.03	00:44:14.065	0.57097	0.57176			6
2026.04.03	00:44:14.366	0.57083				2
2026.04.03	00:44:15.876		0.57177			4
2026.04.03	00:44:17.377		0.57176			4
2026.04.03	00:44:21.587	0.57093				2
2026.04.03	00:44:21.886	0.57083				2
2026.04.03	00:44:24.296		0.57175			4
2026.04.03	00:44:24.599		0.57176			4
2026.04.03	00:44:25.199	0.57086				2
2026.04.03	00:44:26.643	0.57083				2
2026.04.03	00:44:27.245		0.57175			4
2026.04.03	00:44:30.258		0.57176			4
2026.04.03	00:44:35.384		0.57175			4
2026.04.03	00:44:54.950	0.57090	0.57176			6
2026.04.03	00:44:55.913	0.57085				2
2026.04.03	00:45:01.536	0.57085				2
2026.04.03	00:45:02.158	0.57083	0.57183			6
2026.04.03	00:45:04.871	0.57085	0.57176			6
2026.04.03	00:45:06.220	0.57083				2
2026.04.03	00:45:10.753	0.57099				2
2026.04.03	00:45:18.270		0.57177			4
2026.04.03	00:45:21.036	0.57083				2
2026.04.03	00:45:23.746		0.57176			4
2026.04.03	00:45:25.858	0.57101				2
2026.04.03	00:45:26.891	0.57118	0.57180			6
2026.04.03	00:45:30.898	0.57124	0.57178			6
2026.04.03	00:45:32.675	0.57119				2
2026.04.03	00:45:32.975	0.57118				2
2026.04.03	00:45:33.275	0.57123				2
2026.04.03	00:45:34.236		0.57177			4
2026.04.03	00:45:34.538	0.57125				2
2026.04.03	00:45:34.841	0.57121	0.57178			6
2026.04.03	00:45:35.141		0.57179			4
2026.04.03	00:45:35.445	0.57123	0.57180			6
2026.04.03	00:45:37.536		0.57179			4
2026.04.03	00:45:45.569	0.57114				2
2026.04.03	00:45:45.869	0.57124	0.57178			6
2026.04.03	00:45:46.172	0.57117				2
2026.04.03	00:45:53.410	0.57124				2
2026.04.03	00:45:54.343	0.57118	0.57177			6
2026.04.03	00:45:55.643	0.57124				2
2026.04.03	00:45:55.945	0.57118	0.57178			6
2026.04.03	00:46:00.149	0.57118				2
2026.04.03	00:46:05.817	0.57119				2
2026.04.03	00:46:06.117	0.57125	0.57177			6
2026.04.03	00:46:16.279	0.57121	0.57176			6
2026.04.03	00:46:16.579	0.57117	0.57177			6
2026.04.03	00:46:26.696	0.57124				2
2026.04.03	00:46:27.706	0.57125	0.57176			6
2026.04.03	00:46:28.006		0.57177			4
2026.04.03	00:46:28.307	0.57120				2
2026.04.03	00:46:37.185		0.57176			4
2026.04.03	00:46:38.686	0.57124	0.57177			6
2026.04.03	00:46:39.596	0.57121				2
2026.04.03	00:46:40.196		0.57176			4
2026.04.03	00:46:49.920	0.57126				2
2026.04.03	00:46:50.220	0.57124	0.57175			6
2026.04.03	00:46:50.828	0.57121				2
2026.04.03	00:46:51.129	0.57126	0.57176			6
2026.04.03	00:46:51.731	0.57124				2
2026.04.03	00:46:52.031	0.57127				2
2026.04.03	00:46:55.822	0.57122	0.57177			6
2026.04.03	00:46:58.536		0.57176			4
2026.04.03	00:47:02.164	0.57101	0.57182			6
2026.04.03	00:47:03.065	0.57099				2
2026.04.03	00:47:03.365	0.57104				2
2026.04.03	00:47:03.668	0.57106				2
2026.04.03	00:47:03.968	0.57122	0.57176			6
2026.04.03	00:47:04.976	0.57124				2
2026.04.03	00:47:07.539	0.57127				2
2026.04.03	00:47:12.113		0.57177			4
2026.04.03	00:47:13.802	0.57121				2
2026.04.03	00:47:16.358	0.57118				2
2026.04.03	00:47:16.663	0.57123				2
2026.04.03	00:47:22.827	0.57124				2
2026.04.03	00:47:28.837		0.57176			4
2026.04.03	00:47:37.639	0.57125				2
2026.04.03	00:47:38.243	0.57124				2
2026.04.03	00:47:38.544	0.57125				2
2026.04.03	00:47:38.845		0.57177			4
2026.04.03	00:47:48.774	0.57121	0.57176			6
2026.04.03	00:47:52.857		0.57175			4
2026.04.03	00:47:54.942		0.57176			4
2026.04.03	00:47:57.641	0.57122	0.57175			6
2026.04.03	00:47:58.630	0.57126	0.57176			6
2026.04.03	00:47:58.931	0.57122	0.57175			6
2026.04.03	00:48:01.836	0.57122				2
2026.04.03	00:48:07.645	0.57126	0.57176			6
2026.04.03	00:48:16.238	0.57122				2
2026.04.03	00:48:17.740		0.57175			4
2026.04.03	00:48:19.644	0.57118				2
2026.04.03	00:48:19.945	0.57123	0.57176			6
2026.04.03	00:48:27.256	0.57120	0.57175			6
2026.04.03	00:48:27.557	0.57126	0.57176			6
2026.04.03	00:48:27.857	0.57119				2
2026.04.03	00:48:29.736		0.57175			4
2026.04.03	00:48:38.020	0.57124				2
2026.04.03	00:48:39.028	0.57120				2
2026.04.03	00:48:42.338		0.57176			4
2026.04.03	00:48:49.230	0.57125				2
2026.04.03	00:48:49.530	0.57121				2
2026.04.03	00:48:51.037		0.57175			4
2026.04.03	00:48:51.806	0.57127				2
2026.04.03	00:48:52.109	0.57126				2
2026.04.03	00:48:53.655	0.57122				2
2026.04.03	00:48:54.256	0.57127				2
2026.04.03	00:48:54.558	0.57122	0.57174			6
2026.04.03	00:48:55.836		0.57175			4
2026.04.03	00:48:57.645		0.57174			4
2026.04.03	00:48:57.947		0.57175			4
2026.04.03	00:49:02.385	0.57122				2
2026.04.03	00:49:02.685	0.57126				2
2026.04.03	00:49:02.988	0.57121				2
2026.04.03	00:49:03.690	0.57122				2
2026.04.03	00:49:07.628	0.57123	0.57174			6
2026.04.03	00:49:09.640		0.57175			4
2026.04.03	00:49:13.650	0.57127				2
2026.04.03	00:49:13.951	0.57123				2
2026.04.03	00:49:14.253	0.57125				2
2026.04.03	00:49:20.397	0.57120	0.57174			6
2026.04.03	00:49:22.537		0.57175			4
2026.04.03	00:49:26.809	0.57125	0.57174			6
2026.04.03	00:49:27.639		0.57175			4
2026.04.03	00:49:29.437		0.57174			4
2026.04.03	00:49:37.273	0.57124				2
2026.04.03	00:49:37.574		0.57175			4
2026.04.03	00:49:41.880	0.57116				2
2026.04.03	00:49:42.181	0.57123				2
2026.04.03	00:49:42.483	0.57118				2
2026.04.03	00:49:52.889	0.57123				2
2026.04.03	00:49:54.367	0.57118	0.57174			6
2026.04.03	00:49:54.669	0.57123	0.57175			6
2026.04.03	00:50:02.329	0.57123				2
2026.04.03	00:50:02.630	0.57124	0.57174			6
2026.04.03	00:50:02.930		0.57175			4
2026.04.03	00:50:03.232	0.57120				2
2026.04.03	00:50:03.532	0.57121				2
2026.04.03	00:50:03.833	0.57118				2
2026.04.03	00:50:14.108	0.57083				2
2026.04.03	00:50:14.408	0.57121				2
2026.04.03	00:50:16.540	0.57118				2
2026.04.03	00:50:21.984	0.57123				2
2026.04.03	00:50:22.284	0.57118				2
2026.04.03	00:50:22.584	0.57123				2
2026.04.03	00:50:24.036		0.57176			4
2026.04.03	00:50:24.337	0.57118				2
2026.04.03	00:50:26.436		0.57175			4
2026.04.03	00:50:27.648	0.57122				2
2026.04.03	00:50:28.249	0.57124				2
2026.04.03	00:50:29.736		0.57176			4
2026.04.03	00:50:38.398	0.57117	0.57175			6
2026.04.03	00:50:40.837		0.57176			4
2026.04.03	00:50:44.620	0.57123	0.57175			6
2026.04.03	00:50:44.921	0.57122	0.57176			6
2026.04.03	00:50:45.521	0.57118				2
2026.04.03	00:50:52.509	0.57124	0.57175			6
2026.04.03	00:51:02.252	0.57124				2
2026.04.03	00:51:02.553	0.57123	0.57176			6
2026.04.03	00:51:02.853	0.57119	0.57175			6
2026.04.03	00:51:05.437		0.57176			4
2026.04.03	00:51:09.913	0.57125	0.57175			6
2026.04.03	00:51:10.213		0.57176			4
2026.04.03	00:51:12.339		0.57175			4
2026.04.03	00:51:15.937		0.57176			4
2026.04.03	00:51:20.438	0.57124	0.57175			6
2026.04.03	00:51:20.739		0.57176			4
2026.04.03	00:51:25.579	0.57121				2
2026.04.03	00:51:25.880	0.57126				2
2026.04.03	00:51:26.645	0.57121				2
2026.04.03	00:51:26.945	0.57124				2
2026.04.03	00:51:32.436		0.57175			4
2026.04.03	00:51:34.371	0.57119	0.57176			6
2026.04.03	00:51:37.393	0.57083				2
2026.04.03	00:51:37.693	0.57123				2
2026.04.03	00:51:37.995	0.57122				2
2026.04.03	00:51:47.710	0.57121				2
2026.04.03	00:51:57.648	0.57125	0.57175			6
2026.04.03	00:51:57.949	0.57124	0.57176			6
2026.04.03	00:52:00.274	0.57123	0.57177			6
2026.04.03	00:52:00.574		0.57176			4
2026.04.03	00:52:04.106	0.57125	0.57177			6
2026.04.03	00:52:04.805		0.57176			4
2026.04.03	00:52:05.708	0.57123	0.57177			6
2026.04.03	00:52:13.552	0.57125				2
2026.04.03	00:52:21.294	0.57124				2
2026.04.03	00:52:22.840		0.57178			4
2026.04.03	00:52:23.829	0.57083				2
2026.04.03	00:52:28.333	0.57126	0.57177			6
2026.04.03	00:52:30.794		0.57178			4
2026.04.03	00:52:41.046	0.57083				2
2026.04.03	00:52:45.574	0.57126				2
2026.04.03	00:52:49.403	0.57122				2
2026.04.03	00:52:50.244		0.57179			4
2026.04.03	00:52:51.663	0.57125	0.57178			6
2026.04.03	00:52:56.738		0.57179			4
2026.04.03	00:53:01.369	0.57125				2
2026.04.03	00:53:01.668	0.57088				2
2026.04.03	00:53:04.302	0.57083	0.57178			6
2026.04.03	00:53:04.603	0.57120				2
2026.04.03	00:53:05.203	0.57122				2
2026.04.03	00:53:07.191		0.57179			4
2026.04.03	00:53:15.221	0.57101				2
2026.04.03	00:53:15.522	0.57084				2
2026.04.03	00:53:17.386	0.57129	0.57180			6
2026.04.03	00:53:18.293		0.57179			4
2026.04.03	00:53:18.596		0.57180			4
2026.04.03	00:53:19.254		0.57179			4
2026.04.03	00:53:19.856		0.57180			4
2026.04.03	00:53:20.156	0.57123				2
2026.04.03	00:53:21.155	0.57127				2
2026.04.03	00:53:21.821		0.57179			4
2026.04.03	00:53:23.736		0.57180			4
2026.04.03	00:53:31.493	0.57086				2
2026.04.03	00:53:34.009	0.57085	0.57179			6
2026.04.03	00:53:36.036	0.57130	0.57180			6
2026.04.03	00:53:37.498		0.57179			4
2026.04.03	00:53:37.799		0.57180			4
2026.04.03	00:53:44.257	0.57126				2
2026.04.03	00:53:44.557	0.57129				2
2026.04.03	00:53:51.588		0.57179			4
2026.04.03	00:53:54.637	0.57087				2
2026.04.03	00:53:59.579	0.57130				2
2026.04.03	00:54:02.136	0.57130				2
2026.04.03	00:54:02.439	0.57126				2
2026.04.03	00:54:03.979	0.57130				2
2026.04.03	00:54:04.278	0.57128				2
2026.04.03	00:54:04.580	0.57127				2
2026.04.03	00:54:04.880	0.57129				2
2026.04.03	00:54:05.180	0.57127				2
2026.04.03	00:54:05.480	0.57129				2
2026.04.03	00:54:15.936	0.57089				2
2026.04.03	00:54:16.725	0.57127				2
2026.04.03	00:54:26.731	0.57131	0.57180			6
2026.04.03	00:54:37.939	0.57087				2
2026.04.03	00:54:42.760	0.57131				2
2026.04.03	00:54:51.369	0.57127				2
2026.04.03	00:54:52.769	0.57085				2
2026.04.03	00:54:53.774	0.57129				2
2026.04.03	00:54:55.251	0.57124				2
2026.04.03	00:54:55.551	0.57126				2
2026.04.03	00:54:57.862		0.57179			4
2026.04.03	00:55:00.636	0.57126				2
2026.04.03	00:55:04.536	0.57121				2
2026.04.03	00:55:04.837		0.57178			4
2026.04.03	00:55:05.139		0.57177			4
2026.04.03	00:55:08.997		0.57182			4
2026.04.03	00:55:09.298	0.57128	0.57179			6
2026.04.03	00:55:09.598		0.57180			4
2026.04.03	00:55:12.900	0.57147	0.57171			6
2026.04.03	00:55:19.581	0.57144	0.57169			6
2026.04.03	00:55:20.181	0.57141	0.57168			6
2026.04.03	00:55:24.394	0.57143	0.57167			6
2026.04.03	00:55:25.598	0.57144	0.57168			6
2026.04.03	00:55:33.711	0.57143				2
2026.04.03	00:55:34.617	0.57145	0.57167			6
2026.04.03	00:55:37.322	0.57147	0.57169			6
2026.04.03	00:55:38.527	0.57148	0.57167			6
2026.04.03	00:55:47.558	0.57146	0.57168			6
2026.04.03	00:55:51.476	0.57147	0.57169			6
2026.04.03	00:55:54.178		0.57168			4
2026.04.03	00:55:58.989	0.57149				2
2026.04.03	00:56:00.194	0.57149				2
2026.04.03	00:56:03.496	0.57148	0.57167			6
2026.04.03	00:56:07.407	0.57136	0.57163			6
2026.04.03	00:56:11.018	0.57137	0.57164			6
2026.04.03	00:56:11.921	0.57136	0.57163			6
2026.04.03	00:56:13.124	0.57143	0.57165			6
2026.04.03	00:56:14.626	0.57144				2
2026.04.03	00:56:19.447	0.57146	0.57167			6
2026.04.03	00:56:20.949	0.57145	0.57164			6
2026.04.03	00:56:22.154	0.57144	0.57166			6
2026.04.03	00:56:27.568	0.57138	0.57163			6
2026.04.03	00:56:32.079		0.57162			4
2026.04.03	00:56:32.378	0.57135				2
2026.04.03	00:56:32.979	0.57134	0.57164			6
2026.04.03	00:56:33.280	0.57137	0.57162			6
2026.04.03	00:56:43.218		0.57164			4
2026.04.03	00:56:43.520		0.57162			4
2026.04.03	00:56:44.121		0.57164			4
2026.04.03	00:56:44.421	0.57136	0.57169			6
2026.04.03	00:56:45.020	0.57134	0.57165			6
2026.04.03	00:56:45.323	0.57138	0.57163			6
2026.04.03	00:56:45.623		0.57162			4
2026.04.03	00:56:46.222	0.57142	0.57164			6
2026.04.03	00:56:46.525	0.57144	0.57166			6
2026.04.03	00:56:46.824	0.57142	0.57163			6
2026.04.03	00:56:47.730	0.57144	0.57166			6
2026.04.03	00:56:51.646	0.57145				2
2026.04.03	00:56:57.970	0.57138	0.57168			6
2026.04.03	00:57:00.078	0.57139	0.57169			6
2026.04.03	00:57:02.780	0.57141	0.57166			6
2026.04.03	00:57:04.581	0.57139	0.57170			6
2026.04.03	00:57:04.881	0.57140				2
2026.04.03	00:57:05.479	0.57139	0.57169			6
2026.04.03	00:57:05.784	0.57141				2
2026.04.03	00:57:06.088	0.57139				2
2026.04.03	00:57:06.389	0.57141				2
2026.04.03	00:57:06.689	0.57139				2
2026.04.03	00:57:06.987	0.57142	0.57166			6
2026.04.03	00:57:12.709	0.57139	0.57169			6
2026.04.03	00:57:13.012	0.57141	0.57165			6
2026.04.03	00:57:15.118	0.57144	0.57166			6
2026.04.03	00:57:15.420	0.57142				2
2026.04.03	00:57:16.024		0.57167			4
2026.04.03	00:57:16.925	0.57141	0.57168			6
2026.04.03	00:57:17.527	0.57139	0.57169			6
2026.04.03	00:57:17.828	0.57145	0.57164			6
2026.04.03	00:57:22.944	0.57146	0.57168			6
2026.04.03	00:57:28.061	0.57136	0.57167			6
2026.04.03	00:57:31.072	0.57137	0.57170			6
2026.04.03	00:57:32.578	0.57136	0.57173			6
2026.04.03	00:57:33.480	0.57140	0.57176			6
2026.04.03	00:57:36.481	0.57141	0.57174			6
2026.04.03	00:57:42.807	0.57140	0.57170			6
2026.04.03	00:57:51.523	0.57141	0.57168			6
2026.04.03	00:58:00.256	0.57141				2
2026.04.03	00:58:13.800	0.57145	0.57173			6
2026.04.03	00:58:14.406	0.57146				2
2026.04.03	00:58:23.428	0.57141	0.57174			6
2026.04.03	00:58:33.363	0.57143	0.57176			6
2026.04.03	00:58:43.593	0.57134	0.57165			6
2026.04.03	00:58:46.611	0.57133	0.57166			6
2026.04.03	00:58:47.512	0.57135	0.57165			6
2026.04.03	00:58:49.321	0.57136	0.57167			6
2026.04.03	00:58:56.540	0.57138	0.57174			6
2026.04.03	00:59:00.159	0.57138				2
2026.04.03	00:59:11.587	0.57141	0.57175			6
2026.04.03	00:59:13.699	0.57123	0.57179			6
2026.04.03	00:59:23.333		0.57180			4
2026.04.03	00:59:28.752		0.57179			4
2026.04.03	00:59:31.457		0.57195			4
2026.04.03	00:59:35.068		0.57196			4
2026.04.03	00:59:37.477		0.57193			4
2026.04.03	00:59:37.779	0.57122	0.57195			6
2026.04.03	00:59:39.280		0.57196			4
2026.04.03	00:59:41.688	0.57106	0.57194			6
2026.04.03	00:59:41.985	0.57120				2
2026.04.03	00:59:42.590	0.57106				2
2026.04.03	00:59:42.889	0.57120				2
2026.04.03	00:59:43.189		0.57195			4
2026.04.03	00:59:47.707		0.57183			4
2026.04.03	00:59:48.008	0.57123	0.57189			6
2026.04.03	00:59:48.311		0.57187			4
2026.04.03	00:59:49.212		0.57190			4
2026.04.03	00:59:50.114	0.57121	0.57183			6
2026.04.03	00:59:50.413	0.57117	0.57190			6
2026.04.03	00:59:51.620		0.57191			4
2026.04.03	00:59:51.922		0.57186			4
2026.04.03	00:59:54.326	0.57121				2
2026.04.03	00:59:54.623	0.57120				2
2026.04.03	00:59:55.832		0.57187			4
2026.04.03	00:59:57.334		0.57179			4
2026.04.03	00:59:57.634		0.57189			4
2026.04.03	01:00:00.054	0.57116	0.57197			6
2026.04.03	01:00:00.355	0.57123				2
2026.04.03	01:00:00.654	0.57117				2
2026.04.03	01:00:00.952	0.57123				2
2026.04.03	01:00:01.255		0.57192			4
2026.04.03	01:00:01.553		0.57189			4
2026.04.03	01:00:02.459		0.57197			4
2026.04.03	01:00:02.756		0.57195			4
2026.04.03	01:00:03.654	0.57128	0.57197			6
2026.04.03	01:00:04.257		0.57185			4
2026.04.03	01:00:04.555		0.57184			4
2026.04.03	01:00:04.855	0.57145	0.57188			6
2026.04.03	01:00:05.456		0.57189			4
2026.04.03	01:00:08.160	0.57148				2
2026.04.03	01:00:10.561	0.57152				2
2026.04.03	01:00:10.861		0.57191			4
2026.04.03	01:00:20.778	0.57149				2
2026.04.03	01:00:21.077		0.57188			4
2026.04.03	01:00:21.379		0.57189			4
2026.04.03	01:00:23.781		0.57187			4
2026.04.03	01:00:25.282	0.57147	0.57189			6
2026.04.03	01:00:28.285	0.57150	0.57194			6
2026.04.03	01:00:40.306		0.57192			4
2026.04.03	01:00:43.314	0.57152	0.57191			6
2026.04.03	01:00:50.827	0.57150	0.57192			6
2026.04.03	01:00:54.131		0.57191			4
2026.04.03	01:00:55.345		0.57192			4
2026.04.03	01:00:58.053		0.57190			4
2026.04.03	01:00:58.354	0.57152				2
2026.04.03	01:00:58.657		0.57188			4
2026.04.03	01:00:59.258		0.57189			4
2026.04.03	01:00:59.559		0.57188			4
2026.04.03	01:01:00.160	0.57158	0.57187			6
2026.04.03	01:01:00.459		0.57186			4
2026.04.03	01:01:00.760	0.57156				2
2026.04.03	01:01:07.972	0.57152				2
2026.04.03	01:01:08.272		0.57182			4
2026.04.03	01:01:20.885		0.57180			4
2026.04.03	01:01:21.186		0.57176			4
2026.04.03	01:01:30.805	0.57149	0.57175			6
2026.04.03	01:01:31.104		0.57182			4
2026.04.03	01:01:31.403	0.57148	0.57177			6
2026.04.03	01:01:31.704	0.57151	0.57176			6
2026.04.03	01:01:32.904	0.57152				2
2026.04.03	01:01:41.617		0.57174			4
2026.04.03	01:01:48.229	0.57153				2
2026.04.03	01:02:00.251	0.57153	0.57172			6
2026.04.03	01:02:01.754	0.57154				2
2026.04.03	01:02:02.054	0.57153				2
2026.04.03	01:02:02.354	0.57152				2
2026.04.03	01:02:07.460	0.57153	0.57171			6
2026.04.03	01:02:07.762	0.57158	0.57161			6
2026.04.03	01:02:08.060	0.57154	0.57160			6
2026.04.03	01:02:08.361	0.57155	0.57161			6
2026.04.03	01:02:09.863	0.57158				2
2026.04.03	01:02:12.565	0.57156	0.57159			6
2026.04.03	01:02:14.070	0.57154				2
2026.04.03	01:02:14.670	0.57152				2
2026.04.03	01:02:16.173	0.57156				2
2026.04.03	01:02:16.474	0.57154				2
2026.04.03	01:02:17.975	0.57156				2
2026.04.03	01:02:19.475	0.57154				2
2026.04.03	01:02:20.077	0.57156				2
2026.04.03	01:02:20.376	0.57154				2
2026.04.03	01:02:22.180	0.57156				2
2026.04.03	01:02:24.284	0.57154				2
2026.04.03	01:02:24.585	0.57152				2
2026.04.03	01:02:26.087	0.57156				2
2026.04.03	01:02:27.291	0.57155				2
2026.04.03	01:02:28.190	0.57156				2
2026.04.03	01:02:31.801	0.57154				2
2026.04.03	01:02:32.101	0.57156				2
2026.04.03	01:02:33.606	0.57152				2
2026.04.03	01:02:33.906	0.57156				2
2026.04.03	01:02:40.823	0.57158	0.57161			6
2026.04.03	01:02:58.266	0.57156				2
2026.04.03	01:03:00.070	0.57156				2
2026.04.03	01:03:00.371	0.57158				2
2026.04.03	01:03:11.789	0.57156	0.57159			6
2026.04.03	01:04:00.176	0.57156	0.57158			6
2026.04.03	01:05:00.290	0.57158	0.57159			6
2026.04.03	01:05:00.588	0.57159	0.57161			6
2026.04.03	01:05:01.190	0.57158				2
2026.04.03	01:05:18.338	0.57160	0.57163			6
2026.04.03	01:05:18.943	0.57163	0.57164			6
2026.04.03	01:05:20.448		0.57165			4
2026.04.03	01:05:32.185		0.57166			4
2026.04.03	01:05:37.302		0.57165			4
2026.04.03	01:05:37.604	0.57162				2
2026.04.03	01:05:39.710	0.57163	0.57166			6
2026.04.03	01:05:49.336		0.57165			4
2026.04.03	01:06:00.176	0.57163				2
2026.04.03	01:06:34.749	0.57162				2
2026.04.03	01:06:35.349	0.57163				2
2026.04.03	01:06:49.498		0.57165			4
2026.04.03	01:07:00.011	0.57163				2
2026.04.03	01:07:06.621	0.57161	0.57163			6
2026.04.03	01:07:20.450	0.57162	0.57164			6
2026.04.03	01:07:22.553	0.57163	0.57165			6
2026.04.03	01:07:29.170	0.57164	0.57166			6
2026.04.03	01:07:30.373	0.57166	0.57168			6
2026.04.03	01:07:47.214	0.57167	0.57169			6
2026.04.03	01:07:58.938	0.57166	0.57168			6
2026.04.03	01:08:00.143	0.57166				2
2026.04.03	01:08:02.252	0.57165	0.57167			6
2026.04.03	01:08:04.655	0.57166	0.57168			6
2026.04.03	01:08:06.761	0.57165	0.57167			6
2026.04.03	01:08:07.061	0.57164	0.57166			6
2026.04.03	01:08:32.317	0.57168	0.57170			6
2026.04.03	01:08:33.221	0.57167				2
2026.04.03	01:08:47.963	0.57166	0.57169			6
2026.04.03	01:09:00.296	0.57166				2
2026.04.03	01:09:03.303	0.57165	0.57168			6
2026.04.03	01:09:19.854	0.57166	0.57169			6
2026.04.03	01:09:20.154	0.57167				2
2026.04.03	01:09:30.378	0.57166				2
2026.04.03	01:09:36.089	0.57170	0.57173			6
2026.04.03	01:09:37.289	0.57171	0.57174			6
2026.04.03	01:09:37.590	0.57172	0.57175			6
2026.04.03	01:09:48.714	0.57173	0.57176			6
2026.04.03	01:09:50.518	0.57172	0.57175			6
2026.04.03	01:10:00.145	0.57172				2
2026.04.03	01:10:01.347	0.57167	0.57170			6
2026.04.03	01:10:01.649	0.57166	0.57169			6
2026.04.03	01:10:02.850	0.57165	0.57168			6
2026.04.03	01:11:00.032	0.57165				2
2026.04.03	01:11:03.044		0.57168			4
2026.04.03	01:11:19.883	0.57163	0.57166			6
2026.04.03	01:11:26.503	0.57162	0.57165			6
2026.04.03	01:11:27.709	0.57161	0.57164			6
2026.04.03	01:11:37.941	0.57162	0.57165			6
2026.04.03	01:12:00.193	0.57162				2
2026.04.03	01:12:38.112		0.57165			4
2026.04.03	01:12:42.323	0.57163				2
2026.04.03	01:13:00.075	0.57163				2
2026.04.03	01:13:38.284		0.57165			4
2026.04.03	01:14:00.241	0.57163				2
2026.04.03	01:14:19.491	0.57164	0.57166			6
2026.04.03	01:14:19.796	0.57165	0.57167			6
2026.04.03	01:14:24.908	0.57166	0.57168			6
2026.04.03	01:15:00.109	0.57166				2
2026.04.03	01:15:03.420	0.57165	0.57167			6
2026.04.03	01:16:00.287	0.57165				2
2026.04.03	01:16:03.602		0.57167			4
2026.04.03	01:16:19.842	0.57166	0.57168			6
2026.04.03	01:17:00.126	0.57166				2
2026.04.03	01:17:13.368	0.57167	0.57169			6
2026.04.03	01:17:27.828	0.57166	0.57168			6
2026.04.03	01:17:53.422	0.57167	0.57169			6
2026.04.03	01:18:00.047	0.57167				2
2026.04.03	01:18:30.748	0.57168	0.57170			6
2026.04.03	01:19:00.216	0.57168				2
2026.04.03	01:19:10.132	0.57167	0.57169			6
2026.04.03	01:19:11.632	0.57168	0.57170			6
2026.04.03	01:19:39.615	0.57169	0.57171			6
2026.04.03	01:19:47.736		0.57170			4
2026.04.03	01:19:48.040		0.57171			4
2026.04.03	01:19:48.341		0.57170			4
2026.04.03	01:19:48.642		0.57171			4
2026.04.03	01:19:48.941		0.57170			4
2026.04.03	01:19:49.238		0.57171			4
2026.04.03	01:19:49.542		0.57170			4
2026.04.03	01:19:49.842		0.57171			4
2026.04.03	01:19:50.144		0.57170			4
2026.04.03	01:19:50.445		0.57171			4
2026.04.03	01:19:50.749		0.57170			4
2026.04.03	01:19:51.049		0.57171			4
2026.04.03	01:20:00.065	0.57169				2
2026.04.03	01:20:00.367	0.57168	0.57170			6
2026.04.03	01:20:15.996		0.57169			4
2026.04.03	01:20:16.297		0.57170			4
2026.04.03	01:20:16.596		0.57169			4
2026.04.03	01:20:16.899		0.57170			4
2026.04.03	01:20:17.198		0.57169			4
2026.04.03	01:20:17.501		0.57170			4
2026.04.03	01:20:17.800		0.57169			4
2026.04.03	01:20:18.103		0.57170			4
2026.04.03	01:20:18.705		0.57169			4
2026.04.03	01:20:19.005		0.57170			4
2026.04.03	01:20:19.306		0.57169			4
2026.04.03	01:20:19.605		0.57170			4
2026.04.03	01:20:36.738	0.57165	0.57167			6
2026.04.03	01:20:37.346	0.57164				2
2026.04.03	01:20:40.950	0.57163	0.57166			6
2026.04.03	01:21:00.210	0.57163				2
2026.04.03	01:21:33.317	0.57164	0.57167			6
2026.04.03	01:22:00.107	0.57164				2
2026.04.03	01:22:08.818	0.57165	0.57168			6
2026.04.03	01:22:22.048	0.57166	0.57169			6
2026.04.03	01:22:31.072	0.57165	0.57168			6
2026.04.03	01:22:45.208	0.57166	0.57169			6
2026.04.03	01:23:00.244	0.57166				2
2026.04.03	01:23:00.540	0.57165	0.57168			6
2026.04.03	01:23:15.283	0.57168	0.57171			6
2026.04.03	01:23:33.635	0.57169	0.57172			6
2026.04.03	01:23:54.986	0.57168	0.57171			6
2026.04.03	01:24:00.109	0.57168				2
2026.04.03	01:24:55.142		0.57171			4
2026.04.03	01:25:00.262	0.57168				2
2026.04.03	01:25:00.558	0.57167	0.57170			6
2026.04.03	01:25:39.662	0.57166	0.57169			6
2026.04.03	01:25:40.268	0.57167				2
2026.04.03	01:25:55.901	0.57168	0.57170			6
2026.04.03	01:25:56.803	0.57167	0.57169			6
2026.04.03	01:25:57.106	0.57168	0.57170			6
2026.04.03	01:26:00.115	0.57168				2
2026.04.03	01:26:01.618	0.57167	0.57169			6
2026.04.03	01:26:05.231	0.57168	0.57170			6
2026.04.03	01:26:06.132	0.57167	0.57169			6
2026.04.03	01:27:00.281	0.57167				2
2026.04.03	01:27:06.290		0.57169			4
2026.04.03	01:27:27.036	0.57165	0.57167			6
2026.04.03	01:27:28.235	0.57164	0.57168			6
2026.04.03	01:27:31.253		0.57167			4
2026.04.03	01:27:38.778	0.57165	0.57168			6
2026.04.03	01:27:39.978	0.57166	0.57169			6
2026.04.03	01:27:40.280	0.57165				2
2026.04.03	01:27:46.292	0.57166				2
2026.04.03	01:27:52.306	0.57167	0.57170			6
2026.04.03	01:27:53.209	0.57166				2
2026.04.03	01:28:00.127	0.57166				2
2026.04.03	01:28:13.370	0.57167				2
2026.04.03	01:28:52.456		0.57170			4
2026.04.03	01:29:00.284	0.57166	0.57169			6
2026.04.03	01:29:38.512	0.57167	0.57170			6
2026.04.03	01:29:49.350		0.57169			4
2026.04.03	01:30:00.182	0.57167				2
2026.04.03	01:30:04.683	0.57168	0.57170			6
2026.04.03	01:30:05.885	0.57167	0.57169			6
2026.04.03	01:30:18.215	0.57166				2
2026.04.03	01:30:35.364	0.57167				2
2026.04.03	01:31:00.018	0.57167				2
2026.04.03	01:31:06.022		0.57169			4
2026.04.03	01:31:46.023	0.57168	0.57170			6
2026.04.03	01:31:47.226		0.57171			4
2026.04.03	01:32:00.145	0.57168				2
2026.04.03	01:32:01.946	0.57169	0.57172			6
2026.04.03	01:32:02.853	0.57170	0.57173			6
2026.04.03	01:32:20.882	0.57172	0.57175			6
2026.04.03	01:32:22.380	0.57171				2
2026.04.03	01:32:26.299	0.57173	0.57177			6
2026.04.03	01:32:33.215	0.57172	0.57176			6
2026.04.03	01:33:00.283	0.57172				2
2026.04.03	01:33:04.188		0.57175			4
2026.04.03	01:33:44.498	0.57173	0.57176			6
2026.04.03	01:34:00.143	0.57173				2
2026.04.03	01:34:10.383		0.57175			4
2026.04.03	01:34:10.683	0.57177	0.57179			6
2026.04.03	01:34:11.281	0.57176	0.57180			6
2026.04.03	01:34:22.710	0.57177	0.57181			6
2026.04.03	01:34:46.165	0.57176	0.57180			6
2026.04.03	01:35:00.300	0.57176				2
2026.04.03	01:35:08.124	0.57177	0.57181			6
2026.04.03	01:35:48.132	0.57178				2
2026.04.03	01:36:00.175	0.57178				2
2026.04.03	01:36:08.287		0.57181			4
2026.04.03	01:36:34.181		0.57180			4
2026.04.03	01:36:39.290	0.57177				2
2026.04.03	01:36:40.191	0.57178				2
2026.04.03	01:36:46.198	0.57177	0.57179			6
2026.04.03	01:36:47.399		0.57180			4
2026.04.03	01:37:00.025	0.57177				2
2026.04.03	01:37:07.236		0.57179			4
2026.04.03	01:37:38.511	0.57178	0.57180			6
2026.04.03	01:37:40.618	0.57177	0.57179			6
2026.04.03	01:38:00.158	0.57177				2
2026.04.03	01:38:08.284	0.57178				2
2026.04.03	01:38:13.389		0.57180			4
2026.04.03	01:38:18.204		0.57179			4
2026.04.03	01:38:41.662	0.57177				2
2026.04.03	01:38:51.294	0.57178				2
2026.04.03	01:39:00.018	0.57178				2
2026.04.03	01:39:03.020	0.57177				2
2026.04.03	01:39:10.841	0.57178				2
2026.04.03	01:39:13.545	0.57177				2
2026.04.03	01:39:17.155	0.57178				2
2026.04.03	01:39:18.357		0.57179			4
2026.04.03	01:39:37.290	0.57177				2
2026.04.03	01:39:40.903	0.57178				2
2026.04.03	01:39:44.208	0.57177				2
2026.04.03	01:39:52.936	0.57178				2
2026.04.03	01:40:00.175	0.57178				2
2026.04.03	01:40:12.517	0.57177				2
2026.04.03	01:40:18.532		0.57179			4
2026.04.03	01:41:00.020	0.57177				2
2026.04.03	01:41:01.821	0.57178	0.57180			6
2026.04.03	01:41:38.818		0.57179			4
2026.04.03	01:41:40.021	0.57177				2
2026.04.03	01:42:00.178	0.57177				2
2026.04.03	01:42:38.982		0.57179			4
2026.04.03	01:43:00.027	0.57177				2
2026.04.03	01:43:15.054	0.57178	0.57180			6
2026.04.03	01:43:34.589	0.57179	0.57181			6
2026.04.03	01:43:35.192	0.57178				2
2026.04.03	01:44:00.160	0.57178				2
2026.04.03	01:44:26.323	0.57179				2
2026.04.03	01:44:34.748		0.57181			4
2026.04.03	01:45:00.029	0.57179				2
2026.04.03	01:45:03.631	0.57178	0.57180			6
2026.04.03	01:45:09.038	0.57179	0.57181			6
2026.04.03	01:45:15.055	0.57178	0.57180			6
2026.04.03	01:45:39.401	0.57179				2
2026.04.03	01:45:51.419	0.57178				2
2026.04.03	01:46:00.140	0.57178				2
2026.04.03	01:46:00.438		0.57179			4
2026.04.03	01:46:01.342		0.57180			4
2026.04.03	01:46:02.548	0.57177	0.57179			6
2026.04.03	01:46:02.847	0.57178				2
2026.04.03	01:46:03.146	0.57177				2
2026.04.03	01:46:35.332	0.57175	0.57177			6
2026.04.03	01:46:36.235	0.57174	0.57178			6
2026.04.03	01:47:00.007	0.57174				2
2026.04.03	01:47:17.758	0.57173	0.57177			6
2026.04.03	01:48:00.154	0.57173				2
2026.04.03	01:48:05.257		0.57176			4
2026.04.03	01:48:34.411	0.57174				2
2026.04.03	01:49:00.279	0.57172	0.57174			6
2026.04.03	01:49:01.183		0.57175			4
2026.04.03	01:49:23.124	0.57173				2
2026.04.03	01:49:54.408		0.57174			4
2026.04.03	01:50:00.124	0.57173				2
2026.04.03	01:50:01.626		0.57175			4
2026.04.03	01:50:06.129		0.57174			4
2026.04.03	01:50:33.194		0.57175			4
2026.04.03	01:50:45.834	0.57174				2
2026.04.03	01:50:48.838	0.57173				2
2026.04.03	01:50:49.742	0.57174				2
2026.04.03	01:50:52.458	0.57173				2
2026.04.03	01:50:54.271	0.57172				2
2026.04.03	01:51:00.291	0.57172				2
2026.04.03	01:51:20.135	0.57173				2
2026.04.03	01:51:20.737	0.57172	0.57174			6
2026.04.03	01:51:26.748	0.57173	0.57175			6
2026.04.03	01:51:51.393		0.57174			4
2026.04.03	01:51:56.215	0.57172				2
2026.04.03	01:51:56.816	0.57174	0.57175			6
2026.04.03	01:51:57.117	0.57172	0.57174			6
2026.04.03	01:51:57.418	0.57174	0.57175			6
2026.04.03	01:51:57.719	0.57172	0.57174			6
2026.04.03	01:51:58.020	0.57174	0.57175			6
2026.04.03	01:51:58.619	0.57172	0.57174			6
2026.04.03	01:51:58.921	0.57174	0.57175			6
2026.04.03	01:51:59.223	0.57172	0.57174			6
2026.04.03	01:51:59.525	0.57174	0.57175			6
2026.04.03	01:51:59.825	0.57172	0.57174			6
2026.04.03	01:52:00.126	0.57174	0.57175			6
2026.04.03	01:52:00.425	0.57172	0.57174			6
2026.04.03	01:52:03.734	0.57174	0.57175			6
2026.04.03	01:52:04.032	0.57175	0.57176			6
2026.04.03	01:52:04.931	0.57174				2
2026.04.03	01:52:05.234	0.57173	0.57177			6
2026.04.03	01:52:26.887		0.57176			4
2026.04.03	01:52:27.488	0.57174	0.57177			6
2026.04.03	01:52:27.789	0.57173	0.57176			6
2026.04.03	01:52:28.088	0.57174	0.57177			6
2026.04.03	01:52:28.389	0.57173	0.57176			6
2026.04.03	01:52:28.690	0.57174	0.57177			6
2026.04.03	01:52:28.991	0.57173	0.57176			6
2026.04.03	01:52:29.290	0.57174	0.57177			6
2026.04.03	01:52:29.593	0.57173	0.57176			6
2026.04.03	01:52:29.892	0.57174	0.57177			6
2026.04.03	01:52:30.192	0.57173	0.57176			6
2026.04.03	01:52:30.795	0.57174	0.57177			6
2026.04.03	01:52:31.094	0.57173				2
2026.04.03	01:52:35.610	0.57174	0.57178			6
2026.04.03	01:52:41.920	0.57175	0.57179			6
2026.04.03	01:53:00.281	0.57175				2
2026.04.03	01:53:42.085		0.57179			4
2026.04.03	01:53:58.323	0.57176				2
2026.04.03	01:54:00.128	0.57176				2
2026.04.03	01:54:04.335	0.57175	0.57178			6
2026.04.03	01:54:11.261	0.57176	0.57179			6
2026.04.03	01:54:21.197		0.57178			4
2026.04.03	01:54:32.939	0.57175	0.57177			6
2026.04.03	01:54:34.145	0.57174	0.57178			6
2026.04.03	01:54:38.967	0.57173	0.57177			6
2026.04.03	01:54:51.003	0.57172	0.57176			6
2026.04.03	01:55:00.024	0.57172				2
2026.04.03	01:55:27.390	0.57173				2
2026.04.03	01:55:31.604	0.57172	0.57175			6
2026.04.03	01:55:47.228	0.57173				2
2026.04.03	01:55:50.231	0.57172				2
2026.04.03	01:55:56.254	0.57173				2
2026.04.03	01:55:59.260	0.57172				2
2026.04.03	01:56:00.163	0.57172				2
2026.04.03	01:56:04.375	0.57173	0.57176			6
2026.04.03	01:56:05.277		0.57175			4
2026.04.03	01:56:20.615	0.57174	0.57176			6
2026.04.03	01:56:21.217	0.57173				2
2026.04.03	01:56:40.165		0.57175			4
2026.04.03	01:56:44.679	0.57174	0.57176			6
2026.04.03	01:56:59.408		0.57175			4
2026.04.03	01:57:00.010	0.57174				2
2026.04.03	01:57:03.315		0.57176			4
2026.04.03	01:57:23.167	0.57173	0.57175			6
2026.04.03	01:57:33.689	0.57174				2
2026.04.03	01:57:50.849	0.57173				2
2026.04.03	01:57:54.757	0.57174				2
2026.04.03	01:57:55.056	0.57173				2
2026.04.03	01:57:59.266	0.57174				2
2026.04.03	01:58:00.173	0.57174				2
2026.04.03	01:58:02.280	0.57173				2
2026.04.03	01:58:03.481	0.57174				2
2026.04.03	01:58:07.088	0.57173				2
2026.04.03	01:58:13.402	0.57174	0.57176			6
2026.04.03	01:58:21.829		0.57175			4
2026.04.03	01:58:22.128	0.57173				2
2026.04.03	01:58:22.733	0.57174				2
2026.04.03	01:58:50.711	0.57172	0.57174			6
2026.04.03	01:58:52.221		0.57175			4
2026.04.03	01:58:59.433		0.57176			4
2026.04.03	01:59:00.034	0.57172				2
2026.04.03	01:59:00.334	0.57173	0.57177			6
2026.04.03	01:59:02.140	0.57174	0.57178			6
2026.04.03	01:59:58.394		0.57177			4
2026.04.03	01:59:59.298	0.57173				2
2026.04.03	02:00:00.203	0.57173				2
2026.04.03	02:00:06.208	0.57174				2
2026.04.03	02:00:08.016	0.57173	0.57176			6
2026.04.03	02:00:21.248		0.57177			4
2026.04.03	02:00:28.456	0.57172	0.57176			6
2026.04.03	02:00:38.083	0.57171	0.57175			6
2026.04.03	02:00:57.012	0.57172	0.57176			6
2026.04.03	02:00:57.312	0.57171	0.57175			6
2026.04.03	02:01:00.021	0.57171				2
2026.04.03	02:01:08.738	0.57172	0.57176			6
2026.04.03	02:01:37.303	0.57173				2
2026.04.03	02:01:39.103		0.57177			4
2026.04.03	02:01:43.916	0.57172	0.57176			6
2026.04.03	02:01:44.217	0.57173				2
2026.04.03	02:01:45.419	0.57172				2
2026.04.03	02:01:48.126	0.57173	0.57177			6
2026.04.03	02:01:59.267		0.57176			4
2026.04.03	02:02:00.172	0.57173				2
2026.04.03	02:02:00.773	0.57175	0.57178			6
2026.04.03	02:02:01.072	0.57176	0.57179			6
2026.04.03	02:02:01.375	0.57175				2
2026.04.03	02:02:12.496	0.57176	0.57180			6
2026.04.03	02:02:58.509	0.57178	0.57182			6
2026.04.03	02:02:59.712	0.57177	0.57181			6
2026.04.03	02:03:00.013	0.57177				2
2026.04.03	02:03:00.315	0.57178	0.57182			6
2026.04.03	02:03:51.149	0.57179	0.57183			6
2026.04.03	02:03:51.449	0.57178	0.57182			6
2026.04.03	02:04:00.179	0.57178				2
2026.04.03	02:04:25.427	0.57179				2
2026.04.03	02:04:46.168		0.57181			4
2026.04.03	02:05:00.018	0.57179				2
2026.04.03	02:05:46.341		0.57181			4
2026.04.03	02:05:59.869	0.57181	0.57182			6
2026.04.03	02:06:00.169	0.57186	0.57188			6
2026.04.03	02:06:01.373	0.57185	0.57189			6
2026.04.03	02:06:07.687	0.57184	0.57188			6
2026.04.03	02:06:16.412	0.57185	0.57189			6
2026.04.03	02:07:00.012	0.57185				2
2026.04.03	02:07:16.548		0.57189			4
2026.04.03	02:07:43.023	0.57184	0.57188			6
2026.04.03	02:07:54.458	0.57185	0.57189			6
2026.04.03	02:08:00.182	0.57185	0.57188			6
2026.04.03	02:08:32.049	0.57184	0.57187			6
2026.04.03	02:08:37.169	0.57185	0.57188			6
2026.04.03	02:08:43.187		0.57187			4
2026.04.03	02:08:51.902	0.57184	0.57186			6
2026.04.03	02:09:00.015	0.57184				2
2026.04.03	02:09:03.020	0.57185	0.57187			6
2026.04.03	02:09:03.319	0.57184				2
2026.04.03	02:09:15.354		0.57186			4
2026.04.03	02:09:47.520	0.57185	0.57187			6
2026.04.03	02:10:00.150	0.57185				2
2026.04.03	02:10:11.879		0.57186			4
2026.04.03	02:10:39.576		0.57187			4
2026.04.03	02:11:00.032	0.57185				2
2026.04.03	02:11:27.702		0.57186			4
2026.04.03	02:11:53.256		0.57187			4
2026.04.03	02:12:00.168	0.57185				2
2026.04.03	02:12:53.396		0.57187			4
2026.04.03	02:13:00.010	0.57185				2
2026.04.03	02:13:01.520	0.57183	0.57185			6
2026.04.03	02:13:01.819	0.57182	0.57184			6
2026.04.03	02:13:03.324	0.57180				2
2026.04.03	02:13:26.481	0.57181				2
2026.04.03	02:14:00.177	0.57181				2
2026.04.03	02:14:01.978		0.57184			4
2026.04.03	02:14:07.386		0.57183			4
2026.04.03	02:14:51.289	0.57182				2
2026.04.03	02:14:51.589	0.57181				2
2026.04.03	02:15:00.010	0.57181				2
2026.04.03	02:15:00.309	0.57182				2
2026.04.03	02:15:05.117	0.57181				2
2026.04.03	02:15:07.522		0.57183			4
2026.04.03	02:15:11.729	0.57182				2
2026.04.03	02:15:15.944	0.57181				2
2026.04.03	02:16:00.150	0.57181				2
2026.04.03	02:16:00.448	0.57182				2
2026.04.03	02:16:07.667		0.57183			4
2026.04.03	02:16:07.968	0.57181				2
2026.04.03	02:16:13.383	0.57182				2
2026.04.03	02:16:29.019	0.57181				2
2026.04.03	02:16:55.187	0.57182				2
2026.04.03	02:17:00.002	0.57182				2
2026.04.03	02:17:00.603	0.57181				2
2026.04.03	02:17:02.407	0.57182				2
2026.04.03	02:17:07.813		0.57183			4
2026.04.03	02:17:08.116	0.57181				2
2026.04.03	02:17:15.936	0.57182				2
2026.04.03	02:17:16.236	0.57181				2
2026.04.03	02:18:00.146	0.57181				2
2026.04.03	02:18:07.967		0.57183			4
2026.04.03	02:18:48.551	0.57182				2
2026.04.03	02:18:52.157	0.57181				2
2026.04.03	02:18:57.277	0.57182				2
2026.04.03	02:19:00.282	0.57182				2
2026.04.03	02:19:08.092		0.57183			4
2026.04.03	02:19:23.120	0.57181				2
2026.04.03	02:20:00.149	0.57181				2
2026.04.03	02:20:08.260		0.57183			4
2026.04.03	02:20:11.871	0.57182	0.57184			6
2026.04.03	02:20:15.180	0.57181	0.57183			6
2026.04.03	02:20:25.099	0.57182	0.57184			6
2026.04.03	02:20:32.314	0.57183				2
2026.04.03	02:20:35.022	0.57182				2
2026.04.03	02:20:57.277		0.57183			4
2026.04.03	02:21:00.286	0.57182				2
2026.04.03	02:21:05.104		0.57184			4
2026.04.03	02:21:11.723	0.57183				2
2026.04.03	02:21:12.024	0.57182				2
2026.04.03	02:21:12.322	0.57181	0.57183			6
2026.04.03	02:21:22.254	0.57182	0.57184			6
2026.04.03	02:22:00.126	0.57182				2
2026.04.03	02:22:16.957	0.57183				2
2026.04.03	02:22:22.369		0.57184			4
2026.04.03	02:22:29.581		0.57185			4
2026.04.03	02:22:30.180	0.57182				2
2026.04.03	02:22:46.116	0.57183				2
2026.04.03	02:23:00.237	0.57183				2
2026.04.03	02:23:29.688		0.57185			4
2026.04.03	02:23:42.318		0.57184			4
2026.04.03	02:23:43.220		0.57185			4
2026.04.03	02:23:43.523		0.57184			4
2026.04.03	02:23:43.821		0.57185			4
2026.04.03	02:23:44.125		0.57184			4
2026.04.03	02:23:44.424		0.57185			4
2026.04.03	02:23:44.729		0.57184			4
2026.04.03	02:23:45.026		0.57185			4
2026.04.03	02:23:45.330		0.57184			4
2026.04.03	02:23:45.628		0.57185			4
2026.04.03	02:24:00.061	0.57183				2
2026.04.03	02:24:09.667		0.57184			4
2026.04.03	02:24:09.971		0.57185			4
2026.04.03	02:24:10.271		0.57184			4
2026.04.03	02:24:10.572		0.57185			4
2026.04.03	02:24:10.871		0.57184			4
2026.04.03	02:24:11.173		0.57185			4
2026.04.03	02:24:11.474		0.57184			4
2026.04.03	02:24:11.773		0.57185			4
2026.04.03	02:24:12.074		0.57184			4
2026.04.03	02:24:12.375		0.57185			4
2026.04.03	02:24:12.676		0.57184			4
2026.04.03	02:24:12.976		0.57185			4
2026.04.03	02:24:14.480	0.57184	0.57186			6
2026.04.03	02:24:35.534	0.57183	0.57185			6
2026.04.03	02:24:57.496		0.57184			4
2026.04.03	02:25:00.210	0.57183				2
2026.04.03	02:25:12.237	0.57182				2
2026.04.03	02:25:12.535	0.57183	0.57185			6
2026.04.03	02:25:33.279	0.57182	0.57186			6
2026.04.03	02:25:35.980	0.57180	0.57183			6
2026.04.03	02:25:40.790		0.57184			4
2026.04.03	02:26:00.055	0.57180				2
2026.04.03	02:26:03.059		0.57183			4
2026.04.03	02:27:00.228	0.57180				2
2026.04.03	02:27:03.237		0.57183			4
2026.04.03	02:27:05.647	0.57178	0.57181			6
2026.04.03	02:27:05.951	0.57176	0.57179			6
2026.04.03	02:27:07.453		0.57180			4
2026.04.03	02:27:15.585	0.57177				2
2026.04.03	02:27:43.843	0.57178				2
2026.04.03	02:27:50.759		0.57181			4
2026.04.03	02:28:00.077	0.57178				2
2026.04.03	02:28:50.905		0.57181			4
2026.04.03	02:29:00.224	0.57178				2
2026.04.03	02:29:06.233		0.57180			4
2026.04.03	02:29:33.926		0.57181			4
2026.04.03	02:29:56.197		0.57180			4
2026.04.03	02:30:00.105	0.57178				2
2026.04.03	02:30:27.485		0.57179			4
2026.04.03	02:31:00.291	0.57178				2
2026.04.03	02:31:15.030		0.57180			4
2026.04.03	02:31:38.184	0.57180	0.57181			6
2026.04.03	02:31:43.291		0.57182			4
2026.04.03	02:31:45.396	0.57182	0.57184			6
2026.04.03	02:31:46.300		0.57185			4
2026.04.03	02:31:55.011	0.57181				2
2026.04.03	02:31:56.214		0.57184			4
2026.04.03	02:32:00.127	0.57181				2
2026.04.03	02:32:32.589	0.57180	0.57183			6
2026.04.03	02:32:34.391	0.57181	0.57184			6
2026.04.03	02:32:37.700	0.57180				2
2026.04.03	02:33:00.253	0.57180				2
2026.04.03	02:33:17.079	0.57182				2
2026.04.03	02:33:17.379		0.57185			4
2026.04.03	02:34:00.081	0.57182				2
2026.04.03	02:34:13.309		0.57184			4
2026.04.03	02:34:54.803	0.57183	0.57185			6
2026.04.03	02:35:00.219	0.57183				2
2026.04.03	02:35:14.652	0.57184	0.57186			6
2026.04.03	02:35:15.255	0.57185				2
2026.04.03	02:35:17.965		0.57187			4
2026.04.03	02:35:54.648	0.57186	0.57188			6
2026.04.03	02:35:54.949		0.57187			4
2026.04.03	02:36:00.060	0.57186				2
2026.04.03	02:36:17.508	0.57185				2
2026.04.03	02:36:55.101		0.57187			4
2026.04.03	02:37:00.220	0.57185				2
2026.04.03	02:37:15.549		0.57186			4
2026.04.03	02:37:36.594	0.57182	0.57183			6
2026.04.03	02:37:37.198		0.57184			4
2026.04.03	02:37:42.911	0.57181				2
2026.04.03	02:37:43.206	0.57180	0.57183			6
2026.04.03	02:38:00.054	0.57180				2
2026.04.03	02:38:36.159		0.57182			4
2026.04.03	02:39:00.223	0.57180				2
2026.04.03	02:39:25.194	0.57181				2
2026.04.03	02:39:36.326		0.57182			4
2026.04.03	02:40:00.087	0.57181				2
2026.04.03	02:40:05.501	0.57180				2
2026.04.03	02:40:07.304	0.57181				2
2026.04.03	02:40:36.479		0.57182			4
2026.04.03	02:40:57.225	0.57180				2
2026.04.03	02:41:00.234	0.57180				2
2026.04.03	02:41:36.623		0.57182			4
2026.04.03	02:41:54.364	0.57183	0.57184			6
2026.04.03	02:42:00.080	0.57183				2
2026.04.03	02:42:04.884	0.57180	0.57182			6
2026.04.03	02:42:34.335		0.57181			4
2026.04.03	02:42:59.288	0.57179	0.57180			6
2026.04.03	02:43:00.195	0.57179				2
2026.04.03	02:43:01.392	0.57178				2
2026.04.03	02:43:01.692	0.57179	0.57181			6
2026.04.03	02:43:11.612	0.57180				2
2026.04.03	02:43:47.101	0.57181	0.57182			6
2026.04.03	02:43:47.400		0.57183			4
2026.04.03	02:43:48.303		0.57184			4
2026.04.03	02:44:00.032	0.57181				2
2026.04.03	02:44:26.816		0.57185			4
2026.04.03	02:44:47.277	0.57182				2
2026.04.03	02:45:00.203	0.57182				2
2026.04.03	02:45:05.313		0.57184			4
2026.04.03	02:45:15.237	0.57180	0.57183			6
2026.04.03	02:45:15.537		0.57182			4
2026.04.03	02:45:16.138		0.57183			4
2026.04.03	02:45:17.038	0.57179				2
2026.04.03	02:45:36.586	0.57178	0.57182			6
2026.04.03	02:45:37.488	0.57177	0.57181			6
2026.04.03	02:45:56.755	0.57176	0.57180			6
2026.04.03	02:46:00.068	0.57176				2
2026.04.03	02:46:13.893	0.57177	0.57181			6
2026.04.03	02:46:19.905	0.57176	0.57180			6
2026.04.03	02:46:30.432	0.57177				2
2026.04.03	02:46:32.239		0.57181			4
2026.04.03	02:46:35.545	0.57175	0.57179			6
2026.04.03	02:46:35.847	0.57176				2
2026.04.03	02:47:00.214	0.57176				2
2026.04.03	02:47:01.715	0.57174	0.57178			6
2026.04.03	02:47:04.721	0.57175				2
2026.04.03	02:47:05.020	0.57174				2
2026.04.03	02:47:14.334	0.57179	0.57180			6
2026.04.03	02:47:21.558	0.57174	0.57178			6
2026.04.03	02:47:22.158	0.57173	0.57177			6
2026.04.03	02:47:29.377	0.57174	0.57178			6
2026.04.03	02:47:47.411		0.57177			4
2026.04.03	02:47:49.213	0.57173				2
2026.04.03	02:47:50.420	0.57174				2
2026.04.03	02:48:00.050	0.57174				2
2026.04.03	02:48:12.370		0.57176			4
2026.04.03	02:48:13.272		0.57177			4
2026.04.03	02:48:18.382		0.57176			4
2026.04.03	02:48:57.173	0.57175	0.57177			6
2026.04.03	02:49:00.179	0.57175				2
2026.04.03	02:49:02.280	0.57174				2
2026.04.03	02:49:06.188	0.57175	0.57178			6
2026.04.03	02:49:07.387	0.57174				2
2026.04.03	02:49:11.299	0.57175	0.57179			6
2026.04.03	02:49:13.705	0.57176	0.57180			6
2026.04.03	02:49:17.617	0.57177				2
2026.04.03	02:50:00.018	0.57177				2
2026.04.03	02:50:04.523		0.57181			4
2026.04.03	02:50:27.681	0.57176	0.57180			6
2026.04.03	02:50:27.978	0.57175	0.57179			6
2026.04.03	02:51:00.141	0.57175				2
2026.04.03	02:51:14.280		0.57178			4
2026.04.03	02:51:18.189	0.57174				2
2026.04.03	02:51:18.491	0.57173	0.57177			6
2026.04.03	02:51:24.214		0.57176			4
2026.04.03	02:51:26.325		0.57177			4
2026.04.03	02:51:29.030		0.57176			4
2026.04.03	02:51:59.399		0.57177			4
2026.04.03	02:52:00.304	0.57173				2
2026.04.03	02:52:04.218	0.57174	0.57178			6
2026.04.03	02:52:04.818	0.57175				2
2026.04.03	02:52:05.120	0.57174				2
2026.04.03	02:52:29.177		0.57177			4
2026.04.03	02:52:54.734	0.57173	0.57176			6
2026.04.03	02:53:00.155	0.57173				2
2026.04.03	02:53:05.576	0.57172	0.57175			6
2026.04.03	02:53:17.000	0.57171	0.57174			6
2026.04.03	02:53:33.241	0.57172				2
2026.04.03	02:53:35.349	0.57171				2
2026.04.03	02:53:39.261	0.57172				2
2026.04.03	02:54:00.011	0.57172				2
2026.04.03	02:54:16.247	0.57174	0.57176			6
2026.04.03	02:54:17.148	0.57173				2
2026.04.03	02:54:17.750	0.57171	0.57174			6
2026.04.03	02:54:20.152	0.57170	0.57173			6
2026.04.03	02:54:21.352		0.57174			4
2026.04.03	02:54:24.364		0.57173			4
2026.04.03	02:54:46.328	0.57171				2
2026.04.03	02:55:00.159	0.57171				2
2026.04.03	02:55:10.379	0.57172				2
2026.04.03	02:55:10.985		0.57174			4
2026.04.03	02:55:11.285		0.57173			4
2026.04.03	02:55:11.585	0.57171				2
2026.04.03	02:55:15.492	0.57172				2
2026.04.03	02:55:18.801	0.57171				2
2026.04.03	02:55:47.078	0.57172	0.57174			6
2026.04.03	02:55:48.577	0.57171	0.57173			6
2026.04.03	02:55:48.878	0.57172				2
2026.04.03	02:55:49.180	0.57171				2
2026.04.03	02:55:56.692	0.57172	0.57174			6
2026.04.03	02:56:00.002	0.57172				2
2026.04.03	02:56:01.800	0.57171	0.57173			6
2026.04.03	02:56:06.311	0.57172	0.57174			6
2026.04.03	02:56:06.608	0.57175	0.57176			6
2026.04.03	02:56:06.909	0.57176	0.57177			6
2026.04.03	02:56:07.211	0.57175				2
2026.04.03	02:56:08.414	0.57174				2
2026.04.03	02:56:15.030	0.57175	0.57178			6
2026.04.03	02:56:28.258	0.57176				2
2026.04.03	02:56:43.598	0.57175	0.57177			6
2026.04.03	02:56:43.901	0.57174	0.57176			6
2026.04.03	02:56:44.201		0.57177			4
2026.04.03	02:56:45.405	0.57173				2
2026.04.03	02:56:47.210	0.57174				2
2026.04.03	02:56:54.126	0.57171	0.57174			6
2026.04.03	02:56:55.333		0.57175			4
2026.04.03	02:57:00.148	0.57171				2
2026.04.03	02:57:18.496		0.57172			4
2026.04.03	02:57:18.799		0.57175			4
2026.04.03	02:57:19.101		0.57172			4
2026.04.03	02:57:19.401		0.57175			4
2026.04.03	02:57:19.701		0.57172			4
2026.04.03	02:57:20.002		0.57175			4
2026.04.03	02:57:20.303		0.57172			4
2026.04.03	02:57:20.603		0.57175			4
2026.04.03	02:57:20.904		0.57172			4
2026.04.03	02:57:21.506		0.57175			4
2026.04.03	02:57:21.805		0.57172			4
2026.04.03	02:57:22.108		0.57175			4
2026.04.03	02:57:35.339		0.57174			4
2026.04.03	02:57:48.587		0.57173			4
2026.04.03	02:57:48.887	0.57172	0.57174			6
2026.04.03	02:57:49.187	0.57171	0.57173			6
2026.04.03	02:57:49.489	0.57172	0.57174			6
2026.04.03	02:57:49.791	0.57171	0.57173			6
2026.04.03	02:57:50.088	0.57170				2
2026.04.03	02:57:50.390		0.57171			4
2026.04.03	02:57:50.695		0.57173			4
2026.04.03	02:57:50.997		0.57171			4
2026.04.03	02:57:51.299		0.57174			4
2026.04.03	02:57:51.901		0.57171			4
2026.04.03	02:57:52.198		0.57174			4
2026.04.03	02:57:55.508	0.57168	0.57172			6
2026.04.03	02:58:00.015	0.57168				2
2026.04.03	02:58:00.315	0.57165	0.57169			6
2026.04.03	02:58:01.518		0.57168			4
2026.04.03	02:58:04.220	0.57164				2
2026.04.03	02:58:06.627	0.57165	0.57169			6
2026.04.03	02:58:16.558	0.57164	0.57168			6
2026.04.03	02:58:30.090	0.57165	0.57169			6
2026.04.03	02:58:37.022	0.57166	0.57170			6
2026.04.03	02:58:48.138	0.57167	0.57171			6
2026.04.03	02:58:50.242	0.57166	0.57170			6
2026.04.03	02:58:50.543	0.57167	0.57171			6
2026.04.03	02:58:54.157		0.57170			4
2026.04.03	02:58:57.767		0.57171			4
2026.04.03	02:59:00.177	0.57167				2
2026.04.03	02:59:28.133		0.57170			4
2026.04.03	02:59:49.187	0.57168				2
2026.04.03	02:59:50.989	0.57167	0.57169			6
2026.04.03	02:59:54.594	0.57168	0.57170			6
2026.04.03	02:59:59.100		0.57171			4
2026.04.03	03:00:00.001	0.57168				2
2026.04.03	03:00:01.203		0.57170			4
2026.04.03	03:00:02.405	0.57167				2
2026.04.03	03:00:04.209	0.57169	0.57172			6
2026.04.03	03:00:04.506	0.57168	0.57171			6
2026.04.03	03:00:05.409	0.57167				2
2026.04.03	03:00:08.414	0.57169	0.57173			6
2026.04.03	03:00:09.315	0.57168	0.57172			6
2026.04.03	03:00:11.421	0.57167	0.57171			6
2026.04.03	03:00:13.225	0.57168	0.57172			6
2026.04.03	03:00:21.352	0.57167	0.57171			6
2026.04.03	03:00:30.374	0.57168	0.57172			6
2026.04.03	03:00:33.978	0.57169	0.57173			6
2026.04.03	03:00:34.279	0.57168	0.57172			6
2026.04.03	03:00:35.178	0.57172	0.57176			6
2026.04.03	03:00:36.979	0.57173	0.57177			6
2026.04.03	03:00:41.487	0.57177	0.57181			6
2026.04.03	03:00:41.786	0.57178	0.57182			6
2026.04.03	03:00:56.218	0.57180	0.57184			6
2026.04.03	03:00:56.521	0.57182	0.57186			6
2026.04.03	03:01:00.124	0.57182				2
2026.04.03	03:01:00.426	0.57181	0.57185			6
2026.04.03	03:01:01.327	0.57182	0.57186			6
2026.04.03	03:01:03.431	0.57185	0.57189			6
2026.04.03	03:01:03.729	0.57187	0.57191			6
2026.04.03	03:01:11.548	0.57185	0.57189			6
2026.04.03	03:01:14.552	0.57186	0.57190			6
2026.04.03	03:01:19.665	0.57187	0.57191			6
2026.04.03	03:01:19.966	0.57186	0.57190			6
2026.04.03	03:01:25.077	0.57187	0.57191			6
2026.04.03	03:01:31.688	0.57186	0.57190			6
2026.04.03	03:01:35.305	0.57188	0.57192			6
2026.04.03	03:01:35.906	0.57190	0.57194			6
2026.04.03	03:01:41.620	0.57191				2
2026.04.03	03:01:42.226	0.57190				2
2026.04.03	03:01:42.528	0.57191				2
2026.04.03	03:01:43.167	0.57190	0.57193			6
2026.04.03	03:01:43.467		0.57194			4
2026.04.03	03:01:43.767	0.57191	0.57195			6
2026.04.03	03:01:44.067	0.57199	0.57202			6
2026.04.03	03:01:44.368	0.57200				2
2026.04.03	03:01:44.668		0.57204			4
2026.04.03	03:01:44.970	0.57203	0.57207			6
2026.04.03	03:01:45.270	0.57202	0.57206			6
2026.04.03	03:01:48.275	0.57200	0.57204			6
2026.04.03	03:01:48.875	0.57199	0.57203			6
2026.04.03	03:01:49.176	0.57201	0.57205			6
2026.04.03	03:01:49.476	0.57203	0.57207			6
2026.04.03	03:01:50.683	0.57202	0.57206			6
2026.04.03	03:01:53.688	0.57203	0.57207			6
2026.04.03	03:01:54.591	0.57202	0.57206			6
2026.04.03	03:01:58.802	0.57200	0.57204			6
2026.04.03	03:02:00.003	0.57200				2
2026.04.03	03:02:03.011	0.57196	0.57200			6
2026.04.03	03:02:07.221	0.57195	0.57199			6
2026.04.03	03:02:20.141		0.57198			4
2026.04.03	03:02:30.660	0.57194				2
2026.04.03	03:02:32.765	0.57193	0.57195			6
2026.04.03	03:02:33.064	0.57190	0.57194			6
2026.04.03	03:02:36.973	0.57187	0.57191			6
2026.04.03	03:02:37.273	0.57186	0.57189			6
2026.04.03	03:02:39.074		0.57190			4
2026.04.03	03:02:41.477		0.57189			4
2026.04.03	03:02:53.798		0.57190			4
2026.04.03	03:03:00.114	0.57186				2
2026.04.03	03:03:06.432	0.57185	0.57189			6
2026.04.03	03:03:08.238	0.57186	0.57190			6
2026.04.03	03:03:13.351	0.57187				2
2026.04.03	03:03:13.652	0.57188	0.57191			6
2026.04.03	03:03:14.553	0.57189	0.57193			6
2026.04.03	03:03:14.854	0.57190	0.57194			6
2026.04.03	03:03:31.400		0.57193			4
2026.04.03	03:03:42.217	0.57191				2
2026.04.03	03:03:46.122	0.57190				2
2026.04.03	03:03:48.530		0.57192			4
2026.04.03	03:03:48.830	0.57187	0.57191			6
2026.04.03	03:03:53.338	0.57186	0.57190			6
2026.04.03	03:03:53.637	0.57185	0.57189			6
2026.04.03	03:03:53.938		0.57188			4
2026.04.03	03:03:54.839		0.57187			4
2026.04.03	03:03:55.440		0.57188			4
2026.04.03	03:03:56.944	0.57186				2
2026.04.03	03:03:57.243	0.57185	0.57187			6
2026.04.03	03:03:57.845		0.57188			4
2026.04.03	03:03:58.451		0.57187			4
2026.04.03	03:03:58.752		0.57188			4
2026.04.03	03:04:00.253	0.57185				2
2026.04.03	03:04:08.974	0.57186	0.57190			6
2026.04.03	03:04:14.381	0.57187				2
2026.04.03	03:04:25.217	0.57189	0.57191			6
2026.04.03	03:04:26.118		0.57193			4
2026.04.03	03:04:27.321	0.57190				2
2026.04.03	03:04:31.834	0.57189	0.57192			6
2026.04.03	03:04:36.341	0.57190	0.57193			6
2026.04.03	03:04:38.751		0.57192			4
2026.04.03	03:04:41.155		0.57193			4
2026.04.03	03:04:44.474	0.57191	0.57194			6
2026.04.03	03:04:53.784	0.57190	0.57193			6
2026.04.03	03:04:55.585	0.57191	0.57194			6
2026.04.03	03:04:55.886	0.57190	0.57193			6
2026.04.03	03:04:56.790	0.57189	0.57192			6
2026.04.03	03:04:57.090	0.57187	0.57190			6
2026.04.03	03:05:00.100	0.57187				2
2026.04.03	03:05:02.803	0.57186	0.57189			6
2026.04.03	03:05:04.305	0.57185	0.57188			6
2026.04.03	03:05:10.316	0.57184	0.57187			6
2026.04.03	03:05:10.917	0.57185	0.57188			6
2026.04.03	03:05:22.048	0.57184	0.57187			6
2026.04.03	03:05:24.149	0.57185	0.57188			6
2026.04.03	03:05:25.351	0.57184	0.57187			6
2026.04.03	03:05:28.359	0.57185	0.57188			6
2026.04.03	03:05:34.977	0.57186	0.57189			6
2026.04.03	03:05:47.310	0.57187				2
2026.04.03	03:05:57.832	0.57189	0.57191			6
2026.04.03	03:05:58.135		0.57192			4
2026.04.03	03:06:00.243	0.57189				2
2026.04.03	03:06:00.844	0.57190	0.57193			6
2026.04.03	03:06:05.358	0.57191				2
2026.04.03	03:06:16.485	0.57190	0.57192			6
2026.04.03	03:06:17.385	0.57191	0.57193			6
2026.04.03	03:06:17.687	0.57190	0.57192			6
2026.04.03	03:06:20.401	0.57191	0.57193			6
2026.04.03	03:06:40.232	0.57190	0.57192			6
2026.04.03	03:06:44.445	0.57191	0.57193			6
2026.04.03	03:06:53.775	0.57190	0.57192			6
2026.04.03	03:06:56.485	0.57191	0.57193			6
2026.04.03	03:06:58.298	0.57190	0.57192			6
2026.04.03	03:07:00.103	0.57190				2
2026.04.03	03:07:10.028	0.57191	0.57193			6
2026.04.03	03:07:14.241	0.57190	0.57192			6
2026.04.03	03:07:14.541	0.57191	0.57193			6
2026.04.03	03:07:20.258	0.57190	0.57192			6
2026.04.03	03:07:26.876	0.57191	0.57193			6
2026.04.03	03:07:34.998	0.57190	0.57192			6
2026.04.03	03:07:35.899	0.57191	0.57193			6
2026.04.03	03:07:38.301		0.57192			4
2026.04.03	03:07:41.305		0.57193			4
2026.04.03	03:07:42.506	0.57192				2
2026.04.03	03:07:50.020	0.57191	0.57192			6
2026.04.03	03:07:50.622	0.57192	0.57193			6
2026.04.03	03:07:54.533		0.57194			4
2026.04.03	03:08:00.245	0.57192				2
2026.04.03	03:08:02.652		0.57193			4
2026.04.03	03:08:02.953	0.57191				2
2026.04.03	03:08:15.284		0.57192			4
2026.04.03	03:08:17.989	0.57192	0.57193			6
2026.04.03	03:08:21.601	0.57190	0.57192			6
2026.04.03	03:08:22.502	0.57192	0.57193			6
2026.04.03	03:08:27.320	0.57191				2
2026.04.03	03:08:29.121		0.57192			4
2026.04.03	03:08:29.421	0.57190				2
2026.04.03	03:08:42.044	0.57191				2
2026.04.03	03:08:44.445	0.57192	0.57193			6
2026.04.03	03:08:46.248	0.57191	0.57192			6
2026.04.03	03:08:52.857	0.57192	0.57193			6
2026.04.03	03:08:57.975	0.57191	0.57192			6
2026.04.03	03:09:00.075	0.57191				2
2026.04.03	03:09:04.884	0.57190				2
2026.04.03	03:09:28.330	0.57189	0.57191			6
2026.04.03	03:09:28.932	0.57190				2
2026.04.03	03:09:29.835	0.57189				2
2026.04.03	03:09:34.049	0.57190				2
2026.04.03	03:09:34.950	0.57189				2
2026.04.03	03:09:43.068	0.57190				2
2026.04.03	03:09:43.370	0.57189				2
2026.04.03	03:09:44.872	0.57191	0.57192			6
2026.04.03	03:09:45.173	0.57190	0.57191			6
2026.04.03	03:09:48.175		0.57192			4
2026.04.03	03:09:49.377		0.57191			4
2026.04.03	03:09:49.675	0.57189	0.57190			6
2026.04.03	03:10:00.211	0.57189				2
2026.04.03	03:10:00.513		0.57191			4
2026.04.03	03:10:03.217		0.57190			4
2026.04.03	03:10:05.320	0.57190	0.57192			6
2026.04.03	03:10:10.125	0.57189	0.57191			6
2026.04.03	03:10:10.426	0.57190	0.57192			6
2026.04.03	03:10:10.726	0.57189	0.57191			6
2026.04.03	03:10:20.053	0.57190				2
2026.04.03	03:10:23.660	0.57189				2
2026.04.03	03:10:29.673	0.57188	0.57190			6
2026.04.03	03:10:41.385	0.57189	0.57191			6
2026.04.03	03:10:48.303	0.57190	0.57192			6
2026.04.03	03:11:00.029	0.57190				2
2026.04.03	03:11:03.334	0.57188	0.57190			6
2026.04.03	03:11:17.171	0.57187				2
2026.04.03	03:11:18.374		0.57189			4
2026.04.03	03:11:57.466	0.57188	0.57190			6
2026.04.03	03:12:00.175	0.57188				2
2026.04.03	03:12:01.076	0.57189	0.57191			6
2026.04.03	03:12:02.278	0.57188	0.57190			6
2026.04.03	03:12:07.689	0.57189	0.57191			6
2026.04.03	03:12:13.701	0.57190	0.57192			6
2026.04.03	03:12:14.002	0.57189	0.57191			6
2026.04.03	03:12:15.503	0.57190	0.57192			6
2026.04.03	03:12:24.513	0.57189	0.57191			6
2026.04.03	03:12:36.226	0.57188	0.57190			6
2026.04.03	03:12:37.729	0.57189	0.57191			6
2026.04.03	03:12:38.631	0.57188	0.57190			6
2026.04.03	03:13:00.283	0.57188				2
2026.04.03	03:13:01.183	0.57186	0.57188			6
2026.04.03	03:13:02.686	0.57185	0.57187			6
2026.04.03	03:13:12.916	0.57186	0.57188			6
2026.04.03	03:13:16.524	0.57185	0.57187			6
2026.04.03	03:13:26.155	0.57186	0.57188			6
2026.04.03	03:13:29.765	0.57185	0.57187			6
2026.04.03	03:13:44.189	0.57186	0.57188			6
2026.04.03	03:13:44.489	0.57185	0.57187			6
2026.04.03	03:13:55.009	0.57186	0.57188			6
2026.04.03	03:13:56.213	0.57185	0.57187			6
2026.04.03	03:14:00.120	0.57185				2
2026.04.03	03:14:01.922	0.57186	0.57188			6
2026.04.03	03:14:02.524	0.57185	0.57187			6
2026.04.03	03:14:10.035	0.57186	0.57188			6
2026.04.03	03:14:48.532	0.57185	0.57187			6
2026.04.03	03:15:00.265	0.57185				2
2026.04.03	03:15:19.497	0.57186				2
2026.04.03	03:15:19.797	0.57187	0.57188			6
2026.04.03	03:15:23.705	0.57186	0.57187			6
2026.04.03	03:15:24.909	0.57187	0.57188			6
2026.04.03	03:15:25.210	0.57186				2
2026.04.03	03:15:30.016	0.57185	0.57187			6
2026.04.03	03:15:54.679	0.57186	0.57188			6
2026.04.03	03:15:57.385		0.57187			4
2026.04.03	03:16:00.090	0.57186				2
2026.04.03	03:16:01.592		0.57188			4
2026.04.03	03:16:05.198	0.57190	0.57192			6
2026.04.03	03:16:06.101	0.57189	0.57193			6
2026.04.03	03:16:10.610	0.57188	0.57192			6
2026.04.03	03:16:16.024	0.57186	0.57190			6
2026.04.03	03:16:22.031	0.57185	0.57189			6
2026.04.03	03:16:24.443	0.57187				2
2026.04.03	03:16:24.743	0.57185	0.57188			6
2026.04.03	03:16:34.074	0.57184				2
2026.04.03	03:16:34.975	0.57183	0.57187			6
2026.04.03	03:16:48.810	0.57184	0.57188			6
2026.04.03	03:16:56.328	0.57185				2
2026.04.03	03:17:00.246	0.57185				2
2026.04.03	03:17:00.546		0.57189			4
2026.04.03	03:17:00.848	0.57186	0.57190			6
2026.04.03	03:17:16.202	0.57187				2
2026.04.03	03:17:21.616	0.57186	0.57189			6
2026.04.03	03:17:46.285	0.57187				2
2026.04.03	03:17:48.386	0.57186	0.57188			6
2026.04.03	03:17:49.287	0.57185				2
2026.04.03	03:17:50.489	0.57186	0.57189			6
2026.04.03	03:17:56.503	0.57185	0.57188			6
2026.04.03	03:18:00.110	0.57185				2
2026.04.03	03:18:01.310	0.57186				2
2026.04.03	03:18:10.638	0.57185	0.57187			6
2026.04.03	03:18:32.286	0.57186	0.57188			6
2026.04.03	03:18:33.191	0.57185	0.57187			6
2026.04.03	03:18:35.300	0.57186	0.57188			6
2026.04.03	03:18:40.413	0.57185	0.57187			6
2026.04.03	03:18:53.335	0.57186				2
2026.04.03	03:19:00.267	0.57186				2
2026.04.03	03:19:32.431	0.57185				2
2026.04.03	03:19:40.553		0.57187			4
2026.04.03	03:20:00.105	0.57185				2
2026.04.03	03:20:00.405	0.57181	0.57183			6
2026.04.03	03:20:02.215	0.57180	0.57184			6
2026.04.03	03:20:10.342	0.57179	0.57183			6
2026.04.03	03:20:12.150	0.57180				2
2026.04.03	03:20:18.169		0.57182			4
2026.04.03	03:20:21.475	0.57181				2
2026.04.03	03:20:25.981	0.57178	0.57180			6
2026.04.03	03:20:26.881	0.57179				2
2026.04.03	03:20:27.182		0.57181			4
2026.04.03	03:20:28.383	0.57177	0.57180			6
2026.04.03	03:20:32.152	0.57176				2
2026.04.03	03:20:32.753	0.57177				2
2026.04.03	03:20:38.174	0.57176				2
2026.04.03	03:21:00.133	0.57176				2
2026.04.03	03:21:04.339	0.57175	0.57179			6
2026.04.03	03:21:04.939	0.57176				2
2026.04.03	03:21:05.239	0.57175				2
2026.04.03	03:21:07.040	0.57173	0.57175			6
2026.04.03	03:21:07.341		0.57174			4
2026.04.03	03:21:08.850	0.57178	0.57179			6
2026.04.03	03:21:09.144	0.57179	0.57180			6
2026.04.03	03:21:10.337		0.57182			4
2026.04.03	03:21:14.286	0.57181	0.57184			6
2026.04.03	03:21:16.395	0.57182				2
2026.04.03	03:21:28.717	0.57181				2
2026.04.03	03:21:32.622		0.57185			4
2026.04.03	03:21:34.076	0.57180	0.57184			6
2026.04.03	03:21:36.786		0.57183			4
2026.04.03	03:21:37.086		0.57184			4
2026.04.03	03:21:44.128	0.57181				2
2026.04.03	03:21:46.230	0.57183				2
2026.04.03	03:21:46.530		0.57185			4
2026.04.03	03:21:53.880	0.57182				2
2026.04.03	03:21:56.376	0.57181				2
2026.04.03	03:22:01.100	0.57181				2
2026.04.03	03:22:14.399	0.57184	0.57187			6
2026.04.03	03:22:17.704		0.57188			4
2026.04.03	03:22:24.578	0.57183	0.57185			6
2026.04.03	03:22:24.879	0.57181				2
2026.04.03	03:22:26.080	0.57182	0.57186			6
2026.04.03	03:22:36.006		0.57185			4
2026.04.03	03:22:36.306		0.57186			4
2026.04.03	03:22:46.228	0.57179	0.57183			6
2026.04.03	03:22:53.136	0.57180	0.57184			6
2026.04.03	03:23:00.058	0.57180				2
2026.04.03	03:23:01.271	0.57183	0.57185			6
2026.04.03	03:23:04.112		0.57186			4
2026.04.03	03:23:15.376		0.57185			4
2026.04.03	03:23:17.480		0.57186			4
2026.04.03	03:23:24.116	0.57182				2
2026.04.03	03:23:24.415	0.57184				2
2026.04.03	03:23:25.619		0.57185			4
2026.04.03	03:23:25.920		0.57186			4
2026.04.03	03:23:30.125		0.57185			4
2026.04.03	03:23:33.428	0.57182				2
2026.04.03	03:23:53.874		0.57184			4
2026.04.03	03:23:55.978		0.57185			4
2026.04.03	03:23:57.183	0.57184	0.57187			6
2026.04.03	03:24:00.190	0.57184				2
2026.04.03	03:24:05.305	0.57185	0.57188			6
2026.04.03	03:24:08.607	0.57184	0.57187			6
2026.04.03	03:24:08.907	0.57185	0.57188			6
2026.04.03	03:24:16.429	0.57184	0.57187			6
2026.04.03	03:24:41.713	0.57185	0.57188			6
2026.04.03	03:24:46.219		0.57187			4
2026.04.03	03:24:50.727	0.57186	0.57188			6
2026.04.03	03:24:52.533	0.57185	0.57187			6
2026.04.03	03:24:53.432	0.57184	0.57186			6
2026.04.03	03:24:54.034	0.57183	0.57185			6
2026.04.03	03:24:54.337	0.57182				2
2026.04.03	03:24:59.154	0.57183				2
2026.04.03	03:25:00.052	0.57183				2
2026.04.03	03:25:17.499	0.57184	0.57186			6
2026.04.03	03:25:24.120		0.57185			4
2026.04.03	03:25:36.438	0.57183				2
2026.04.03	03:25:42.753	0.57182	0.57184			6
2026.04.03	03:25:52.376	0.57183				2
2026.04.03	03:26:00.197	0.57183				2
2026.04.03	03:26:02.298	0.57182				2
2026.04.03	03:26:05.305	0.57183				2
2026.04.03	03:26:09.511		0.57185			4
2026.04.03	03:26:10.417	0.57179	0.57181			6
2026.04.03	03:26:10.713		0.57180			4
2026.04.03	03:26:11.312	0.57178	0.57181			6
2026.04.03	03:26:17.387	0.57179	0.57182			6
2026.04.03	03:26:21.380	0.57178				2
2026.04.03	03:26:21.681		0.57181			4
2026.04.03	03:26:28.298		0.57180			4
2026.04.03	03:26:29.499	0.57177				2
2026.04.03	03:26:33.707	0.57180	0.57183			6
2026.04.03	03:26:34.309		0.57184			4
2026.04.03	03:26:34.609	0.57179	0.57183			6
2026.04.03	03:26:50.253	0.57180				2
2026.04.03	03:27:00.179	0.57180				2
2026.04.03	03:27:08.293		0.57182			4
2026.04.03	03:27:10.398	0.57182	0.57184			6
2026.04.03	03:27:12.203		0.57185			4
2026.04.03	03:27:13.090		0.57184			4
2026.04.03	03:27:14.291	0.57183				2
2026.04.03	03:27:14.593		0.57185			4
2026.04.03	03:27:16.867	0.57182				2
2026.04.03	03:27:20.099	0.57184				2
2026.04.03	03:27:20.400	0.57182				2
2026.04.03	03:27:27.310	0.57183	0.57186			6
2026.04.03	03:27:50.155	0.57184				2
2026.04.03	03:27:59.476	0.57183	0.57185			6
2026.04.03	03:28:00.076	0.57183				2
2026.04.03	03:28:09.103	0.57184	0.57186			6
2026.04.03	03:28:52.085	0.57181	0.57182			6
2026.04.03	03:28:53.286	0.57180	0.57183			6
2026.04.03	03:29:00.200	0.57180				2
2026.04.03	03:29:05.912	0.57179	0.57182			6
2026.04.03	03:29:18.230	0.57180				2
2026.04.03	03:29:43.511	0.57181				2
2026.04.03	03:29:56.743	0.57180				2
2026.04.03	03:29:59.149	0.57181				2
2026.04.03	03:29:59.751	0.57180				2
2026.04.03	03:30:00.051	0.57180				2
2026.04.03	03:30:06.075		0.57182			4
2026.04.03	03:30:09.683	0.57181	0.57183			6
2026.04.03	03:30:12.987	0.57180	0.57182			6
2026.04.03	03:30:13.888		0.57181			4
2026.04.03	03:30:22.904	0.57179				2
2026.04.03	03:30:23.206	0.57180				2
2026.04.03	03:30:23.505	0.57178	0.57180			6
2026.04.03	03:30:24.106	0.57179				2
2026.04.03	03:30:24.408		0.57181			4
2026.04.03	03:30:29.817		0.57180			4
2026.04.03	03:30:33.721	0.57178				2
2026.04.03	03:30:34.624	0.57179				2
2026.04.03	03:30:51.754	0.57178				2
2026.04.03	03:31:00.179	0.57178				2
2026.04.03	03:31:02.281	0.57179				2
2026.04.03	03:31:03.783	0.57178				2
2026.04.03	03:31:04.685		0.57179			4
2026.04.03	03:31:05.589		0.57180			4
2026.04.03	03:31:07.393		0.57179			4
2026.04.03	03:31:08.596	0.57177				2
2026.04.03	03:31:08.898	0.57178	0.57180			6
2026.04.03	03:31:13.108	0.57179				2
2026.04.03	03:31:15.213	0.57178				2
2026.04.03	03:31:15.514	0.57179				2
2026.04.03	03:31:32.357	0.57178				2
2026.04.03	03:31:41.978	0.57179				2
2026.04.03	03:31:42.280		0.57181			4
2026.04.03	03:31:44.082	0.57180				2
2026.04.03	03:31:44.383	0.57179				2
2026.04.03	03:31:44.684	0.57178	0.57180			6
2026.04.03	03:31:47.995	0.57179				2
2026.04.03	03:31:48.295	0.57178				2
2026.04.03	03:31:51.001	0.57180	0.57181			6
2026.04.03	03:32:00.012	0.57180				2
2026.04.03	03:32:05.423	0.57182	0.57183			6
2026.04.03	03:32:05.723	0.57180	0.57181			6
2026.04.03	03:32:13.539	0.57178	0.57180			6
2026.04.03	03:32:24.058	0.57180	0.57181			6
2026.04.03	03:32:24.358		0.57182			4
2026.04.03	03:32:26.169	0.57182	0.57183			6
2026.04.03	03:32:26.470	0.57180	0.57182			6
2026.04.03	03:32:26.771	0.57182	0.57183			6
2026.04.03	03:32:27.372	0.57181				2
2026.04.03	03:32:37.897	0.57182				2
2026.04.03	03:32:45.714	0.57181				2
2026.04.03	03:32:57.738		0.57182			4
2026.04.03	03:33:00.145	0.57181				2
2026.04.03	03:33:01.350	0.57180				2
2026.04.03	03:33:06.161	0.57181	0.57183			6
2026.04.03	03:33:08.871	0.57182	0.57184			6
2026.04.03	03:33:10.976	0.57189	0.57191			6
2026.04.03	03:33:11.275	0.57186	0.57189			6
2026.04.03	03:33:11.575	0.57185	0.57188			6
2026.04.03	03:33:16.685	0.57186				2
2026.04.03	03:33:16.993	0.57184				2
2026.04.03	03:33:34.592	0.57185				2
2026.04.03	03:33:42.709		0.57187			4
2026.04.03	03:33:46.921	0.57184				2
2026.04.03	03:34:00.168	0.57184				2
2026.04.03	03:34:03.776	0.57186				2
2026.04.03	03:34:04.377	0.57184				2
2026.04.03	03:34:04.677	0.57186				2
2026.04.03	03:34:05.105	0.57184				2
2026.04.03	03:34:05.705	0.57186				2
2026.04.03	03:34:06.106	0.57184				2
2026.04.03	03:34:06.708	0.57186				2
2026.04.03	03:34:07.108	0.57184				2
2026.04.03	03:34:29.348	0.57185				2
2026.04.03	03:34:35.557		0.57188			4
2026.04.03	03:35:01.263	0.57185				2
2026.04.03	03:35:07.131	0.57186				2
2026.04.03	03:35:07.432		0.57187			4
2026.04.03	03:35:07.732		0.57188			4
2026.04.03	03:35:08.213		0.57187			4
2026.04.03	03:35:08.814		0.57188			4
2026.04.03	03:35:09.716		0.57187			4
2026.04.03	03:35:11.219		0.57188			4
2026.04.03	03:35:13.322	0.57188	0.57190			6
2026.04.03	03:35:14.222	0.57187	0.57189			6
2026.04.03	03:35:14.522	0.57186				2
2026.04.03	03:35:18.119	0.57187				2
2026.04.03	03:35:22.329	0.57188	0.57190			6
2026.04.03	03:35:25.533		0.57189			4
2026.04.03	03:35:29.396		0.57190			4
2026.04.03	03:35:35.405	0.57189	0.57191			6
2026.04.03	03:35:39.312	0.57191	0.57192			6
2026.04.03	03:35:39.611	0.57192	0.57193			6
2026.04.03	03:35:39.913	0.57191				2
2026.04.03	03:35:40.213	0.57190				2
2026.04.03	03:35:48.390	0.57188	0.57190			6
2026.04.03	03:35:50.529	0.57187				2
2026.04.03	03:35:54.659		0.57189			4
2026.04.03	03:35:56.136	0.57185	0.57188			6
2026.04.03	03:35:57.686	0.57186				2
2026.04.03	03:36:00.090	0.57186				2
2026.04.03	03:36:06.109	0.57185	0.57187			6
2026.04.03	03:36:06.410	0.57182	0.57184			6
2026.04.03	03:36:13.467	0.57183				2
2026.04.03	03:36:15.271		0.57185			4
2026.04.03	03:36:27.327		0.57186			4
2026.04.03	03:36:34.327	0.57182				2
2026.04.03	03:36:34.629	0.57183				2
2026.04.03	03:36:50.733		0.57185			4
2026.04.03	03:37:01.107	0.57183				2
2026.04.03	03:37:37.790	0.57181	0.57183			6
2026.04.03	03:37:38.092	0.57180	0.57182			6
2026.04.03	03:37:38.391		0.57183			4
2026.04.03	03:37:39.593	0.57179	0.57182			6
2026.04.03	03:37:46.938		0.57181			4
2026.04.03	03:37:50.549	0.57178	0.57180			6
2026.04.03	03:38:00.175	0.57178				2
2026.04.03	03:38:09.201	0.57179				2
2026.04.03	03:38:12.813		0.57181			4
2026.04.03	03:38:34.170	0.57180				2
2026.04.03	03:38:57.626	0.57181	0.57182			6
2026.04.03	03:39:00.033	0.57181				2
2026.04.03	03:39:01.235	0.57180				2
2026.04.03	03:39:06.349	0.57181				2
2026.04.03	03:39:10.556	0.57180				2
2026.04.03	03:39:15.372	0.57183	0.57184			6
2026.04.03	03:39:15.672	0.57181	0.57183			6
2026.04.03	03:39:16.274		0.57182			4
2026.04.03	03:39:28.595	0.57180				2
2026.04.03	03:39:33.705	0.57181				2
2026.04.03	03:39:38.216	0.57180				2
2026.04.03	03:39:45.132		0.57181			4
2026.04.03	03:39:47.534	0.57181	0.57182			6
2026.04.03	03:39:52.947	0.57180				2
2026.04.03	03:40:00.176	0.57180				2
2026.04.03	03:40:00.477	0.57181				2
2026.04.03	03:40:05.899	0.57182	0.57183			6
2026.04.03	03:40:06.199	0.57185	0.57187			6
2026.04.03	03:40:07.101	0.57184	0.57188			6
2026.04.03	03:40:11.673	0.57185				2
2026.04.03	03:40:11.973	0.57184				2
2026.04.03	03:40:12.274	0.57185				2
2026.04.03	03:40:23.253	0.57184				2
2026.04.03	03:40:27.303		0.57187			4
2026.04.03	03:40:27.604	0.57183				2
2026.04.03	03:40:28.206	0.57182	0.57186			6
2026.04.03	03:40:30.313	0.57181	0.57185			6
2026.04.03	03:40:40.075		0.57184			4
2026.04.03	03:40:40.375	0.57180				2
2026.04.03	03:40:44.881		0.57183			4
2026.04.03	03:40:45.182	0.57179				2
2026.04.03	03:40:49.388	0.57178	0.57182			6
2026.04.03	03:41:00.212	0.57178				2
2026.04.03	03:41:07.130		0.57181			4
2026.04.03	03:41:08.330	0.57179	0.57182			6
2026.04.03	03:41:09.231		0.57183			4
2026.04.03	03:41:13.738		0.57182			4
2026.04.03	03:41:14.039		0.57183			4
2026.04.03	03:41:14.643	0.57181				2
2026.04.03	03:41:14.945	0.57179				2
2026.04.03	03:41:16.148	0.57181				2
2026.04.03	03:41:16.947	0.57179				2
2026.04.03	03:41:19.353		0.57182			4
2026.04.03	03:41:25.660	0.57178	0.57181			6
2026.04.03	03:41:30.469	0.57179	0.57182			6
2026.04.03	03:41:32.274		0.57181			4
2026.04.03	03:41:45.802	0.57180	0.57182			6
2026.04.03	03:41:52.412	0.57181	0.57183			6
2026.04.03	03:41:53.013	0.57182	0.57184			6
2026.04.03	03:41:53.313	0.57183	0.57185			6
2026.04.03	03:42:00.236	0.57183				2
2026.04.03	03:42:01.137		0.57184			4
2026.04.03	03:42:02.038	0.57182				2
2026.04.03	03:42:21.275	0.57184	0.57186			6
2026.04.03	03:42:22.177		0.57187			4
2026.04.03	03:42:22.477	0.57183	0.57186			6
2026.04.03	03:42:25.185	0.57184				2
2026.04.03	03:42:28.798	0.57183	0.57185			6
2026.04.03	03:42:29.098	0.57182	0.57186			6
2026.04.03	03:42:30.301		0.57185			4
2026.04.03	03:42:34.806	0.57183	0.57186			6
2026.04.03	03:42:35.406	0.57182				2
2026.04.03	03:42:41.117	0.57183	0.57187			6
2026.04.03	03:42:43.520	0.57182	0.57186			6
2026.04.03	03:42:45.022	0.57183	0.57187			6
2026.04.03	03:42:45.623	0.57182	0.57186			6
2026.04.03	03:42:48.329	0.57183	0.57187			6
2026.04.03	03:42:48.631	0.57182	0.57186			6
2026.04.03	03:42:56.499	0.57183	0.57187			6
2026.04.03	03:42:57.400		0.57186			4
2026.04.03	03:43:00.102	0.57183				2
2026.04.03	03:43:01.303	0.57182				2
2026.04.03	03:43:03.947	0.57183	0.57187			6
2026.04.03	03:43:06.329		0.57186			4
2026.04.03	03:43:11.437		0.57187			4
2026.04.03	03:43:12.741		0.57186			4
2026.04.03	03:43:14.251	0.57184				2
2026.04.03	03:43:18.459		0.57187			4
2026.04.03	03:43:18.759	0.57183				2
2026.04.03	03:43:20.909		0.57186			4
2026.04.03	03:43:21.210		0.57187			4
2026.04.03	03:43:22.290		0.57186			4
2026.04.03	03:43:28.934	0.57182				2
2026.04.03	03:43:30.436	0.57183				2
2026.04.03	03:43:32.241		0.57187			4
2026.04.03	03:43:33.445		0.57186			4
2026.04.03	03:43:38.254	0.57182				2
2026.04.03	03:43:41.574	0.57181	0.57185			6
2026.04.03	03:43:45.430	0.57182				2
2026.04.03	03:43:45.731	0.57181	0.57184			6
2026.04.03	03:43:46.333		0.57185			4
2026.04.03	03:43:49.342		0.57184			4
2026.04.03	03:44:00.170	0.57182				2
2026.04.03	03:44:05.876	0.57184	0.57186			6
2026.04.03	03:44:06.177	0.57183				2
2026.04.03	03:44:07.378	0.57184				2
2026.04.03	03:44:09.785	0.57183	0.57185			6
2026.04.03	03:44:10.085	0.57184	0.57186			6
2026.04.03	03:44:10.385		0.57185			4
2026.04.03	03:44:11.289	0.57183				2
2026.04.03	03:44:11.589		0.57186			4
2026.04.03	03:44:13.093		0.57185			4
2026.04.03	03:44:13.397	0.57184	0.57186			6
2026.04.03	03:44:24.221		0.57185			4
2026.04.03	03:44:27.828		0.57186			4
2026.04.03	03:44:40.758		0.57185			4
2026.04.03	03:44:44.365		0.57186			4
2026.04.03	03:44:54.290		0.57185			4
2026.04.03	03:44:55.798	0.57183				2
2026.04.03	03:44:56.098	0.57184				2
2026.04.03	03:44:58.807		0.57186			4
2026.04.03	03:45:00.014	0.57184				2
2026.04.03	03:45:00.916		0.57185			4
2026.04.03	03:45:01.817	0.57185	0.57186			6
2026.04.03	03:45:02.117	0.57184				2
2026.04.03	03:45:03.322	0.57185				2
2026.04.03	03:45:06.930	0.57184				2
2026.04.03	03:45:09.035	0.57185				2
2026.04.03	03:45:09.335	0.57186	0.57187			6
2026.04.03	03:45:10.538	0.57184	0.57186			6
2026.04.03	03:45:12.341	0.57185				2
2026.04.03	03:45:28.880	0.57184				2
2026.04.03	03:45:29.180	0.57185	0.57187			6
2026.04.03	03:45:43.786	0.57184	0.57186			6
2026.04.03	03:46:00.014	0.57184	0.57185			6
2026.04.03	03:46:00.616	0.57185	0.57186			6
2026.04.03	03:46:01.216	0.57184				2
2026.04.03	03:46:01.517	0.57185				2
2026.04.03	03:46:17.145		0.57187			4
2026.04.03	03:46:18.347	0.57186				2
2026.04.03	03:46:33.082	0.57185				2
2026.04.03	03:47:00.130	0.57185				2
2026.04.03	03:47:17.294		0.57187			4
2026.04.03	03:47:34.732	0.57186				2
2026.04.03	03:47:35.336	0.57185				2
2026.04.03	03:47:47.373	0.57186				2
2026.04.03	03:47:51.282	0.57187	0.57188			6
2026.04.03	03:47:53.084	0.57186	0.57187			6
2026.04.03	03:48:00.301	0.57186				2
2026.04.03	03:48:06.306		0.57188			4
2026.04.03	03:48:18.033		0.57187			4
2026.04.03	03:48:22.541	0.57185				2
2026.04.03	03:48:31.272	0.57186	0.57188			6
2026.04.03	03:48:32.474	0.57185	0.57187			6
2026.04.03	03:48:33.974	0.57186	0.57188			6
2026.04.03	03:48:36.376		0.57187			4
2026.04.03	03:48:38.781		0.57188			4
2026.04.03	03:48:43.898		0.57187			4
2026.04.03	03:48:44.198	0.57188	0.57190			6
2026.04.03	03:48:44.800	0.57186	0.57188			6
2026.04.03	03:48:45.402	0.57185				2
2026.04.03	03:48:53.187	0.57186				2
2026.04.03	03:48:53.488	0.57185				2
2026.04.03	03:48:54.093	0.57186				2
2026.04.03	03:49:00.102	0.57186				2
2026.04.03	03:49:26.274	0.57185	0.57186			6
2026.04.03	03:49:26.575	0.57184	0.57185			6
2026.04.03	03:49:27.176	0.57183	0.57186			6
2026.04.03	03:49:27.477	0.57182	0.57184			6
2026.04.03	03:49:32.275		0.57185			4
2026.04.03	03:49:32.575	0.57183	0.57186			6
2026.04.03	03:50:00.235	0.57183				2
2026.04.03	03:50:03.246	0.57184				2
2026.04.03	03:50:05.353	0.57183				2
2026.04.03	03:50:32.023		0.57185			4
2026.04.03	03:50:32.324		0.57186			4
2026.04.03	03:50:33.228		0.57185			4
2026.04.03	03:50:33.828		0.57186			4
2026.04.03	03:50:44.543	0.57184	0.57187			6
2026.04.03	03:50:44.845	0.57185				2
2026.04.03	03:50:45.144	0.57184				2
2026.04.03	03:50:45.445	0.57183				2
2026.04.03	03:50:46.445		0.57186			4
2026.04.03	03:50:47.330		0.57187			4
2026.04.03	03:50:51.065		0.57186			4
2026.04.03	03:50:54.089		0.57187			4
2026.04.03	03:50:55.295		0.57186			4
2026.04.03	03:51:00.270	0.57183				2
2026.04.03	03:51:00.871		0.57187			4
2026.04.03	03:51:02.170	0.57184				2
2026.04.03	03:51:08.583	0.57183	0.57186			6
2026.04.03	03:51:10.783		0.57185			4
2026.04.03	03:51:11.384	0.57182				2
2026.04.03	03:51:16.202	0.57181	0.57184			6
2026.04.03	03:51:20.413		0.57185			4
2026.04.03	03:51:24.245	0.57182				2
2026.04.03	03:51:25.146	0.57181	0.57184			6
2026.04.03	03:51:29.656		0.57185			4
2026.04.03	03:51:29.957	0.57182				2
2026.04.03	03:51:47.401	0.57180	0.57184			6
2026.04.03	03:51:53.115	0.57179	0.57182			6
2026.04.03	03:51:58.779	0.57178				2
2026.04.03	03:51:59.531	0.57179				2
2026.04.03	03:52:00.131	0.57179				2
2026.04.03	03:52:05.844	0.57178				2
2026.04.03	03:52:10.628	0.57176	0.57180			6
2026.04.03	03:52:16.341		0.57179			4
2026.04.03	03:52:16.941	0.57175	0.57178			6
2026.04.03	03:52:19.235	0.57174				2
2026.04.03	03:52:20.187		0.57177			4
2026.04.03	03:52:21.087		0.57176			4
2026.04.03	03:52:24.095		0.57175			4
2026.04.03	03:52:24.395	0.57172				2
2026.04.03	03:52:25.384		0.57174			4
2026.04.03	03:52:27.257	0.57173	0.57176			6
2026.04.03	03:52:29.665	0.57172				2
2026.04.03	03:52:29.965	0.57173				2
2026.04.03	03:52:41.095	0.57174	0.57177			6
2026.04.03	03:52:42.464	0.57175				2
2026.04.03	03:52:47.416	0.57174				2
2026.04.03	03:52:53.531		0.57176			4
2026.04.03	03:52:55.335		0.57177			4
2026.04.03	03:53:00.037	0.57174				2
2026.04.03	03:53:00.337	0.57175	0.57178			6
2026.04.03	03:53:00.673		0.57177			4
2026.04.03	03:53:00.974		0.57178			4
2026.04.03	03:53:04.383		0.57177			4
2026.04.03	03:53:09.799		0.57178			4
2026.04.03	03:53:17.587	0.57174	0.57177			6
2026.04.03	03:53:18.498	0.57173				2
2026.04.03	03:53:19.377		0.57176			4
2026.04.03	03:53:25.817	0.57171	0.57175			6
2026.04.03	03:53:27.921		0.57174			4
2026.04.03	03:53:33.584	0.57170	0.57173			6
2026.04.03	03:53:33.885	0.57169	0.57172			6
2026.04.03	03:53:36.592	0.57168	0.57171			6
2026.04.03	03:53:38.827		0.57170			4
2026.04.03	03:53:39.428		0.57171			4
2026.04.03	03:53:41.264	0.57169	0.57172			6
2026.04.03	03:53:43.700	0.57168				2
2026.04.03	03:53:44.301		0.57171			4
2026.04.03	03:53:45.202		0.57170			4
2026.04.03	03:53:48.188	0.57167				2
2026.04.03	03:53:49.393		0.57171			4
2026.04.03	03:53:49.694	0.57165	0.57169			6
2026.04.03	03:53:50.296	0.57164	0.57168			6
2026.04.03	03:53:50.909		0.57167			4
2026.04.03	03:53:51.510		0.57166			4
2026.04.03	03:53:52.711		0.57167			4
2026.04.03	03:53:53.311	0.57163				2
2026.04.03	03:53:53.612		0.57166			4
2026.04.03	03:53:55.014	0.57162	0.57165			6
2026.04.03	03:53:56.217	0.57161	0.57164			6
2026.04.03	03:53:59.174	0.57162	0.57165			6
2026.04.03	03:54:00.074	0.57162				2
2026.04.03	03:54:00.975		0.57166			4
2026.04.03	03:54:03.076		0.57165			4
2026.04.03	03:54:12.015	0.57161				2
2026.04.03	03:54:12.315	0.57162				2
2026.04.03	03:54:16.786	0.57161	0.57164			6
2026.04.03	03:54:17.780	0.57160				2
2026.04.03	03:54:18.399	0.57159	0.57162			6
2026.04.03	03:54:20.505	0.57160				2
2026.04.03	03:54:21.883	0.57158	0.57161			6
2026.04.03	03:54:22.183	0.57159				2
2026.04.03	03:54:22.484	0.57158				2
2026.04.03	03:54:34.223	0.57156	0.57159			6
2026.04.03	03:54:34.523		0.57160			4
2026.04.03	03:54:36.816	0.57157				2
2026.04.03	03:54:39.520	0.57156				2
2026.04.03	03:54:45.700		0.57159			4
2026.04.03	03:54:46.901		0.57158			4
2026.04.03	03:54:47.201	0.57155				2
2026.04.03	03:54:47.502	0.57156	0.57159			6
2026.04.03	03:54:50.806		0.57158			4
2026.04.03	03:54:52.007		0.57159			4
2026.04.03	03:54:59.520	0.57160	0.57162			6
2026.04.03	03:55:00.121	0.57160				2
2026.04.03	03:55:00.722	0.57163	0.57165			6
2026.04.03	03:55:02.225		0.57166			4
2026.04.03	03:55:03.218	0.57164				2
2026.04.03	03:55:07.373	0.57165				2
2026.04.03	03:55:10.289	0.57164				2
2026.04.03	03:55:12.341	0.57163				2
2026.04.03	03:55:15.111	0.57164				2
2026.04.03	03:55:39.709	0.57163				2
2026.04.03	03:55:45.116	0.57162				2
2026.04.03	03:55:48.874	0.57163				2
2026.04.03	03:55:49.474	0.57162				2
2026.04.03	03:55:56.092	0.57163				2
2026.04.03	03:56:00.263	0.57163				2
2026.04.03	03:56:00.563	0.57164				2
2026.04.03	03:56:02.367		0.57166			4
