<DATE>	<TIME>	<BID>	<ASK>	<LAST>	<VOLUME>	<FLAGS>
2026.05.18	00:03:30.208	0.58361	0.58537			6
2026.05.18	00:04:05.302	0.58361				2
2026.05.18	00:04:30.333		0.58537			4
2026.05.18	00:05:00.340	0.58361				2
2026.05.18	00:05:00.644		0.58535			4
2026.05.18	00:05:01.845		0.58538			4
2026.05.18	00:05:02.145		0.58545			4
2026.05.18	00:05:02.446		0.58523			4
2026.05.18	00:05:04.269		0.58511			4
2026.05.18	00:05:29.527		0.58540			4
2026.05.18	00:05:47.975		0.58526			4
2026.05.18	00:05:48.276		0.58520			4
2026.05.18	00:05:48.577		0.58528			4
2026.05.18	00:05:54.114		0.58527			4
2026.05.18	00:05:54.417		0.58525			4
2026.05.18	00:06:05.300	0.58361				2
2026.05.18	00:06:06.698	0.58356				2
2026.05.18	00:06:53.815		0.58520			4
2026.05.18	00:06:55.900		0.58530			4
2026.05.18	00:07:01.699	0.58361				2
2026.05.18	00:07:54.151		0.58532			4
2026.05.18	00:07:56.895	0.58369	0.58528			6
2026.05.18	00:07:57.195		0.58530			4
2026.05.18	00:07:57.496		0.58525			4
2026.05.18	00:07:58.096		0.58530			4
2026.05.18	00:07:58.396		0.58525			4
2026.05.18	00:07:58.997		0.58530			4
2026.05.18	00:07:59.297		0.58525			4
2026.05.18	00:07:59.899		0.58530			4
2026.05.18	00:08:00.201	0.58369	0.58525			6
2026.05.18	00:08:00.801		0.58530			4
2026.05.18	00:08:01.103		0.58525			4
2026.05.18	00:08:01.704		0.58530			4
2026.05.18	00:08:02.004		0.58525			4
2026.05.18	00:08:02.605		0.58530			4
2026.05.18	00:08:02.906		0.58525			4
2026.05.18	00:08:03.508		0.58530			4
2026.05.18	00:08:03.808		0.58525			4
2026.05.18	00:08:04.409		0.58530			4
2026.05.18	00:08:04.710		0.58525			4
2026.05.18	00:08:05.311		0.58530			4
2026.05.18	00:08:05.614		0.58525			4
2026.05.18	00:08:06.215		0.58530			4
2026.05.18	00:08:06.516		0.58525			4
2026.05.18	00:08:07.120		0.58530			4
2026.05.18	00:08:07.420		0.58525			4
2026.05.18	00:08:08.024		0.58530			4
2026.05.18	00:08:08.324		0.58525			4
2026.05.18	00:08:08.925		0.58530			4
2026.05.18	00:08:09.229		0.58525			4
2026.05.18	00:08:51.702	0.58364				2
2026.05.18	00:08:54.754		0.58530			4
2026.05.18	00:08:55.057		0.58525			4
2026.05.18	00:08:55.657		0.58530			4
2026.05.18	00:08:55.960		0.58525			4
2026.05.18	00:08:56.561		0.58530			4
2026.05.18	00:08:56.864	0.58365	0.58525			6
2026.05.18	00:08:57.464		0.58530			4
2026.05.18	00:08:57.765		0.58525			4
2026.05.18	00:08:58.366		0.58530			4
2026.05.18	00:08:58.666		0.58525			4
2026.05.18	00:08:59.270		0.58530			4
2026.05.18	00:08:59.570		0.58525			4
2026.05.18	00:09:00.170	0.58365	0.58530			6
2026.05.18	00:09:00.471	0.58364	0.58525			6
2026.05.18	00:09:01.072		0.58530			4
2026.05.18	00:09:01.372		0.58525			4
2026.05.18	00:09:01.972		0.58530			4
2026.05.18	00:09:02.272		0.58525			4
2026.05.18	00:09:02.874		0.58530			4
2026.05.18	00:09:03.174		0.58525			4
2026.05.18	00:09:03.775		0.58530			4
2026.05.18	00:09:04.075		0.58525			4
2026.05.18	00:09:04.677		0.58530			4
2026.05.18	00:09:04.977		0.58525			4
2026.05.18	00:09:05.577		0.58530			4
2026.05.18	00:09:05.878		0.58525			4
2026.05.18	00:09:06.479		0.58530			4
2026.05.18	00:09:06.779		0.58525			4
2026.05.18	00:09:07.380		0.58530			4
2026.05.18	00:09:07.680		0.58525			4
2026.05.18	00:09:08.281		0.58530			4
2026.05.18	00:09:08.582		0.58525			4
2026.05.18	00:09:09.182		0.58530			4
2026.05.18	00:09:09.482		0.58525			4
2026.05.18	00:09:10.084		0.58530			4
2026.05.18	00:09:10.385		0.58525			4
2026.05.18	00:09:10.688		0.58530			4
2026.05.18	00:09:11.289		0.58525			4
2026.05.18	00:09:11.588		0.58530			4
2026.05.18	00:09:12.189		0.58525			4
2026.05.18	00:09:12.489		0.58530			4
2026.05.18	00:09:12.790		0.58525			4
2026.05.18	00:09:13.391		0.58530			4
2026.05.18	00:09:13.994		0.58525			4
2026.05.18	00:09:14.294		0.58530			4
2026.05.18	00:09:14.595		0.58525			4
2026.05.18	00:09:15.197		0.58530			4
2026.05.18	00:09:15.497		0.58525			4
2026.05.18	00:09:16.099		0.58530			4
2026.05.18	00:09:16.400		0.58525			4
2026.05.18	00:09:17.008		0.58530			4
2026.05.18	00:09:17.311		0.58525			4
2026.05.18	00:09:17.913		0.58530			4
2026.05.18	00:09:18.214		0.58525			4
2026.05.18	00:09:18.816		0.58530			4
2026.05.18	00:09:19.119		0.58525			4
2026.05.18	00:09:19.722		0.58530			4
2026.05.18	00:09:20.021		0.58525			4
2026.05.18	00:09:26.346		0.58530			4
2026.05.18	00:09:26.945		0.58525			4
2026.05.18	00:09:27.246		0.58530			4
2026.05.18	00:09:27.848		0.58525			4
2026.05.18	00:09:28.154		0.58530			4
2026.05.18	00:09:28.757		0.58525			4
2026.05.18	00:09:29.059		0.58530			4
2026.05.18	00:09:29.360		0.58525			4
2026.05.18	00:09:29.960		0.58530			4
2026.05.18	00:09:30.261		0.58525			4
2026.05.18	00:09:30.861		0.58530			4
2026.05.18	00:09:31.162		0.58525			4
2026.05.18	00:09:31.763		0.58530			4
2026.05.18	00:09:32.064		0.58525			4
2026.05.18	00:09:32.665		0.58530			4
2026.05.18	00:09:32.965		0.58525			4
2026.05.18	00:09:33.567		0.58530			4
2026.05.18	00:09:33.869		0.58525			4
2026.05.18	00:09:34.470		0.58530			4
2026.05.18	00:09:34.770		0.58525			4
2026.05.18	00:09:35.371		0.58530			4
2026.05.18	00:09:35.672		0.58525			4
2026.05.18	00:09:36.273		0.58530			4
2026.05.18	00:09:36.574		0.58525			4
2026.05.18	00:09:37.175		0.58530			4
2026.05.18	00:09:37.476		0.58525			4
2026.05.18	00:09:38.076		0.58530			4
2026.05.18	00:09:38.376		0.58525			4
2026.05.18	00:09:38.976		0.58530			4
2026.05.18	00:09:39.277		0.58525			4
2026.05.18	00:09:43.184		0.58530			4
2026.05.18	00:09:43.484		0.58525			4
2026.05.18	00:09:44.086		0.58530			4
2026.05.18	00:09:44.386		0.58525			4
2026.05.18	00:09:44.989		0.58530			4
2026.05.18	00:09:45.289		0.58525			4
2026.05.18	00:09:45.890		0.58530			4
2026.05.18	00:09:46.190		0.58525			4
2026.05.18	00:09:46.793	0.58369	0.58530			6
2026.05.18	00:09:47.094		0.58525			4
2026.05.18	00:09:47.694		0.58530			4
2026.05.18	00:09:47.996		0.58525			4
2026.05.18	00:09:48.598		0.58530			4
2026.05.18	00:09:48.898		0.58525			4
2026.05.18	00:09:49.199		0.58530			4
2026.05.18	00:09:49.800		0.58525			4
2026.05.18	00:09:50.100		0.58530			4
2026.05.18	00:09:50.400		0.58525			4
2026.05.18	00:09:51.004		0.58530			4
2026.05.18	00:09:51.310		0.58525			4
2026.05.18	00:09:51.912		0.58530			4
2026.05.18	00:09:52.213		0.58525			4
2026.05.18	00:09:52.814		0.58530			4
2026.05.18	00:09:53.119		0.58525			4
2026.05.18	00:09:53.719		0.58530			4
2026.05.18	00:09:54.021		0.58528			4
2026.05.18	00:09:54.320		0.58530			4
2026.05.18	00:09:54.621		0.58525			4
2026.05.18	00:09:55.223		0.58530			4
2026.05.18	00:09:55.528		0.58525			4
2026.05.18	00:09:56.134		0.58530			4
2026.05.18	00:09:56.441		0.58525			4
2026.05.18	00:09:57.645		0.58530			4
2026.05.18	00:09:57.945		0.58525			4
2026.05.18	00:09:58.549		0.58530			4
2026.05.18	00:09:58.852		0.58525			4
2026.05.18	00:09:59.455		0.58530			4
2026.05.18	00:09:59.760		0.58525			4
2026.05.18	00:10:00.064	0.58369	0.58530			6
2026.05.18	00:10:00.365		0.58525			4
2026.05.18	00:10:00.965		0.58530			4
2026.05.18	00:10:01.266		0.58525			4
2026.05.18	00:10:01.566		0.58528			4
2026.05.18	00:10:01.868		0.58530			4
2026.05.18	00:10:02.168		0.58525			4
2026.05.18	00:10:02.768		0.58530			4
2026.05.18	00:10:03.071		0.58525			4
2026.05.18	00:10:03.671		0.58530			4
2026.05.18	00:10:03.972		0.58525			4
2026.05.18	00:10:04.572		0.58530			4
2026.05.18	00:10:04.872		0.58525			4
2026.05.18	00:10:05.475		0.58522			4
2026.05.18	00:10:06.075		0.58527			4
2026.05.18	00:10:06.696		0.58530			4
2026.05.18	00:10:07.298		0.58525			4
2026.05.18	00:10:07.900		0.58528			4
2026.05.18	00:10:08.200		0.58525			4
2026.05.18	00:10:08.501		0.58530			4
2026.05.18	00:10:08.802		0.58525			4
2026.05.18	00:10:09.403		0.58530			4
2026.05.18	00:10:09.705		0.58525			4
2026.05.18	00:10:10.317		0.58530			4
2026.05.18	00:10:10.619		0.58525			4
2026.05.18	00:10:11.824		0.58530			4
2026.05.18	00:10:12.125		0.58525			4
2026.05.18	00:10:12.733		0.58530			4
2026.05.18	00:10:13.033		0.58525			4
2026.05.18	00:10:13.634		0.58530			4
2026.05.18	00:10:13.935		0.58525			4
2026.05.18	00:10:14.536		0.58530			4
2026.05.18	00:10:14.837		0.58525			4
2026.05.18	00:10:15.438		0.58530			4
2026.05.18	00:10:15.741		0.58525			4
2026.05.18	00:10:16.342		0.58530			4
2026.05.18	00:10:16.642		0.58525			4
2026.05.18	00:10:17.846		0.58530			4
2026.05.18	00:10:18.145		0.58525			4
2026.05.18	00:10:18.752		0.58530			4
2026.05.18	00:10:19.051		0.58525			4
2026.05.18	00:10:19.655		0.58530			4
2026.05.18	00:10:19.956		0.58525			4
2026.05.18	00:10:20.559		0.58530			4
2026.05.18	00:10:20.860		0.58525			4
2026.05.18	00:10:21.461		0.58530			4
2026.05.18	00:10:21.762		0.58525			4
2026.05.18	00:10:22.364		0.58530			4
2026.05.18	00:10:22.666		0.58525			4
2026.05.18	00:10:23.266		0.58530			4
2026.05.18	00:10:23.566		0.58525			4
2026.05.18	00:10:24.166		0.58530			4
2026.05.18	00:10:24.466		0.58525			4
2026.05.18	00:10:25.368		0.58522			4
2026.05.18	00:10:25.670		0.58525			4
2026.05.18	00:10:26.271		0.58522			4
2026.05.18	00:10:26.571		0.58533			4
2026.05.18	00:10:26.872		0.58525			4
2026.05.18	00:10:27.474		0.58533			4
2026.05.18	00:10:27.773		0.58522			4
2026.05.18	00:10:28.074		0.58525			4
2026.05.18	00:10:28.375		0.58531			4
2026.05.18	00:10:28.674		0.58525			4
2026.05.18	00:10:29.275		0.58531			4
2026.05.18	00:10:29.577		0.58525			4
2026.05.18	00:10:29.878		0.58522			4
2026.05.18	00:10:30.177		0.58531			4
2026.05.18	00:10:30.479		0.58525			4
2026.05.18	00:10:31.079		0.58530			4
2026.05.18	00:10:31.379		0.58525			4
2026.05.18	00:10:31.980		0.58531			4
2026.05.18	00:10:32.280		0.58525			4
2026.05.18	00:10:32.580		0.58522			4
2026.05.18	00:10:32.880		0.58531			4
2026.05.18	00:10:33.180		0.58525			4
2026.05.18	00:10:33.780		0.58531			4
2026.05.18	00:10:34.080		0.58522			4
2026.05.18	00:10:34.381		0.58525			4
2026.05.18	00:10:34.681		0.58531			4
2026.05.18	00:10:34.981		0.58525			4
2026.05.18	00:10:35.282		0.58522			4
2026.05.18	00:10:35.581		0.58531			4
2026.05.18	00:10:35.881		0.58525			4
2026.05.18	00:10:36.482		0.58531			4
2026.05.18	00:10:36.782		0.58525			4
2026.05.18	00:10:37.682		0.58522			4
2026.05.18	00:10:37.983		0.58531			4
2026.05.18	00:10:38.285		0.58525			4
2026.05.18	00:10:38.584		0.58522			4
2026.05.18	00:10:38.885		0.58528			4
2026.05.18	00:10:39.186		0.58525			4
2026.05.18	00:10:39.786		0.58528			4
2026.05.18	00:10:40.087		0.58525			4
2026.05.18	00:10:40.689		0.58531			4
2026.05.18	00:10:40.989		0.58525			4
2026.05.18	00:10:41.589		0.58531			4
2026.05.18	00:10:41.890	0.58374	0.58525			6
2026.05.18	00:10:42.490		0.58531			4
2026.05.18	00:10:42.791		0.58525			4
2026.05.18	00:10:43.091		0.58522			4
2026.05.18	00:10:43.392		0.58528			4
2026.05.18	00:10:43.692		0.58525			4
2026.05.18	00:10:44.294		0.58527			4
2026.05.18	00:10:44.596		0.58525			4
2026.05.18	00:10:44.896		0.58522			4
2026.05.18	00:10:45.198		0.58531			4
2026.05.18	00:10:45.499		0.58522			4
2026.05.18	00:10:45.798		0.58527			4
2026.05.18	00:10:46.399		0.58529			4
2026.05.18	00:10:46.700		0.58522			4
2026.05.18	00:10:47.001		0.58530			4
2026.05.18	00:10:47.303		0.58525			4
2026.05.18	00:10:47.603		0.58530			4
2026.05.18	00:10:47.904		0.58527			4
2026.05.18	00:10:48.204		0.58525			4
2026.05.18	00:10:48.505		0.58528			4
2026.05.18	00:10:48.805		0.58525			4
2026.05.18	00:10:49.108		0.58522			4
2026.05.18	00:10:49.410		0.58528			4
2026.05.18	00:10:49.712		0.58525			4
2026.05.18	00:10:50.012		0.58522			4
2026.05.18	00:10:50.313		0.58533			4
2026.05.18	00:10:50.615		0.58525			4
2026.05.18	00:10:50.915		0.58522			4
2026.05.18	00:10:51.215		0.58533			4
2026.05.18	00:10:51.517		0.58525			4
2026.05.18	00:10:52.117		0.58530			4
2026.05.18	00:10:52.419		0.58525			4
2026.05.18	00:10:52.721		0.58522			4
2026.05.18	00:10:53.022		0.58530			4
2026.05.18	00:10:53.323		0.58525			4
2026.05.18	00:10:53.622		0.58522			4
2026.05.18	00:10:53.923	0.58349	0.58540			6
2026.05.18	00:10:54.223	0.58350	0.58531			6
2026.05.18	00:11:00.250	0.58350				2
2026.05.18	00:11:53.981	0.58349	0.58533			6
2026.05.18	00:12:04.424	0.58349				2
2026.05.18	00:12:21.539		0.58532			4
2026.05.18	00:13:01.124	0.58349				2
2026.05.18	00:13:21.843		0.58532			4
2026.05.18	00:13:54.224		0.58527			4
2026.05.18	00:13:58.200	0.58356	0.58526			6
2026.05.18	00:14:00.007	0.58356				2
2026.05.18	00:14:25.887		0.58530			4
2026.05.18	00:14:26.188		0.58526			4
2026.05.18	00:15:00.197	0.58356				2
2026.05.18	00:15:01.398	0.58354	0.58540			6
2026.05.18	00:15:01.699	0.58356	0.58518			6
2026.05.18	00:15:06.525	0.58358	0.58531			6
2026.05.18	00:15:17.066	0.58356	0.58522			6
2026.05.18	00:15:25.488		0.58531			4
2026.05.18	00:15:28.798	0.58357				2
2026.05.18	00:15:32.396		0.58530			4
2026.05.18	00:16:00.395	0.58357				2
2026.05.18	00:16:06.433		0.58531			4
2026.05.18	00:16:08.845		0.58521			4
2026.05.18	00:16:18.180	0.58374				2
2026.05.18	00:16:19.081		0.58531			4
2026.05.18	00:16:50.326		0.58519			4
2026.05.18	00:16:50.627		0.58532			4
2026.05.18	00:16:51.533		0.58526			4
2026.05.18	00:16:51.833		0.58531			4
2026.05.18	00:16:56.097		0.58514			4
2026.05.18	00:16:56.398		0.58517			4
2026.05.18	00:17:00.007	0.58374				2
2026.05.18	00:17:02.413		0.58533			4
2026.05.18	00:17:03.014		0.58527			4
2026.05.18	00:17:03.314		0.58533			4
2026.05.18	00:17:04.216		0.58526			4
2026.05.18	00:17:04.519		0.58533			4
2026.05.18	00:17:05.422		0.58527			4
2026.05.18	00:17:05.724		0.58533			4
2026.05.18	00:17:07.831		0.58535			4
2026.05.18	00:17:08.735		0.58527			4
2026.05.18	00:17:09.040		0.58518			4
2026.05.18	00:17:10.542		0.58535			4
2026.05.18	00:17:11.144	0.58375	0.58527			6
2026.05.18	00:17:11.445		0.58535			4
2026.05.18	00:17:14.462		0.58516			4
2026.05.18	00:17:15.062		0.58524			4
2026.05.18	00:17:18.369		0.58533			4
2026.05.18	00:17:21.373		0.58519			4
2026.05.18	00:17:21.674		0.58539			4
2026.05.18	00:17:22.576		0.58526			4
2026.05.18	00:17:22.875		0.58539			4
2026.05.18	00:17:24.841		0.58526			4
2026.05.18	00:17:25.143		0.58539			4
2026.05.18	00:17:26.045		0.58526			4
2026.05.18	00:17:26.345		0.58539			4
2026.05.18	00:17:27.687		0.58525			4
2026.05.18	00:17:29.791		0.58532			4
2026.05.18	00:17:30.696		0.58526			4
2026.05.18	00:17:30.997		0.58532			4
2026.05.18	00:17:34.001		0.58526			4
2026.05.18	00:17:34.301		0.58535			4
2026.05.18	00:17:35.211		0.58526			4
2026.05.18	00:17:35.513		0.58522			4
2026.05.18	00:17:35.817		0.58521			4
2026.05.18	00:17:36.419		0.58515			4
2026.05.18	00:17:36.720		0.58522			4
2026.05.18	00:17:38.624		0.58515			4
2026.05.18	00:17:38.924		0.58522			4
2026.05.18	00:18:00.440	0.58375				2
2026.05.18	00:18:01.824		0.58539			4
2026.05.18	00:18:03.030		0.58524			4
2026.05.18	00:18:05.438		0.58532			4
2026.05.18	00:18:06.041	0.58380				2
2026.05.18	00:18:06.341		0.58526			4
2026.05.18	00:18:06.645		0.58536			4
2026.05.18	00:18:07.846		0.58538			4
2026.05.18	00:18:08.750		0.58539			4
2026.05.18	00:18:30.935		0.58531			4
2026.05.18	00:18:34.086		0.58532			4
2026.05.18	00:18:35.236		0.58531			4
2026.05.18	00:18:37.540		0.58532			4
2026.05.18	00:18:38.993		0.58521			4
2026.05.18	00:18:39.598		0.58519			4
2026.05.18	00:18:39.899		0.58522			4
2026.05.18	00:18:40.801		0.58519			4
2026.05.18	00:18:41.101		0.58529			4
2026.05.18	00:18:42.006		0.58519			4
2026.05.18	00:18:42.306		0.58531			4
2026.05.18	00:18:44.440		0.58532			4
2026.05.18	00:18:46.740		0.58531			4
2026.05.18	00:18:47.892		0.58532			4
2026.05.18	00:18:51.341		0.58531			4
2026.05.18	00:18:54.785		0.58530			4
2026.05.18	00:18:55.689		0.58519			4
2026.05.18	00:18:55.990		0.58531			4
2026.05.18	00:18:59.688		0.58523			4
2026.05.18	00:19:00.289	0.58380	0.58519			6
2026.05.18	00:19:00.589		0.58523			4
2026.05.18	00:19:01.493		0.58519			4
2026.05.18	00:19:01.794		0.58529			4
2026.05.18	00:19:02.697		0.58519			4
2026.05.18	00:19:02.998		0.58532			4
2026.05.18	00:19:03.995		0.58522			4
2026.05.18	00:19:04.897		0.58519			4
2026.05.18	00:19:05.198		0.58529			4
2026.05.18	00:19:06.099		0.58519			4
2026.05.18	00:19:06.399		0.58531			4
2026.05.18	00:19:08.590		0.58532			4
2026.05.18	00:19:09.740		0.58529			4
2026.05.18	00:19:10.645		0.58519			4
2026.05.18	00:19:10.945		0.58531			4
2026.05.18	00:19:11.291		0.58522			4
2026.05.18	00:19:11.893		0.58519			4
2026.05.18	00:19:12.193		0.58522			4
2026.05.18	00:19:13.398		0.58530			4
2026.05.18	00:19:14.599		0.58532			4
2026.05.18	00:19:15.491		0.58531			4
2026.05.18	00:19:31.479		0.58518			4
2026.05.18	00:19:31.779		0.58520			4
2026.05.18	00:19:41.697		0.58519			4
2026.05.18	00:19:41.998		0.58531			4
2026.05.18	00:19:44.239		0.58521			4
2026.05.18	00:19:45.141		0.58519			4
2026.05.18	00:19:45.443		0.58521			4
2026.05.18	00:19:46.345		0.58519			4
2026.05.18	00:19:46.645		0.58530			4
2026.05.18	00:19:47.547		0.58519			4
2026.05.18	00:19:47.852		0.58531			4
2026.05.18	00:19:56.895		0.58532			4
2026.05.18	00:19:58.042		0.58531			4
2026.05.18	00:20:00.039	0.58380				2
2026.05.18	00:20:00.340	0.58387	0.58532			6
2026.05.18	00:20:00.639	0.58391				2
2026.05.18	00:20:01.036		0.58519			4
2026.05.18	00:20:04.647	0.58390				2
2026.05.18	00:20:15.474	0.58389				2
2026.05.18	00:20:16.077	0.58388				2
2026.05.18	00:20:16.377	0.58385				2
2026.05.18	00:20:16.678	0.58386	0.58508			6
2026.05.18	00:20:16.978	0.58384				2
2026.05.18	00:20:17.580	0.58382	0.58505			6
2026.05.18	00:20:17.878	0.58383	0.58508			6
2026.05.18	00:20:18.840	0.58382	0.58507			6
2026.05.18	00:20:19.725		0.58504			4
2026.05.18	00:20:20.025	0.58383	0.58507			6
2026.05.18	00:20:25.440		0.58504			4
2026.05.18	00:20:25.741		0.58507			4
2026.05.18	00:20:27.825		0.58504			4
2026.05.18	00:20:28.125		0.58507			4
2026.05.18	00:20:29.190	0.58384				2
2026.05.18	00:20:30.335	0.58383				2
2026.05.18	00:20:31.491	0.58384				2
2026.05.18	00:20:32.646	0.58383				2
2026.05.18	00:20:33.789	0.58384				2
2026.05.18	00:20:34.090	0.58382				2
2026.05.18	00:20:34.945	0.58383				2
2026.05.18	00:20:44.140	0.58382				2
2026.05.18	00:20:45.290	0.58383				2
2026.05.18	00:20:49.724		0.58504			4
2026.05.18	00:20:50.024	0.58384	0.58507			6
2026.05.18	00:20:51.041	0.58383				2
2026.05.18	00:20:54.080	0.58384				2
2026.05.18	00:20:54.381	0.58383	0.58504			6
2026.05.18	00:20:54.681	0.58384	0.58507			6
2026.05.18	00:20:55.424		0.58506			4
2026.05.18	00:20:55.724		0.58507			4
2026.05.18	00:20:56.791		0.58508			4
2026.05.18	00:21:00.240	0.58384				2
2026.05.18	00:21:16.645		0.58505			4
2026.05.18	00:21:17.489		0.58506			4
2026.05.18	00:21:18.641	0.58385				2
2026.05.18	00:21:22.390	0.58387				2
2026.05.18	00:21:22.690		0.58498			4
2026.05.18	00:21:22.992		0.58502			4
2026.05.18	00:21:23.295		0.58503			4
2026.05.18	00:21:34.732	0.58388				2
2026.05.18	00:21:45.565	0.58384				2
2026.05.18	00:21:48.270	0.58382				2
2026.05.18	00:21:49.171	0.58383	0.58512			6
2026.05.18	00:21:49.473		0.58506			4
2026.05.18	00:21:49.774		0.58512			4
2026.05.18	00:21:50.840		0.58509			4
2026.05.18	00:21:51.441	0.58382				2
2026.05.18	00:21:51.741		0.58508			4
2026.05.18	00:21:52.044		0.58509			4
2026.05.18	00:21:52.946		0.58508			4
2026.05.18	00:21:53.246		0.58509			4
2026.05.18	00:21:53.548	0.58381				2
2026.05.18	00:21:54.149	0.58382	0.58508			6
2026.05.18	00:21:54.450	0.58381	0.58509			6
2026.05.18	00:21:55.351	0.58382				2
2026.05.18	00:21:55.652	0.58381				2
2026.05.18	00:21:55.954		0.58512			4
2026.05.18	00:21:56.555		0.58494			4
2026.05.18	00:22:00.160	0.58381				2
2026.05.18	00:22:01.063	0.58382				2
2026.05.18	00:22:01.363	0.58381				2
2026.05.18	00:22:02.268	0.58382				2
2026.05.18	00:22:02.567	0.58381				2
2026.05.18	00:22:03.470	0.58382				2
2026.05.18	00:22:03.770	0.58381				2
2026.05.18	00:22:06.773	0.58382				2
2026.05.18	00:22:07.073	0.58381				2
2026.05.18	00:22:07.976	0.58382				2
2026.05.18	00:22:08.278	0.58381				2
2026.05.18	00:22:09.179	0.58382				2
2026.05.18	00:22:09.479	0.58381				2
2026.05.18	00:22:10.379	0.58382				2
2026.05.18	00:22:10.681	0.58381				2
2026.05.18	00:22:13.685	0.58382				2
2026.05.18	00:22:13.985	0.58381				2
2026.05.18	00:22:14.886	0.58382				2
2026.05.18	00:22:15.186	0.58381				2
2026.05.18	00:22:16.089	0.58382				2
2026.05.18	00:22:16.389	0.58381				2
2026.05.18	00:22:19.398	0.58382				2
2026.05.18	00:22:19.698	0.58381				2
2026.05.18	00:22:20.598	0.58382				2
2026.05.18	00:22:20.898	0.58381				2
2026.05.18	00:22:21.798	0.58382				2
2026.05.18	00:22:22.099	0.58381				2
2026.05.18	00:22:23.000	0.58382				2
2026.05.18	00:22:23.302	0.58381				2
2026.05.18	00:22:24.206	0.58382				2
2026.05.18	00:22:24.507	0.58381				2
2026.05.18	00:22:24.808	0.58377	0.58509			6
2026.05.18	00:22:25.109	0.58375	0.58507			6
2026.05.18	00:22:28.984	0.58374				2
2026.05.18	00:22:29.284	0.58373				2
2026.05.18	00:22:31.694	0.58372				2
2026.05.18	00:22:32.812	0.58373				2
2026.05.18	00:22:34.726	0.58372				2
2026.05.18	00:22:44.641	0.58379				2
2026.05.18	00:22:44.945	0.58383				2
2026.05.18	00:22:45.738	0.58381				2
2026.05.18	00:22:47.152	0.58372	0.58484			6
2026.05.18	00:22:48.609	0.58373				2
2026.05.18	00:22:58.168	0.58372				2
2026.05.18	00:23:00.225	0.58371				2
2026.05.18	00:23:09.297		0.58481			4
2026.05.18	00:23:31.724	0.58372				2
2026.05.18	00:23:59.625	0.58371				2
2026.05.18	00:24:05.024	0.58371				2
2026.05.18	00:24:10.425		0.58481			4
2026.05.18	00:24:12.355		0.58477			4
2026.05.18	00:24:12.655	0.58367	0.58475			6
2026.05.18	00:24:12.957	0.58368				2
2026.05.18	00:24:23.440	0.58369	0.58478			6
2026.05.18	00:24:28.124	0.58370				2
2026.05.18	00:24:57.344	0.58372				2
2026.05.18	00:25:00.395	0.58372				2
2026.05.18	00:25:13.724	0.58371				2
2026.05.18	00:25:14.625	0.58372				2
2026.05.18	00:25:23.324	0.58375				2
2026.05.18	00:25:34.059		0.58478			4
2026.05.18	00:25:54.225	0.58374				2
2026.05.18	00:26:05.924	0.58374				2
2026.05.18	00:26:10.615		0.58477			4
2026.05.18	00:26:53.741	0.58376				2
2026.05.18	00:27:02.093	0.58376				2
2026.05.18	00:27:11.024		0.58477			4
2026.05.18	00:27:22.726	0.58375				2
2026.05.18	00:27:27.485		0.58473			4
2026.05.18	00:27:27.789	0.58372	0.58477			6
2026.05.18	00:27:31.863		0.58474			4
2026.05.18	00:27:32.164	0.58375				2
2026.05.18	00:27:35.896		0.58477			4
2026.05.18	00:27:36.196	0.58376				2
2026.05.18	00:27:44.323	0.58375				2
2026.05.18	00:28:00.012	0.58375				2
2026.05.18	00:28:24.925	0.58376				2
2026.05.18	00:28:35.896		0.58478			4
2026.05.18	00:29:02.094	0.58376				2
2026.05.18	00:29:13.166	0.58377				2
2026.05.18	00:29:31.829	0.58376				2
2026.05.18	00:29:36.523		0.58478			4
2026.05.18	00:29:49.901		0.58475			4
2026.05.18	00:29:56.528		0.58474			4
2026.05.18	00:30:00.138	0.58376				2
2026.05.18	00:30:13.377	0.58377				2
2026.05.18	00:30:56.682		0.58474			4
2026.05.18	00:31:00.293	0.58377				2
2026.05.18	00:31:13.523	0.58378				2
2026.05.18	00:31:17.143	0.58379				2
2026.05.18	00:31:18.947	0.58380				2
2026.05.18	00:31:35.801	0.58381				2
2026.05.18	00:31:45.442	0.58382				2
2026.05.18	00:31:47.846	0.58384				2
2026.05.18	00:31:48.448	0.58383				2
2026.05.18	00:31:48.750	0.58384				2
2026.05.18	00:31:52.060	0.58383				2
2026.05.18	00:31:52.661	0.58384				2
2026.05.18	00:31:52.961	0.58383				2
2026.05.18	00:31:53.262	0.58384				2
2026.05.18	00:31:54.460	0.58385				2
2026.05.18	00:31:56.870	0.58384	0.58474			6
2026.05.18	00:31:57.470	0.58385				2
2026.05.18	00:31:57.771	0.58386				2
2026.05.18	00:31:59.879	0.58385				2
2026.05.18	00:32:00.180	0.58385				2
2026.05.18	00:32:02.279	0.58386				2
2026.05.18	00:32:03.180	0.58385				2
2026.05.18	00:32:03.481	0.58386				2
2026.05.18	00:32:04.082	0.58385				2
2026.05.18	00:32:04.682	0.58387	0.58490			6
2026.05.18	00:32:05.283	0.58386	0.58482			6
2026.05.18	00:32:06.184	0.58385				2
2026.05.18	00:32:08.585	0.58386				2
2026.05.18	00:32:10.987	0.58385				2
2026.05.18	00:32:11.286	0.58386				2
2026.05.18	00:32:13.090	0.58387				2
2026.05.18	00:32:20.321	0.58389				2
2026.05.18	00:32:20.624	0.58388				2
2026.05.18	00:32:21.224	0.58390				2
2026.05.18	00:32:21.827	0.58392				2
2026.05.18	00:32:22.126	0.58390				2
2026.05.18	00:32:27.255	0.58392				2
2026.05.18	00:32:34.476	0.58393				2
2026.05.18	00:32:37.183	0.58392				2
2026.05.18	00:32:38.683	0.58393				2
2026.05.18	00:32:41.387	0.58394				2
2026.05.18	00:32:41.688	0.58392				2
2026.05.18	00:32:42.590	0.58393				2
2026.05.18	00:32:44.997	0.58392				2
2026.05.18	00:32:49.812	0.58393	0.58484			6
2026.05.18	00:32:51.314	0.58394				2
2026.05.18	00:32:56.439	0.58395				2
2026.05.18	00:33:00.052	0.58395				2
2026.05.18	00:33:01.858	0.58394				2
2026.05.18	00:33:02.159	0.58395				2
2026.05.18	00:33:02.458	0.58396				2
2026.05.18	00:33:02.759	0.58394				2
2026.05.18	00:33:04.264	0.58395				2
2026.05.18	00:33:04.868	0.58397				2
2026.05.18	00:33:05.167	0.58396				2
2026.05.18	00:33:05.767	0.58397				2
2026.05.18	00:33:08.774		0.58473			4
2026.05.18	00:33:17.184	0.58398				2
2026.05.18	00:33:21.702	0.58397				2
2026.05.18	00:33:22.603	0.58398				2
2026.05.18	00:33:31.332		0.58480			4
2026.05.18	00:33:31.635	0.58397				2
2026.05.18	00:33:32.535	0.58398				2
2026.05.18	00:33:33.740	0.58399				2
2026.05.18	00:33:34.642	0.58401				2
2026.05.18	00:33:35.546	0.58392	0.58474			6
2026.05.18	00:33:41.569	0.58391				2
2026.05.18	00:33:41.867	0.58396	0.58473			6
2026.05.18	00:33:42.171	0.58397	0.58483			6
2026.05.18	00:33:43.072	0.58394				2
2026.05.18	00:33:44.274	0.58395				2
2026.05.18	00:33:46.685	0.58396				2
2026.05.18	00:33:49.386	0.58389	0.58473			6
2026.05.18	00:33:49.991	0.58390				2
2026.05.18	00:33:50.892	0.58388				2
2026.05.18	00:33:53.903		0.58470			4
2026.05.18	00:34:00.228	0.58388				2
2026.05.18	00:34:02.628	0.58387				2
2026.05.18	00:34:03.530	0.58388				2
2026.05.18	00:34:04.432	0.58387				2
2026.05.18	00:34:04.734	0.58388				2
2026.05.18	00:34:05.034	0.58387				2
2026.05.18	00:34:08.044	0.58388				2
2026.05.18	00:34:09.548	0.58387				2
2026.05.18	00:34:12.259	0.58388				2
2026.05.18	00:34:13.159	0.58387				2
2026.05.18	00:34:15.264	0.58388				2
2026.05.18	00:34:28.484	0.58389				2
2026.05.18	00:34:30.885	0.58388				2
2026.05.18	00:34:32.083	0.58389				2
2026.05.18	00:34:37.489	0.58390				2
2026.05.18	00:34:43.199	0.58389				2
2026.05.18	00:34:46.803	0.58390				2
2026.05.18	00:34:50.110		0.58481			4
2026.05.18	00:34:51.627	0.58389				2
2026.05.18	00:34:52.226	0.58390				2
2026.05.18	00:34:53.428	0.58389				2
2026.05.18	00:34:54.027	0.58391				2
2026.05.18	00:34:54.627	0.58390				2
2026.05.18	00:34:54.927	0.58391				2
2026.05.18	00:34:55.830	0.58390				2
2026.05.18	00:34:56.129	0.58392				2
2026.05.18	00:34:58.232	0.58393				2
2026.05.18	00:34:59.134	0.58392				2
2026.05.18	00:34:59.435	0.58393				2
2026.05.18	00:35:00.033	0.58392				2
2026.05.18	00:35:00.332	0.58393				2
2026.05.18	00:35:00.634	0.58392				2
2026.05.18	00:35:01.235	0.58393				2
2026.05.18	00:35:01.836	0.58394	0.58469			6
2026.05.18	00:35:03.043	0.58395				2
2026.05.18	00:35:04.847	0.58394				2
2026.05.18	00:35:05.147	0.58395				2
2026.05.18	00:35:06.948	0.58396				2
2026.05.18	00:35:07.848	0.58395				2
2026.05.18	00:35:08.149	0.58396				2
2026.05.18	00:35:09.052	0.58395				2
2026.05.18	00:35:09.352	0.58396				2
2026.05.18	00:35:14.161	0.58395				2
2026.05.18	00:35:14.761	0.58396				2
2026.05.18	00:35:15.966	0.58395				2
2026.05.18	00:35:16.267	0.58396				2
2026.05.18	00:35:16.568	0.58395				2
2026.05.18	00:35:16.868	0.58396				2
2026.05.18	00:35:19.872	0.58397				2
2026.05.18	00:35:21.373	0.58403	0.58474			6
2026.05.18	00:35:21.676	0.58400				2
2026.05.18	00:35:22.279	0.58396	0.58468			6
2026.05.18	00:35:24.681	0.58397				2
2026.05.18	00:35:24.980		0.58484			4
2026.05.18	00:35:25.281		0.58475			4
2026.05.18	00:35:25.882	0.58398				2
2026.05.18	00:35:26.182		0.58480			4
2026.05.18	00:35:27.083	0.58397				2
2026.05.18	00:35:28.283		0.58476			4
2026.05.18	00:35:28.582		0.58469			4
2026.05.18	00:35:29.183	0.58391				2
2026.05.18	00:35:29.486	0.58396				2
2026.05.18	00:35:44.248	0.58398				2
2026.05.18	00:35:50.571	0.58395				2
2026.05.18	00:35:50.871	0.58396				2
2026.05.18	00:35:51.172		0.58480			4
2026.05.18	00:35:52.073	0.58397	0.58475			6
2026.05.18	00:35:52.979	0.58395				2
2026.05.18	00:35:53.277		0.58483			4
2026.05.18	00:35:54.182	0.58396	0.58473			6
2026.05.18	00:35:55.382		0.58484			4
2026.05.18	00:35:55.684		0.58475			4
2026.05.18	00:35:56.283	0.58394				2
2026.05.18	00:35:56.583	0.58397				2
2026.05.18	00:35:57.483	0.58396				2
2026.05.18	00:35:57.783	0.58397				2
2026.05.18	00:35:58.684	0.58396				2
2026.05.18	00:35:58.985		0.58490			4
2026.05.18	00:35:59.284		0.58475			4
2026.05.18	00:35:59.885	0.58397				2
2026.05.18	00:36:00.187	0.58397				2
2026.05.18	00:36:01.085	0.58396	0.58487			6
2026.05.18	00:36:01.386		0.58476			4
2026.05.18	00:36:01.987	0.58397				2
2026.05.18	00:36:03.192	0.58393				2
2026.05.18	00:36:03.492	0.58396	0.58484			6
2026.05.18	00:36:03.794		0.58476			4
2026.05.18	00:36:06.196		0.58475			4
2026.05.18	00:36:06.796	0.58397				2
2026.05.18	00:36:08.000	0.58396				2
2026.05.18	00:36:08.300		0.58476			4
2026.05.18	00:36:08.899	0.58392				2
2026.05.18	00:36:09.199	0.58396				2
2026.05.18	00:36:10.101	0.58392				2
2026.05.18	00:36:10.401	0.58396				2
2026.05.18	00:36:13.707		0.58492			4
2026.05.18	00:36:14.306		0.58485			4
2026.05.18	00:36:16.118	0.58395	0.58486			6
2026.05.18	00:36:17.024		0.58472			4
2026.05.18	00:36:18.535		0.58489			4
2026.05.18	00:36:18.840		0.58478			4
2026.05.18	00:36:20.647		0.58488			4
2026.05.18	00:36:20.947		0.58478			4
2026.05.18	00:36:21.550	0.58394				2
2026.05.18	00:36:21.858	0.58395				2
2026.05.18	00:36:22.758	0.58391				2
2026.05.18	00:36:23.060	0.58396	0.58490			6
2026.05.18	00:36:23.361		0.58478			4
2026.05.18	00:36:23.963	0.58393				2
2026.05.18	00:36:24.264	0.58394				2
2026.05.18	00:36:25.467		0.58486			4
2026.05.18	00:36:25.768		0.58478			4
2026.05.18	00:36:27.572		0.58487			4
2026.05.18	00:36:28.174		0.58478			4
2026.05.18	00:36:28.475	0.58392				2
2026.05.18	00:36:28.774	0.58394				2
2026.05.18	00:36:29.979	0.58395	0.58490			6
2026.05.18	00:36:30.282		0.58478			4
2026.05.18	00:36:30.882	0.58394				2
2026.05.18	00:36:32.083	0.58395				2
2026.05.18	00:36:32.383		0.58490			4
2026.05.18	00:36:32.684		0.58478			4
2026.05.18	00:36:33.284	0.58394				2
2026.05.18	00:36:35.090	0.58395				2
2026.05.18	00:36:35.391	0.58393				2
2026.05.18	00:36:35.691	0.58395	0.58489			6
2026.05.18	00:36:35.992		0.58479			4
2026.05.18	00:36:36.592	0.58394				2
2026.05.18	00:36:36.893	0.58396				2
2026.05.18	00:36:37.795	0.58394				2
2026.05.18	00:36:38.096	0.58396	0.58489			6
2026.05.18	00:36:38.402		0.58478			4
2026.05.18	00:36:39.001	0.58394				2
2026.05.18	00:36:40.201		0.58486			4
2026.05.18	00:36:40.502		0.58476			4
2026.05.18	00:36:41.103	0.58393				2
2026.05.18	00:36:41.399	0.58397				2
2026.05.18	00:36:42.301	0.58393				2
2026.05.18	00:36:42.602	0.58397	0.58486			6
2026.05.18	00:36:42.903		0.58476			4
2026.05.18	00:36:43.503	0.58396				2
2026.05.18	00:36:43.803	0.58397				2
2026.05.18	00:36:44.708	0.58396				2
2026.05.18	00:36:45.007		0.58489			4
2026.05.18	00:36:45.310		0.58476			4
2026.05.18	00:36:47.115	0.58395	0.58490			6
2026.05.18	00:36:47.719		0.58476			4
2026.05.18	00:36:48.019	0.58394				2
2026.05.18	00:36:48.319	0.58395				2
2026.05.18	00:36:49.220	0.58396				2
2026.05.18	00:36:51.635	0.58397				2
2026.05.18	00:36:51.938		0.58490			4
2026.05.18	00:36:52.240		0.58478			4
2026.05.18	00:36:53.742	0.58394				2
2026.05.18	00:36:54.042	0.58397	0.58486			6
2026.05.18	00:36:54.346		0.58476			4
2026.05.18	00:36:54.946	0.58392				2
2026.05.18	00:36:55.247	0.58396				2
2026.05.18	00:36:56.152	0.58395				2
2026.05.18	00:36:56.453	0.58397				2
2026.05.18	00:36:56.756		0.58478			4
2026.05.18	00:36:57.363	0.58396				2
2026.05.18	00:36:57.663	0.58397				2
2026.05.18	00:36:59.767	0.58396				2
2026.05.18	00:37:00.068	0.58396				2
2026.05.18	00:37:00.671	0.58395				2
2026.05.18	00:37:00.968	0.58396				2
2026.05.18	00:37:01.271	0.58398				2
2026.05.18	00:37:01.570	0.58396				2
2026.05.18	00:37:02.171	0.58398				2
2026.05.18	00:37:03.074	0.58395				2
2026.05.18	00:37:03.375	0.58398				2
2026.05.18	00:37:03.675		0.58479			4
2026.05.18	00:37:04.279	0.58395				2
2026.05.18	00:37:04.578	0.58398				2
2026.05.18	00:37:05.479		0.58472			4
2026.05.18	00:37:06.082		0.58476			4
2026.05.18	00:37:07.582	0.58394				2
2026.05.18	00:37:07.882	0.58398	0.58475			6
2026.05.18	00:37:08.182		0.58476			4
2026.05.18	00:37:08.783	0.58395				2
2026.05.18	00:37:09.083	0.58398				2
2026.05.18	00:37:09.984	0.58394				2
2026.05.18	00:37:10.284	0.58398				2
2026.05.18	00:37:12.385	0.58397				2
2026.05.18	00:37:12.987	0.58398				2
2026.05.18	00:37:13.587	0.58397				2
2026.05.18	00:37:14.492	0.58393				2
2026.05.18	00:37:14.793	0.58397				2
2026.05.18	00:37:15.694	0.58393				2
2026.05.18	00:37:15.995	0.58397				2
2026.05.18	00:37:16.897	0.58394				2
2026.05.18	00:37:17.197	0.58397				2
2026.05.18	00:37:17.799	0.58398				2
2026.05.18	00:37:18.101	0.58397				2
2026.05.18	00:37:20.201	0.58394				2
2026.05.18	00:37:20.502	0.58397				2
2026.05.18	00:37:21.404	0.58394				2
2026.05.18	00:37:21.704	0.58397				2
2026.05.18	00:37:22.605	0.58394				2
2026.05.18	00:37:22.908	0.58398				2
2026.05.18	00:37:23.208	0.58399				2
2026.05.18	00:37:23.812	0.58396				2
2026.05.18	00:37:24.114	0.58398				2
2026.05.18	00:37:25.021	0.58397				2
2026.05.18	00:37:25.634	0.58399				2
2026.05.18	00:37:26.838	0.58403				2
2026.05.18	00:37:27.140	0.58398				2
2026.05.18	00:37:28.342	0.58397				2
2026.05.18	00:37:28.946	0.58393				2
2026.05.18	00:37:31.053	0.58394				2
2026.05.18	00:37:31.957	0.58395				2
2026.05.18	00:37:32.859	0.58394				2
2026.05.18	00:37:34.064	0.58395				2
2026.05.18	00:37:36.167		0.58471			4
2026.05.18	00:37:37.671	0.58396				2
2026.05.18	00:37:39.172		0.58484			4
2026.05.18	00:37:39.772	0.58395				2
2026.05.18	00:37:40.071	0.58396				2
2026.05.18	00:37:40.371	0.58395				2
2026.05.18	00:37:40.974	0.58394	0.58471			6
2026.05.18	00:37:42.177	0.58395				2
2026.05.18	00:37:43.374	0.58396				2
2026.05.18	00:37:43.673	0.58395				2
2026.05.18	00:37:46.082	0.58396				2
2026.05.18	00:37:46.681	0.58394				2
2026.05.18	00:37:46.981	0.58395				2
2026.05.18	00:37:49.086	0.58396				2
2026.05.18	00:37:50.591	0.58397				2
2026.05.18	00:37:52.402	0.58394				2
2026.05.18	00:37:52.699	0.58396				2
2026.05.18	00:37:53.602	0.58394				2
2026.05.18	00:37:53.902	0.58396				2
2026.05.18	00:37:55.108	0.58397				2
2026.05.18	00:37:55.710	0.58396				2
2026.05.18	00:37:56.012	0.58395				2
2026.05.18	00:37:57.224	0.58396				2
2026.05.18	00:37:59.339	0.58395				2
2026.05.18	00:37:59.642	0.58396				2
2026.05.18	00:37:59.944	0.58397				2
2026.05.18	00:38:00.249	0.58397				2
2026.05.18	00:38:05.968	0.58398				2
2026.05.18	00:38:06.268	0.58397				2
2026.05.18	00:38:06.569	0.58398				2
2026.05.18	00:38:07.472	0.58397				2
2026.05.18	00:38:09.877	0.58398				2
2026.05.18	00:38:11.981	0.58396				2
2026.05.18	00:38:12.281	0.58398				2
2026.05.18	00:38:13.182	0.58397				2
2026.05.18	00:38:13.483	0.58398				2
2026.05.18	00:38:18.284	0.58399				2
2026.05.18	00:38:18.885	0.58397				2
2026.05.18	00:38:19.191	0.58398				2
2026.05.18	00:38:19.791	0.58395				2
2026.05.18	00:38:21.898	0.58394				2
2026.05.18	00:38:24.601	0.58393				2
2026.05.18	00:38:24.905	0.58394	0.58469			6
2026.05.18	00:38:25.809	0.58393				2
2026.05.18	00:38:26.109	0.58394				2
2026.05.18	00:38:26.411	0.58395				2
2026.05.18	00:38:27.014	0.58394				2
2026.05.18	00:38:30.944	0.58395	0.58480			6
2026.05.18	00:38:31.546	0.58394	0.58467			6
2026.05.18	00:38:31.848	0.58395	0.58469			6
2026.05.18	00:38:32.750	0.58394				2
2026.05.18	00:38:33.051	0.58395				2
2026.05.18	00:38:37.267	0.58396				2
2026.05.18	00:38:38.470		0.58462			4
2026.05.18	00:38:38.769		0.58469			4
2026.05.18	00:38:39.069	0.58395				2
2026.05.18	00:38:39.670		0.58461			4
2026.05.18	00:38:39.970	0.58396	0.58469			6
2026.05.18	00:38:40.873	0.58395	0.58462			6
2026.05.18	00:38:41.174		0.58469			4
2026.05.18	00:38:42.379	0.58396				2
2026.05.18	00:38:42.978	0.58395				2
2026.05.18	00:38:44.182		0.58460			4
2026.05.18	00:38:44.482	0.58396	0.58469			6
2026.05.18	00:38:45.382		0.58460			4
2026.05.18	00:38:45.683		0.58469			4
2026.05.18	00:38:46.585		0.58460			4
2026.05.18	00:38:46.885		0.58469			4
2026.05.18	00:38:51.097	0.58395	0.58462			6
2026.05.18	00:38:51.402	0.58396	0.58469			6
2026.05.18	00:38:52.301	0.58397				2
2026.05.18	00:38:52.601	0.58396				2
2026.05.18	00:38:53.503		0.58462			4
2026.05.18	00:38:53.804		0.58469			4
2026.05.18	00:38:55.008	0.58397				2
2026.05.18	00:38:55.610	0.58398				2
2026.05.18	00:38:56.214	0.58397				2
2026.05.18	00:38:56.514	0.58396				2
2026.05.18	00:38:56.814		0.58460			4
2026.05.18	00:38:57.115		0.58469			4
2026.05.18	00:38:58.023		0.58461			4
2026.05.18	00:38:58.329	0.58395	0.58469			6
2026.05.18	00:38:59.233		0.58461			4
2026.05.18	00:38:59.535	0.58396	0.58469			6
2026.05.18	00:39:00.139	0.58396				2
2026.05.18	00:39:00.437		0.58461			4
2026.05.18	00:39:00.740		0.58469			4
2026.05.18	00:39:01.343	0.58395				2
2026.05.18	00:39:01.644	0.58396				2
2026.05.18	00:39:02.549	0.58395				2
2026.05.18	00:39:02.848	0.58396				2
2026.05.18	00:39:03.750	0.58395				2
2026.05.18	00:39:04.049	0.58396				2
2026.05.18	00:39:04.352		0.58474			4
2026.05.18	00:39:04.956		0.58465			4
2026.05.18	00:39:05.256		0.58469			4
2026.05.18	00:39:06.165	0.58398				2
2026.05.18	00:39:08.271	0.58399				2
2026.05.18	00:39:08.573	0.58398				2
2026.05.18	00:39:09.473		0.58461			4
2026.05.18	00:39:09.771		0.58469			4
2026.05.18	00:39:10.675	0.58397	0.58461			6
2026.05.18	00:39:10.976	0.58398	0.58469			6
2026.05.18	00:39:11.878	0.58397	0.58461			6
2026.05.18	00:39:12.177	0.58399	0.58469			6
2026.05.18	00:39:13.079	0.58397	0.58461			6
2026.05.18	00:39:13.378	0.58399	0.58469			6
2026.05.18	00:39:14.282	0.58398				2
2026.05.18	00:39:14.582	0.58400				2
2026.05.18	00:39:15.182	0.58413				2
2026.05.18	00:39:15.481	0.58404	0.58487			6
2026.05.18	00:39:16.386	0.58408				2
2026.05.18	00:39:17.883	0.58405				2
2026.05.18	00:39:21.198	0.58406				2
2026.05.18	00:39:23.603	0.58400	0.58488			6
2026.05.18	00:39:23.904	0.58401				2
2026.05.18	00:39:24.524	0.58402				2
2026.05.18	00:39:26.064	0.58398	0.58463			6
2026.05.18	00:39:26.665	0.58397				2
2026.05.18	00:39:33.880	0.58396				2
2026.05.18	00:39:34.180	0.58397	0.58469			6
2026.05.18	00:39:35.081	0.58396				2
2026.05.18	00:39:35.381	0.58397				2
2026.05.18	00:39:36.281	0.58399				2
2026.05.18	00:39:36.582		0.58479			4
2026.05.18	00:39:36.882		0.58470			4
2026.05.18	00:39:37.184	0.58400				2
2026.05.18	00:39:37.484	0.58398				2
2026.05.18	00:39:38.690	0.58397	0.58469			6
2026.05.18	00:39:39.595	0.58396				2
2026.05.18	00:39:39.897	0.58397				2
2026.05.18	00:39:40.800	0.58396				2
2026.05.18	00:39:41.100	0.58397				2
2026.05.18	00:39:42.004	0.58396				2
2026.05.18	00:39:42.309	0.58397				2
2026.05.18	00:39:44.118	0.58398				2
2026.05.18	00:39:44.421	0.58397				2
2026.05.18	00:39:45.022	0.58398				2
2026.05.18	00:39:45.322	0.58396				2
2026.05.18	00:39:45.626	0.58397				2
2026.05.18	00:39:45.928	0.58398				2
2026.05.18	00:39:46.530	0.58396				2
2026.05.18	00:39:46.834	0.58399	0.58490			6
2026.05.18	00:39:47.134	0.58398	0.58473			6
2026.05.18	00:39:47.736	0.58397				2
2026.05.18	00:39:48.036	0.58400	0.58477			6
2026.05.18	00:39:48.337	0.58399				2
2026.05.18	00:39:48.940	0.58397	0.58469			6
2026.05.18	00:39:49.845	0.58398				2
2026.05.18	00:39:50.145	0.58397				2
2026.05.18	00:39:50.446	0.58398	0.58471			6
2026.05.18	00:39:51.047	0.58397				2
2026.05.18	00:39:51.346	0.58398				2
2026.05.18	00:39:52.252	0.58397	0.58464			6
2026.05.18	00:39:52.553	0.58398	0.58469			6
2026.05.18	00:39:53.460	0.58397				2
2026.05.18	00:39:53.761	0.58399				2
2026.05.18	00:39:54.665	0.58397				2
2026.05.18	00:39:54.965	0.58398				2
2026.05.18	00:39:58.275	0.58399				2
2026.05.18	00:39:59.177	0.58397				2
2026.05.18	00:39:59.478	0.58398				2
2026.05.18	00:40:00.080	0.58398				2
2026.05.18	00:40:00.380	0.58397				2
2026.05.18	00:40:00.680	0.58399				2
2026.05.18	00:40:01.581	0.58397	0.58461			6
2026.05.18	00:40:02.822	0.58396				2
2026.05.18	00:40:09.824	0.58395				2
2026.05.18	00:40:12.513		0.58458			4
2026.05.18	00:40:15.824	0.58393				2
2026.05.18	00:40:20.944	0.58395				2
2026.05.18	00:40:25.160	0.58396				2
2026.05.18	00:40:32.381		0.58453			4
2026.05.18	00:40:36.290	0.58397				2
2026.05.18	00:40:37.497	0.58398				2
2026.05.18	00:40:51.362	0.58399				2
2026.05.18	00:40:51.663	0.58398				2
2026.05.18	00:41:00.079	0.58398				2
2026.05.18	00:41:03.081	0.58399				2
2026.05.18	00:41:07.598	0.58391	0.58442			6
2026.05.18	00:41:07.898	0.58393	0.58445			6
2026.05.18	00:41:15.897		0.58444			4
2026.05.18	00:41:16.498	0.58394				2
2026.05.18	00:41:17.698	0.58393				2
2026.05.18	00:41:24.014	0.58394				2
2026.05.18	00:41:24.315		0.58442			4
2026.05.18	00:41:30.641	0.58393				2
2026.05.18	00:41:34.265	0.58392				2
2026.05.18	00:41:36.069	0.58393				2
2026.05.18	00:41:39.978	0.58392				2
2026.05.18	00:41:41.480	0.58393				2
2026.05.18	00:41:41.781	0.58392				2
2026.05.18	00:42:00.159	0.58392				2
2026.05.18	00:42:01.363	0.58394				2
2026.05.18	00:42:07.980		0.58440			4
2026.05.18	00:42:11.284	0.58393				2
2026.05.18	00:42:11.584	0.58394	0.58442			6
2026.05.18	00:42:18.504		0.58443			4
2026.05.18	00:42:21.832	0.58393				2
2026.05.18	00:42:22.730	0.58392				2
2026.05.18	00:42:27.484	0.58390				2
2026.05.18	00:42:32.925	0.58391				2
2026.05.18	00:42:43.858	0.58392				2
2026.05.18	00:42:48.214		0.58441			4
2026.05.18	00:42:51.231		0.58443			4
2026.05.18	00:42:56.540		0.58438			4
2026.05.18	00:43:00.154	0.58392				2
2026.05.18	00:43:15.798	0.58377	0.58427			6
2026.05.18	00:43:16.398		0.58426			4
2026.05.18	00:43:18.200		0.58425			4
2026.05.18	00:43:20.308	0.58374				2
2026.05.18	00:43:20.608	0.58367				2
2026.05.18	00:43:27.237	0.58365	0.58424			6
2026.05.18	00:43:30.230	0.58370	0.58422			6
2026.05.18	00:43:31.289	0.58369				2
2026.05.18	00:43:41.484	0.58367				2
2026.05.18	00:43:44.980	0.58364	0.58426			6
2026.05.18	00:43:45.281		0.58424			4
2026.05.18	00:43:48.645		0.58422			4
2026.05.18	00:43:50.954	0.58362				2
2026.05.18	00:44:00.224	0.58362				2
2026.05.18	00:44:02.330	0.58363				2
2026.05.18	00:44:19.125	0.58364				2
2026.05.18	00:44:27.281		0.58426			4
2026.05.18	00:44:30.194		0.58425			4
2026.05.18	00:44:41.335	0.58369				2
2026.05.18	00:44:45.245		0.58422			4
2026.05.18	00:45:00.282	0.58369				2
2026.05.18	00:45:02.988		0.58423			4
2026.05.18	00:45:05.698		0.58422			4
2026.05.18	00:45:22.245		0.58423			4
2026.05.18	00:45:31.268	0.58364				2
2026.05.18	00:45:47.924	0.58365				2
2026.05.18	00:45:52.129		0.58422			4
2026.05.18	00:46:00.261	0.58365				2
2026.05.18	00:46:01.461		0.58423			4
2026.05.18	00:46:01.760	0.58364				2
2026.05.18	00:46:11.484	0.58365				2
2026.05.18	00:46:45.076		0.58420			4
2026.05.18	00:47:00.035	0.58365				2
2026.05.18	00:47:02.674	0.58364	0.58424			6
2026.05.18	00:47:04.779	0.58365	0.58420			6
2026.05.18	00:47:08.025	0.58366				2
2026.05.18	00:47:11.562		0.58421			4
2026.05.18	00:47:22.254	0.58365				2
2026.05.18	00:47:33.224	0.58366				2
2026.05.18	00:48:00.524	0.58366				2
2026.05.18	00:48:11.924		0.58421			4
2026.05.18	00:48:26.324	0.58367				2
2026.05.18	00:48:30.253	0.58366				2
2026.05.18	00:49:00.224	0.58367				2
2026.05.18	00:49:01.020		0.58419			4
2026.05.18	00:49:01.321	0.58368				2
2026.05.18	00:49:03.691	0.58364	0.58424			6
2026.05.18	00:49:05.025	0.58363				2
2026.05.18	00:49:13.049		0.58420			4
2026.05.18	00:49:24.779		0.58424			4
2026.05.18	00:49:26.028	0.58364				2
2026.05.18	00:49:27.295		0.58425			4
2026.05.18	00:49:39.496		0.58422			4
2026.05.18	00:50:00.224	0.58364				2
2026.05.18	00:50:03.904	0.58365				2
2026.05.18	00:50:04.204	0.58366	0.58423			6
2026.05.18	00:50:04.580		0.58426			4
2026.05.18	00:50:04.880	0.58370	0.58422			6
2026.05.18	00:50:06.528	0.58372				2
2026.05.18	00:50:09.094	0.58370				2
2026.05.18	00:50:09.397	0.58368	0.58420			6
2026.05.18	00:50:13.060	0.58369				2
2026.05.18	00:50:16.125	0.58368				2
2026.05.18	00:50:29.025	0.58367				2
2026.05.18	00:50:34.536		0.58418			4
2026.05.18	00:50:37.846	0.58369	0.58419			6
2026.05.18	00:50:39.660		0.58418			4
2026.05.18	00:50:41.465		0.58422			4
2026.05.18	00:50:41.767	0.58368	0.58423			6
2026.05.18	00:50:42.068		0.58425			4
2026.05.18	00:50:51.824	0.58367				2
2026.05.18	00:50:56.094		0.58422			4
2026.05.18	00:51:03.224	0.58367				2
2026.05.18	00:51:06.397	0.58366				2
2026.05.18	00:51:22.236	0.58370				2
2026.05.18	00:51:25.125	0.58369				2
2026.05.18	00:51:26.720	0.58371	0.58423			6
2026.05.18	00:51:31.425	0.58372				2
2026.05.18	00:51:31.953		0.58422			4
2026.05.18	00:51:36.913	0.58371				2
2026.05.18	00:51:37.725	0.58372				2
2026.05.18	00:51:42.254	0.58371				2
2026.05.18	00:51:49.357	0.58372				2
2026.05.18	00:52:01.954	0.58372				2
2026.05.18	00:52:27.759		0.58418			4
2026.05.18	00:53:00.242	0.58372				2
2026.05.18	00:53:17.680	0.58370	0.58413			6
2026.05.18	00:53:26.697	0.58369				2
2026.05.18	00:53:32.111	0.58371	0.58417			6
2026.05.18	00:53:35.127		0.58415			4
2026.05.18	00:53:56.182		0.58414			4
2026.05.18	00:54:00.089	0.58371				2
2026.05.18	00:54:02.196		0.58413			4
2026.05.18	00:54:32.281	0.58381				2
2026.05.18	00:54:32.881	0.58377				2
2026.05.18	00:54:33.182	0.58371	0.58408			6
2026.05.18	00:54:47.325		0.58409			4
2026.05.18	00:55:00.261	0.58371				2
2026.05.18	00:55:02.666	0.58387				2
2026.05.18	00:55:25.655	0.58375				2
2026.05.18	00:55:25.956		0.58411			4
2026.05.18	00:55:47.916		0.58408			4
2026.05.18	00:56:00.268	0.58375				2
2026.05.18	00:56:00.565		0.58409			4
2026.05.18	00:57:00.170	0.58375				2
2026.05.18	00:57:00.770		0.58409			4
2026.05.18	00:57:05.278		0.58413			4
2026.05.18	00:57:10.686		0.58412			4
2026.05.18	00:57:13.701		0.58413			4
2026.05.18	00:57:14.601		0.58412			4
2026.05.18	00:57:15.503		0.58413			4
2026.05.18	00:57:18.517		0.58412			4
2026.05.18	00:57:20.327		0.58413			4
2026.05.18	00:57:21.534		0.58412			4
2026.05.18	00:57:24.546		0.58411			4
2026.05.18	00:57:31.472		0.58410			4
2026.05.18	00:57:45.303		0.58412			4
2026.05.18	00:57:45.602	0.58373				2
2026.05.18	00:57:45.904	0.58375				2
2026.05.18	00:58:00.045	0.58375				2
2026.05.18	00:58:24.090	0.58377	0.58467			6
2026.05.18	00:58:24.390		0.58478			4
2026.05.18	00:58:26.493		0.58466			4
2026.05.18	00:58:27.091		0.58472			4
2026.05.18	00:58:31.600	0.58378				2
2026.05.18	00:58:31.901	0.58384				2
2026.05.18	00:58:40.624		0.58476			4
2026.05.18	00:58:41.830	0.58382				2
2026.05.18	00:58:42.435	0.58383				2
2026.05.18	00:58:46.963	0.58384				2
2026.05.18	00:58:47.265	0.58385				2
2026.05.18	00:58:50.269	0.58384				2
2026.05.18	00:58:55.079	0.58385				2
2026.05.18	00:58:56.881	0.58384				2
2026.05.18	00:58:59.886	0.58395	0.58477			6
2026.05.18	00:59:00.188	0.58395				2
2026.05.18	00:59:21.251		0.58481			4
2026.05.18	00:59:31.783		0.58484			4
2026.05.18	00:59:51.642	0.58396				2
2026.05.18	00:59:55.558	0.58395	0.58476			6
2026.05.18	00:59:56.460	0.58398	0.58467			6
2026.05.18	00:59:57.664	0.58395				2
2026.05.18	00:59:59.168	0.58398				2
2026.05.18	01:00:00.072	0.58399				2
2026.05.18	01:00:00.369		0.58457			4
2026.05.18	01:00:01.873		0.58456			4
2026.05.18	01:00:03.077	0.58396				2
2026.05.18	01:00:03.975	0.58397				2
2026.05.18	01:00:05.778	0.58399				2
2026.05.18	01:00:06.081		0.58457			4
2026.05.18	01:00:06.681		0.58456			4
2026.05.18	01:00:10.583		0.58455			4
2026.05.18	01:00:12.682		0.58452			4
2026.05.18	01:00:12.984		0.58450			4
2026.05.18	01:00:14.784		0.58448			4
2026.05.18	01:00:15.387		0.58443			4
2026.05.18	01:00:15.684	0.58381	0.58440			6
2026.05.18	01:00:15.988		0.58438			4
2026.05.18	01:00:16.286	0.58379	0.58436			6
2026.05.18	01:00:17.488		0.58433			4
2026.05.18	01:00:22.293		0.58430			4
2026.05.18	01:00:23.496		0.58428			4
2026.05.18	01:00:30.406		0.58425			4
2026.05.18	01:00:33.714	0.58378	0.58444			6
2026.05.18	01:00:34.014		0.58442			4
2026.05.18	01:00:40.326		0.58435			4
2026.05.18	01:00:43.028	0.58377	0.58443			6
2026.05.18	01:00:43.330		0.58440			4
2026.05.18	01:00:49.640		0.58435			4
2026.05.18	01:00:50.841		0.58432			4
2026.05.18	01:00:54.746		0.58429			4
2026.05.18	01:00:55.348		0.58422			4
2026.05.18	01:00:55.650		0.58420			4
2026.05.18	01:00:57.449		0.58418			4
2026.05.18	01:01:00.158	0.58377	0.58412			6
2026.05.18	01:01:00.757		0.58402			4
2026.05.18	01:01:01.956	0.58376				2
2026.05.18	01:01:02.856		0.58403			4
2026.05.18	01:01:03.763		0.58400			4
2026.05.18	01:01:15.471		0.58396			4
2026.05.18	01:01:15.772		0.58397			4
2026.05.18	01:01:16.074		0.58394			4
2026.05.18	01:01:19.076	0.58379	0.58395			6
2026.05.18	01:01:22.978	0.58364	0.58389			6
2026.05.18	01:01:23.283	0.58363				2
2026.05.18	01:01:24.184	0.58365	0.58391			6
2026.05.18	01:01:24.485	0.58367				2
2026.05.18	01:01:24.781		0.58389			4
2026.05.18	01:01:27.784	0.58368				2
2026.05.18	01:01:28.086	0.58367				2
2026.05.18	01:01:28.383	0.58369				2
2026.05.18	01:01:28.986	0.58372				2
2026.05.18	01:01:29.585	0.58373				2
2026.05.18	01:01:34.988	0.58372				2
2026.05.18	01:01:36.794	0.58373				2
2026.05.18	01:01:40.697	0.58372				2
2026.05.18	01:01:40.998	0.58385	0.58388			6
2026.05.18	01:01:42.502	0.58383	0.58386			6
2026.05.18	01:01:44.602	0.58382	0.58385			6
2026.05.18	01:01:50.014	0.58380	0.58383			6
2026.05.18	01:01:55.120	0.58378	0.58381			6
2026.05.18	01:01:56.923	0.58379				2
2026.05.18	01:01:57.221	0.58377	0.58380			6
2026.05.18	01:02:00.226	0.58377				2
2026.05.18	01:02:01.429	0.58373	0.58384			6
2026.05.18	01:02:05.337	0.58377	0.58380			6
2026.05.18	01:02:06.239	0.58378	0.58381			6
2026.05.18	01:02:06.542	0.58377	0.58380			6
2026.05.18	01:02:15.545	0.58380	0.58381			6
2026.05.18	01:02:16.149	0.58381	0.58382			6
2026.05.18	01:02:17.349	0.58382	0.58383			6
2026.05.18	01:02:17.645	0.58386	0.58387			6
2026.05.18	01:02:19.152		0.58401			4
2026.05.18	01:02:20.655	0.58385	0.58386			6
2026.05.18	01:02:24.559	0.58387	0.58388			6
2026.05.18	01:02:24.859	0.58389	0.58404			6
2026.05.18	01:02:25.757	0.58390				2
2026.05.18	01:02:26.060		0.58391			4
2026.05.18	01:02:28.166	0.58388	0.58390			6
2026.05.18	01:02:29.965	0.58390	0.58404			6
2026.05.18	01:02:30.268	0.58389	0.58390			6
2026.05.18	01:02:35.370	0.58390	0.58391			6
2026.05.18	01:02:37.173		0.58405			4
2026.05.18	01:02:40.182		0.58391			4
2026.05.18	01:02:47.384		0.58407			4
2026.05.18	01:02:51.589		0.58410			4
2026.05.18	01:02:56.697		0.58392			4
2026.05.18	01:03:00.002	0.58390				2
2026.05.18	01:03:10.515		0.58409			4
2026.05.18	01:03:15.926	0.58391	0.58392			6
2026.05.18	01:03:19.541	0.58393	0.58394			6
2026.05.18	01:03:21.341	0.58394	0.58395			6
2026.05.18	01:03:40.874	0.58393				2
2026.05.18	01:03:46.282		0.58394			4
2026.05.18	01:03:51.387	0.58394	0.58395			6
2026.05.18	01:03:57.093		0.58410			4
2026.05.18	01:03:58.899	0.58392				2
2026.05.18	01:03:59.201		0.58393			4
2026.05.18	01:04:00.102	0.58392				2
2026.05.18	01:04:10.621	0.58393	0.58394			6
2026.05.18	01:04:15.732	0.58390	0.58391			6
2026.05.18	01:04:19.937		0.58392			4
2026.05.18	01:04:34.059	0.58389	0.58391			6
2026.05.18	01:04:39.773	0.58390	0.58392			6
2026.05.18	01:04:40.669	0.58388	0.58390			6
2026.05.18	01:04:49.080	0.58389				2
2026.05.18	01:04:49.379	0.58392	0.58394			6
2026.05.18	01:04:57.185	0.58391	0.58393			6
2026.05.18	01:05:00.193	0.58391				2
2026.05.18	01:05:14.908	0.58392	0.58394			6
2026.05.18	01:05:23.630		0.58410			4
2026.05.18	01:05:24.526	0.58394	0.58412			6
2026.05.18	01:05:24.826	0.58395	0.58397			6
2026.05.18	01:05:25.428	0.58396	0.58398			6
2026.05.18	01:05:29.939	0.58395	0.58396			6
2026.05.18	01:05:31.140	0.58396	0.58397			6
2026.05.18	01:05:41.064	0.58397	0.58398			6
2026.05.18	01:05:53.081	0.58400	0.58402			6
2026.05.18	01:05:56.687		0.58418			4
2026.05.18	01:05:56.983	0.58408	0.58410			6
2026.05.18	01:05:57.284	0.58405	0.58407			6
2026.05.18	01:05:58.186	0.58403	0.58421			6
2026.05.18	01:06:00.290	0.58403				2
2026.05.18	01:06:05.092	0.58406	0.58408			6
2026.05.18	01:06:07.189	0.58407	0.58409			6
2026.05.18	01:06:08.392	0.58406				2
2026.05.18	01:06:09.296	0.58407				2
2026.05.18	01:06:10.195	0.58403	0.58405			6
2026.05.18	01:06:11.398	0.58404	0.58406			6
2026.05.18	01:06:16.205	0.58406	0.58408			6
2026.05.18	01:06:18.610	0.58404	0.58406			6
2026.05.18	01:06:19.212	0.58403				2
2026.05.18	01:06:21.614		0.58404			4
2026.05.18	01:06:22.213		0.58406			4
2026.05.18	01:06:23.115	0.58400	0.58403			6
2026.05.18	01:06:23.416		0.58402			4
2026.05.18	01:06:27.329	0.58398	0.58401			6
2026.05.18	01:06:30.335	0.58401	0.58404			6
2026.05.18	01:06:31.534	0.58402	0.58405			6
2026.05.18	01:06:31.838	0.58399	0.58417			6
2026.05.18	01:06:32.138	0.58397				2
2026.05.18	01:06:32.440	0.58402	0.58405			6
2026.05.18	01:06:32.739	0.58396	0.58416			6
2026.05.18	01:06:33.037	0.58401	0.58404			6
2026.05.18	01:06:33.339	0.58402	0.58405			6
2026.05.18	01:06:33.640	0.58395	0.58416			6
2026.05.18	01:06:33.939	0.58401	0.58404			6
2026.05.18	01:06:34.240	0.58402	0.58405			6
2026.05.18	01:06:34.543	0.58403	0.58406			6
2026.05.18	01:06:34.845	0.58395	0.58416			6
2026.05.18	01:06:35.141	0.58402	0.58405			6
2026.05.18	01:06:35.443	0.58401	0.58404			6
2026.05.18	01:06:35.744	0.58400	0.58403			6
2026.05.18	01:06:36.045	0.58401	0.58404			6
2026.05.18	01:06:42.053	0.58402	0.58405			6
2026.05.18	01:06:42.355	0.58403	0.58406			6
2026.05.18	01:06:47.766	0.58402	0.58405			6
2026.05.18	01:06:52.274	0.58401	0.58404			6
2026.05.18	01:06:52.577	0.58400	0.58401			6
2026.05.18	01:06:53.179	0.58402	0.58405			6
2026.05.18	01:06:53.476	0.58400	0.58403			6
2026.05.18	01:06:54.075	0.58399	0.58401			6
2026.05.18	01:06:54.677		0.58402			4
2026.05.18	01:07:00.087	0.58399				2
2026.05.18	01:07:00.685	0.58400	0.58403			6
2026.05.18	01:07:03.687	0.58401	0.58404			6
2026.05.18	01:07:10.293	0.58402	0.58405			6
2026.05.18	01:07:16.302	0.58403				2
2026.05.18	01:07:19.903	0.58402	0.58404			6
2026.05.18	01:07:28.320	0.58403	0.58405			6
2026.05.18	01:07:31.330	0.58404	0.58406			6
2026.05.18	01:07:32.225	0.58405	0.58407			6
2026.05.18	01:07:33.726	0.58404	0.58406			6
2026.05.18	01:07:34.933		0.58405			4
2026.05.18	01:07:35.232		0.58406			4
2026.05.18	01:07:36.133	0.58405	0.58408			6
2026.05.18	01:07:40.942	0.58404	0.58420			6
2026.05.18	01:07:44.849		0.58419			4
2026.05.18	01:07:46.046	0.58405	0.58408			6
2026.05.18	01:07:46.647	0.58404	0.58407			6
2026.05.18	01:07:50.858		0.58421			4
2026.05.18	01:07:51.162		0.58422			4
2026.05.18	01:07:57.475		0.58421			4
2026.05.18	01:08:00.181	0.58404				2
2026.05.18	01:08:00.779	0.58405				2
2026.05.18	01:08:02.277	0.58402	0.58404			6
2026.05.18	01:08:02.581		0.58405			4
2026.05.18	01:08:02.878		0.58403			4
2026.05.18	01:08:05.284	0.58400				2
2026.05.18	01:08:06.786	0.58403	0.58404			6
2026.05.18	01:08:07.082	0.58400	0.58403			6
2026.05.18	01:08:13.092	0.58401	0.58404			6
2026.05.18	01:08:14.591	0.58403				2
2026.05.18	01:08:14.891	0.58408	0.58410			6
2026.05.18	01:08:15.189		0.58409			4
2026.05.18	01:08:15.493	0.58397	0.58415			6
2026.05.18	01:08:16.396	0.58396	0.58414			6
2026.05.18	01:08:18.201	0.58397	0.58401			6
2026.05.18	01:08:18.499	0.58396	0.58414			6
2026.05.18	01:08:21.505	0.58397	0.58401			6
2026.05.18	01:08:34.431	0.58396	0.58399			6
2026.05.18	01:08:39.543		0.58400			4
2026.05.18	01:08:40.743		0.58411			4
2026.05.18	01:08:41.647	0.58397	0.58401			6
2026.05.18	01:08:42.549	0.58396	0.58400			6
2026.05.18	01:08:42.849	0.58397	0.58401			6
2026.05.18	01:08:47.961	0.58396	0.58400			6
2026.05.18	01:08:48.866	0.58397	0.58401			6
2026.05.18	01:08:49.164	0.58396	0.58400			6
2026.05.18	01:08:50.370		0.58399			4
2026.05.18	01:08:57.879	0.58401	0.58405			6
2026.05.18	01:08:58.179	0.58396	0.58411			6
2026.05.18	01:08:58.479	0.58401	0.58405			6
2026.05.18	01:09:00.283	0.58401				2
2026.05.18	01:09:03.286	0.58402	0.58406			6
2026.05.18	01:09:04.786	0.58406	0.58410			6
2026.05.18	01:09:06.284	0.58401	0.58419			6
2026.05.18	01:09:09.587	0.58407	0.58410			6
2026.05.18	01:09:09.889	0.58406	0.58409			6
2026.05.18	01:09:27.009	0.58405	0.58408			6
2026.05.18	01:09:30.623	0.58404	0.58407			6
2026.05.18	01:09:32.726	0.58403	0.58406			6
2026.05.18	01:09:35.729	0.58402	0.58405			6
2026.05.18	01:09:43.543	0.58405	0.58406			6
2026.05.18	01:09:43.845	0.58399	0.58402			6
2026.05.18	01:09:56.760	0.58398	0.58401			6
2026.05.18	01:10:00.069	0.58400	0.58403			6
2026.05.18	01:10:00.367	0.58402	0.58405			6
2026.05.18	01:10:00.668	0.58401	0.58404			6
2026.05.18	01:10:02.766	0.58403	0.58406			6
2026.05.18	01:10:03.066	0.58402	0.58405			6
2026.05.18	01:10:03.369	0.58401	0.58404			6
2026.05.18	01:10:03.969	0.58400	0.58403			6
2026.05.18	01:10:04.571	0.58403	0.58406			6
2026.05.18	01:10:04.868	0.58402	0.58405			6
2026.05.18	01:10:16.286	0.58403	0.58406			6
2026.05.18	01:10:16.584	0.58402	0.58405			6
2026.05.18	01:10:16.882	0.58403	0.58406			6
2026.05.18	01:10:17.779	0.58402	0.58405			6
2026.05.18	01:10:18.386	0.58403	0.58406			6
2026.05.18	01:10:22.885	0.58404	0.58407			6
2026.05.18	01:10:32.192	0.58403	0.58406			6
2026.05.18	01:10:32.790	0.58400	0.58403			6
2026.05.18	01:10:33.992	0.58402	0.58405			6
2026.05.18	01:10:38.504	0.58403	0.58406			6
2026.05.18	01:10:39.104	0.58401	0.58404			6
2026.05.18	01:10:41.503	0.58400	0.58403			6
2026.05.18	01:10:43.303	0.58409	0.58410			6
2026.05.18	01:10:43.603	0.58410	0.58411			6
2026.05.18	01:10:50.813	0.58409	0.58410			6
2026.05.18	01:10:51.112	0.58410	0.58411			6
2026.05.18	01:10:54.722	0.58409	0.58410			6
2026.05.18	01:10:55.024	0.58410	0.58411			6
2026.05.18	01:10:55.322	0.58411	0.58412			6
2026.05.18	01:10:56.523	0.58409	0.58410			6
2026.05.18	01:10:57.126	0.58411	0.58413			6
2026.05.18	01:11:00.133	0.58412				2
2026.05.18	01:11:01.030	0.58413	0.58414			6
2026.05.18	01:11:02.228	0.58414	0.58415			6
2026.05.18	01:11:05.834	0.58412	0.58413			6
2026.05.18	01:11:06.134	0.58411	0.58412			6
2026.05.18	01:11:06.735	0.58410	0.58411			6
2026.05.18	01:11:07.035	0.58409	0.58410			6
2026.05.18	01:11:07.336	0.58410	0.58411			6
2026.05.18	01:11:07.936	0.58412	0.58413			6
2026.05.18	01:11:08.237	0.58404	0.58408			6
2026.05.18	01:11:09.136	0.58403	0.58407			6
2026.05.18	01:11:10.944	0.58413	0.58414			6
2026.05.18	01:11:12.747	0.58414	0.58415			6
2026.05.18	01:11:15.749	0.58413	0.58414			6
2026.05.18	01:11:16.954	0.58412	0.58413			6
2026.05.18	01:11:17.851	0.58411	0.58412			6
2026.05.18	01:11:19.355	0.58412	0.58413			6
2026.05.18	01:11:19.958	0.58411	0.58412			6
2026.05.18	01:11:21.458	0.58406	0.58407			6
2026.05.18	01:11:22.060	0.58404				2
2026.05.18	01:11:22.359	0.58405				2
2026.05.18	01:11:22.662	0.58406				2
2026.05.18	01:11:22.958	0.58403				2
2026.05.18	01:11:23.862	0.58402	0.58406			6
2026.05.18	01:11:24.160	0.58401	0.58405			6
2026.05.18	01:11:28.067	0.58399	0.58403			6
2026.05.18	01:11:29.269	0.58400				2
2026.05.18	01:11:29.566		0.58404			4
2026.05.18	01:11:40.681	0.58401				2
2026.05.18	01:11:49.386		0.58405			4
2026.05.18	01:11:55.093	0.58402	0.58406			6
2026.05.18	01:12:00.204	0.58402				2
2026.05.18	01:12:08.612	0.58401	0.58405			6
2026.05.18	01:12:29.356	0.58400	0.58404			6
2026.05.18	01:12:29.657	0.58399	0.58403			6
2026.05.18	01:12:45.884	0.58400				2
2026.05.18	01:12:46.785	0.58399				2
2026.05.18	01:12:57.300		0.58402			4
2026.05.18	01:12:59.104	0.58398	0.58401			6
2026.05.18	01:13:00.005	0.58398				2
2026.05.18	01:13:00.302	0.58399	0.58402			6
2026.05.18	01:13:03.304	0.58398	0.58401			6
2026.05.18	01:13:05.406	0.58397	0.58400			6
2026.05.18	01:13:05.705	0.58396	0.58399			6
2026.05.18	01:13:06.005	0.58397	0.58400			6
2026.05.18	01:13:09.016	0.58401	0.58404			6
2026.05.18	01:13:09.317	0.58402	0.58405			6
2026.05.18	01:13:09.618	0.58401	0.58404			6
2026.05.18	01:13:10.520	0.58400	0.58403			6
2026.05.18	01:13:12.020	0.58402	0.58405			6
2026.05.18	01:13:13.520	0.58401	0.58404			6
2026.05.18	01:13:17.135	0.58400	0.58403			6
2026.05.18	01:13:21.046	0.58401	0.58404			6
2026.05.18	01:13:24.956	0.58397	0.58400			6
2026.05.18	01:13:25.556	0.58399	0.58402			6
2026.05.18	01:13:27.360	0.58400	0.58403			6
2026.05.18	01:13:27.659	0.58401	0.58404			6
2026.05.18	01:13:28.562	0.58399	0.58402			6
2026.05.18	01:13:28.863	0.58401				2
2026.05.18	01:13:29.162	0.58400	0.58403			6
2026.05.18	01:13:29.462	0.58403	0.58406			6
2026.05.18	01:13:29.765	0.58400	0.58403			6
2026.05.18	01:13:30.063	0.58403	0.58406			6
2026.05.18	01:13:30.364	0.58400	0.58403			6
2026.05.18	01:13:30.669		0.58402			4
2026.05.18	01:13:30.963	0.58399				2
2026.05.18	01:13:31.265	0.58396	0.58399			6
2026.05.18	01:13:31.564	0.58401	0.58404			6
2026.05.18	01:13:31.869	0.58398	0.58401			6
2026.05.18	01:13:32.168	0.58395	0.58398			6
2026.05.18	01:13:33.070	0.58398	0.58401			6
2026.05.18	01:13:33.367	0.58399	0.58402			6
2026.05.18	01:13:33.972	0.58397	0.58400			6
2026.05.18	01:13:38.774	0.58395	0.58398			6
2026.05.18	01:13:39.077	0.58396	0.58399			6
2026.05.18	01:13:45.683	0.58397	0.58400			6
2026.05.18	01:13:52.287	0.58396	0.58399			6
2026.05.18	01:13:55.893	0.58397	0.58400			6
2026.05.18	01:13:57.098	0.58398	0.58401			6
2026.05.18	01:13:58.299	0.58396	0.58399			6
2026.05.18	01:13:58.598	0.58397	0.58400			6
2026.05.18	01:14:00.107	0.58397				2
2026.05.18	01:14:00.406	0.58396	0.58399			6
2026.05.18	01:14:03.414	0.58398	0.58401			6
2026.05.18	01:14:06.123	0.58397	0.58400			6
2026.05.18	01:14:06.423	0.58396	0.58399			6
2026.05.18	01:14:06.725	0.58395	0.58398			6
2026.05.18	01:14:13.950	0.58396	0.58399			6
2026.05.18	01:14:15.450	0.58395	0.58398			6
2026.05.18	01:14:22.074	0.58396	0.58399			6
2026.05.18	01:14:23.276	0.58397				2
2026.05.18	01:14:28.686	0.58396	0.58398			6
2026.05.18	01:14:58.742	0.58394	0.58396			6
2026.05.18	01:14:59.043	0.58395	0.58397			6
2026.05.18	01:14:59.341	0.58396	0.58398			6
2026.05.18	01:15:00.245	0.58398	0.58400			6
2026.05.18	01:15:00.845	0.58396	0.58398			6
2026.05.18	01:15:01.145	0.58395	0.58397			6
2026.05.18	01:15:01.445	0.58396	0.58398			6
2026.05.18	01:15:05.650	0.58395	0.58397			6
2026.05.18	01:15:06.250	0.58394	0.58396			6
2026.05.18	01:15:09.570	0.58392	0.58394			6
2026.05.18	01:15:09.869	0.58391	0.58393			6
2026.05.18	01:15:10.169	0.58394	0.58395			6
2026.05.18	01:15:10.467	0.58399	0.58401			6
2026.05.18	01:15:10.768	0.58397	0.58399			6
2026.05.18	01:15:12.272	0.58395	0.58397			6
2026.05.18	01:15:13.773	0.58394	0.58396			6
2026.05.18	01:15:14.073	0.58395	0.58397			6
2026.05.18	01:15:14.974	0.58396	0.58398			6
2026.05.18	01:15:15.576	0.58395	0.58397			6
2026.05.18	01:15:20.984	0.58396	0.58398			6
2026.05.18	01:15:25.190	0.58395	0.58397			6
2026.05.18	01:15:29.098	0.58396	0.58398			6
2026.05.18	01:15:29.398	0.58398	0.58400			6
2026.05.18	01:15:29.695	0.58399	0.58401			6
2026.05.18	01:15:31.202	0.58398	0.58400			6
2026.05.18	01:15:31.498	0.58400	0.58402			6
2026.05.18	01:15:31.803	0.58398	0.58400			6
2026.05.18	01:15:33.302	0.58399	0.58401			6
2026.05.18	01:15:34.803	0.58398	0.58400			6
2026.05.18	01:15:35.103	0.58396	0.58398			6
2026.05.18	01:15:36.305	0.58395	0.58397			6
2026.05.18	01:15:39.307	0.58387	0.58389			6
2026.05.18	01:15:39.608	0.58388	0.58390			6
2026.05.18	01:15:39.908	0.58390	0.58392			6
2026.05.18	01:15:40.206	0.58392	0.58394			6
2026.05.18	01:15:54.947	0.58393	0.58395			6
2026.05.18	01:15:55.252	0.58395	0.58397			6
2026.05.18	01:15:59.163	0.58390	0.58392			6
2026.05.18	01:15:59.460	0.58391	0.58393			6
2026.05.18	01:15:59.761	0.58388	0.58390			6
2026.05.18	01:16:00.068	0.58393	0.58395			6
2026.05.18	01:16:00.360	0.58395	0.58397			6
2026.05.18	01:16:00.665	0.58392	0.58394			6
2026.05.18	01:16:00.963	0.58394	0.58396			6
2026.05.18	01:16:01.264	0.58395	0.58397			6
2026.05.18	01:16:01.566	0.58393	0.58395			6
2026.05.18	01:16:01.863	0.58395	0.58397			6
2026.05.18	01:16:02.765	0.58394	0.58396			6
2026.05.18	01:16:05.468	0.58392	0.58393			6
2026.05.18	01:16:06.072	0.58390	0.58392			6
2026.05.18	01:16:06.369	0.58391	0.58393			6
2026.05.18	01:16:07.871	0.58388	0.58390			6
2026.05.18	01:16:08.169	0.58391	0.58392			6
2026.05.18	01:16:08.469	0.58389	0.58391			6
2026.05.18	01:16:08.769	0.58391	0.58393			6
2026.05.18	01:16:09.972	0.58392	0.58394			6
2026.05.18	01:16:11.180	0.58391	0.58393			6
2026.05.18	01:16:13.281	0.58392	0.58394			6
2026.05.18	01:16:13.585	0.58391	0.58393			6
2026.05.18	01:16:18.386	0.58393	0.58395			6
2026.05.18	01:16:18.687	0.58392	0.58394			6
2026.05.18	01:16:19.285	0.58391	0.58393			6
2026.05.18	01:16:19.884	0.58392	0.58394			6
2026.05.18	01:16:24.090	0.58391	0.58393			6
2026.05.18	01:16:25.290	0.58390	0.58392			6
2026.05.18	01:16:26.490	0.58392	0.58394			6
2026.05.18	01:16:27.693	0.58390	0.58392			6
2026.05.18	01:16:27.994	0.58392	0.58394			6
2026.05.18	01:16:34.906	0.58391	0.58393			6
2026.05.18	01:16:35.204	0.58392	0.58394			6
2026.05.18	01:16:35.506	0.58390	0.58392			6
2026.05.18	01:16:36.409	0.58389	0.58391			6
2026.05.18	01:16:36.709	0.58392	0.58394			6
2026.05.18	01:16:50.251		0.58393			4
2026.05.18	01:17:00.172	0.58392				2
2026.05.18	01:17:15.186	0.58391				2
2026.05.18	01:17:19.696	0.58389	0.58390			6
2026.05.18	01:17:26.603	0.58392	0.58394			6
2026.05.18	01:17:26.902	0.58393				2
2026.05.18	01:17:27.204	0.58394	0.58395			6
2026.05.18	01:17:33.811	0.58391	0.58393			6
2026.05.18	01:17:34.115	0.58396	0.58397			6
2026.05.18	01:17:34.414	0.58397	0.58398			6
2026.05.18	01:17:34.714	0.58395	0.58397			6
2026.05.18	01:17:35.914	0.58394	0.58396			6
2026.05.18	01:17:36.516	0.58397	0.58398			6
2026.05.18	01:17:37.115	0.58396				2
2026.05.18	01:17:37.720	0.58394	0.58395			6
2026.05.18	01:17:38.019	0.58396	0.58398			6
2026.05.18	01:17:38.321	0.58394	0.58396			6
2026.05.18	01:17:40.420	0.58393	0.58395			6
2026.05.18	01:17:40.721	0.58394	0.58396			6
2026.05.18	01:17:48.839	0.58392	0.58394			6
2026.05.18	01:17:49.142	0.58393	0.58395			6
2026.05.18	01:17:55.154	0.58394				2
2026.05.18	01:17:56.356	0.58392	0.58394			6
2026.05.18	01:18:00.272	0.58392				2
2026.05.18	01:18:09.881	0.58397	0.58398			6
2026.05.18	01:18:11.377		0.58399			4
2026.05.18	01:18:28.201		0.58398			4
2026.05.18	01:18:53.467	0.58395	0.58397			6
2026.05.18	01:18:53.765	0.58394	0.58396			6
2026.05.18	01:18:56.468	0.58396	0.58398			6
2026.05.18	01:19:00.075	0.58396				2
2026.05.18	01:19:00.372	0.58397	0.58399			6
2026.05.18	01:19:01.275		0.58398			4
2026.05.18	01:19:04.279		0.58399			4
2026.05.18	01:19:10.286	0.58398	0.58400			6
2026.05.18	01:19:10.886	0.58399				2
2026.05.18	01:19:19.008	0.58397	0.58398			6
2026.05.18	01:19:21.411	0.58395	0.58396			6
2026.05.18	01:19:21.713		0.58397			4
2026.05.18	01:19:22.015		0.58396			4
2026.05.18	01:19:22.915	0.58397	0.58399			6
2026.05.18	01:19:23.217	0.58395	0.58397			6
2026.05.18	01:19:24.719	0.58393	0.58394			6
2026.05.18	01:19:25.018	0.58394	0.58396			6
2026.05.18	01:19:25.621	0.58395	0.58397			6
2026.05.18	01:19:25.920	0.58397	0.58398			6
2026.05.18	01:19:28.327	0.58396				2
2026.05.18	01:19:28.626	0.58395	0.58396			6
2026.05.18	01:19:29.833	0.58394	0.58395			6
2026.05.18	01:19:30.130	0.58395	0.58396			6
2026.05.18	01:19:31.036		0.58397			4
2026.05.18	01:19:38.559	0.58396				2
2026.05.18	01:19:44.577	0.58395				2
2026.05.18	01:19:44.874	0.58394	0.58395			6
2026.05.18	01:19:49.981	0.58395	0.58397			6
2026.05.18	01:19:51.184	0.58393	0.58395			6
2026.05.18	01:19:51.484	0.58390	0.58391			6
2026.05.18	01:19:51.785	0.58391	0.58392			6
2026.05.18	01:19:52.386		0.58393			4
2026.05.18	01:19:54.486	0.58387	0.58389			6
2026.05.18	01:19:54.788	0.58386	0.58388			6
2026.05.18	01:19:55.085	0.58387	0.58389			6
2026.05.18	01:19:57.789	0.58385	0.58386			6
2026.05.18	01:19:58.088	0.58384	0.58385			6
2026.05.18	01:19:58.688		0.58386			4
2026.05.18	01:20:00.192	0.58384				2
2026.05.18	01:20:02.594	0.58386	0.58388			6
2026.05.18	01:20:03.193	0.58387	0.58389			6
2026.05.18	01:20:03.491	0.58388	0.58390			6
2026.05.18	01:20:04.098	0.58387	0.58389			6
2026.05.18	01:20:04.399	0.58388	0.58390			6
2026.05.18	01:20:08.601	0.58387	0.58389			6
2026.05.18	01:20:09.501	0.58388	0.58390			6
2026.05.18	01:20:09.808	0.58387	0.58389			6
2026.05.18	01:20:10.704	0.58388	0.58390			6
2026.05.18	01:20:21.237	0.58390	0.58391			6
2026.05.18	01:20:22.740	0.58392	0.58393			6
2026.05.18	01:20:23.041		0.58394			4
2026.05.18	01:20:28.158	0.58390	0.58392			6
2026.05.18	01:20:29.967	0.58391	0.58393			6
2026.05.18	01:20:30.270	0.58390	0.58392			6
2026.05.18	01:20:37.778	0.58391	0.58393			6
2026.05.18	01:20:39.283	0.58392	0.58394			6
2026.05.18	01:20:46.184	0.58391	0.58393			6
2026.05.18	01:20:49.490	0.58392	0.58394			6
2026.05.18	01:20:56.404	0.58390	0.58392			6
2026.05.18	01:20:57.006	0.58389	0.58390			6
2026.05.18	01:20:57.605	0.58390	0.58392			6
2026.05.18	01:21:00.008	0.58390				2
2026.05.18	01:21:02.412	0.58389	0.58391			6
2026.05.18	01:21:03.919	0.58390	0.58392			6
2026.05.18	01:21:07.837	0.58389	0.58391			6
2026.05.18	01:21:08.136	0.58387	0.58389			6
2026.05.18	01:21:08.436		0.58388			4
2026.05.18	01:21:09.037		0.58389			4
2026.05.18	01:21:16.252	0.58388	0.58390			6
2026.05.18	01:21:20.460	0.58389	0.58391			6
2026.05.18	01:21:20.764	0.58390	0.58392			6
2026.05.18	01:21:24.070		0.58391			4
2026.05.18	01:21:25.873	0.58389				2
2026.05.18	01:21:27.675	0.58390	0.58392			6
2026.05.18	01:21:37.282	0.58391	0.58393			6
2026.05.18	01:21:41.192	0.58392	0.58394			6
2026.05.18	01:21:41.492	0.58391	0.58393			6
2026.05.18	01:21:44.493		0.58392			4
2026.05.18	01:21:47.796	0.58390				2
2026.05.18	01:21:52.003	0.58389	0.58391			6
2026.05.18	01:21:55.315	0.58388	0.58390			6
2026.05.18	01:21:55.608	0.58387	0.58389			6
2026.05.18	01:21:56.515	0.58388	0.58390			6
2026.05.18	01:22:00.127	0.58388				2
2026.05.18	01:22:01.028	0.58387	0.58389			6
2026.05.18	01:22:01.323	0.58386	0.58387			6
2026.05.18	01:22:06.441	0.58385				2
2026.05.18	01:22:07.041	0.58386	0.58388			6
2026.05.18	01:22:07.342	0.58387	0.58389			6
2026.05.18	01:22:07.643	0.58385	0.58387			6
2026.05.18	01:22:08.545	0.58386	0.58388			6
2026.05.18	01:22:09.147	0.58387	0.58389			6
2026.05.18	01:22:12.758	0.58385	0.58387			6
2026.05.18	01:22:13.061	0.58383	0.58385			6
2026.05.18	01:22:15.167	0.58385	0.58387			6
2026.05.18	01:22:15.770	0.58383	0.58385			6
2026.05.18	01:22:16.068	0.58384	0.58386			6
2026.05.18	01:22:19.077	0.58382	0.58384			6
2026.05.18	01:22:22.978	0.58383	0.58385			6
2026.05.18	01:22:25.382	0.58381	0.58383			6
2026.05.18	01:22:25.983	0.58382	0.58384			6
2026.05.18	01:22:29.889	0.58385	0.58387			6
2026.05.18	01:22:30.185	0.58386	0.58388			6
2026.05.18	01:22:31.085	0.58385	0.58387			6
2026.05.18	01:22:31.988	0.58386	0.58388			6
2026.05.18	01:22:38.604	0.58388	0.58390			6
2026.05.18	01:22:38.903	0.58390	0.58392			6
2026.05.18	01:22:39.201	0.58388	0.58390			6
2026.05.18	01:22:39.502	0.58387	0.58389			6
2026.05.18	01:22:41.003	0.58388	0.58390			6
2026.05.18	01:22:41.305	0.58386	0.58388			6
2026.05.18	01:22:41.606	0.58384	0.58386			6
2026.05.18	01:22:41.904	0.58383	0.58385			6
2026.05.18	01:22:45.213	0.58382	0.58383			6
2026.05.18	01:22:45.513	0.58383	0.58385			6
2026.05.18	01:22:45.810		0.58384			4
2026.05.18	01:22:54.233		0.58385			4
2026.05.18	01:22:54.530	0.58384				2
2026.05.18	01:22:55.735		0.58386			4
2026.05.18	01:22:59.644	0.58383	0.58385			6
2026.05.18	01:23:00.249	0.58383				2
2026.05.18	01:23:00.546	0.58382	0.58384			6
2026.05.18	01:23:01.748	0.58383	0.58385			6
2026.05.18	01:23:03.548	0.58382	0.58384			6
2026.05.18	01:23:03.847	0.58383	0.58385			6
2026.05.18	01:23:05.055	0.58385	0.58387			6
2026.05.18	01:23:08.072	0.58383	0.58384			6
2026.05.18	01:23:17.686	0.58382				2
2026.05.18	01:23:18.588	0.58379	0.58381			6
2026.05.18	01:23:19.789	0.58380	0.58382			6
2026.05.18	01:23:26.105	0.58379	0.58381			6
2026.05.18	01:23:26.406	0.58381	0.58383			6
2026.05.18	01:23:29.709	0.58380	0.58382			6
2026.05.18	01:23:32.718	0.58379	0.58381			6
2026.05.18	01:23:34.221	0.58380	0.58382			6
2026.05.18	01:23:39.945	0.58379	0.58381			6
2026.05.18	01:23:48.357	0.58378	0.58379			6
2026.05.18	01:23:55.268	0.58380	0.58382			6
2026.05.18	01:24:00.079	0.58380				2
2026.05.18	01:24:02.776	0.58383	0.58385			6
2026.05.18	01:24:03.380	0.58385	0.58387			6
2026.05.18	01:24:06.082	0.58384	0.58386			6
2026.05.18	01:24:08.182	0.58385	0.58387			6
2026.05.18	01:24:08.784	0.58383	0.58385			6
2026.05.18	01:24:09.982	0.58382	0.58384			6
2026.05.18	01:24:10.285	0.58383	0.58385			6
2026.05.18	01:24:15.389	0.58384	0.58386			6
2026.05.18	01:24:15.989	0.58383	0.58385			6
2026.05.18	01:24:16.590	0.58384	0.58386			6
2026.05.18	01:24:18.093	0.58386	0.58388			6
2026.05.18	01:24:18.693	0.58384	0.58386			6
2026.05.18	01:24:19.892	0.58383	0.58385			6
2026.05.18	01:24:35.225	0.58384	0.58386			6
2026.05.18	01:24:50.860	0.58383	0.58385			6
2026.05.18	01:24:51.460	0.58382	0.58384			6
2026.05.18	01:25:00.179	0.58382				2
2026.05.18	01:25:00.478	0.58383	0.58385			6
2026.05.18	01:25:01.380	0.58382	0.58384			6
2026.05.18	01:25:08.586	0.58384	0.58386			6
2026.05.18	01:25:10.687	0.58383	0.58385			6
2026.05.18	01:25:10.985	0.58384	0.58386			6
2026.05.18	01:25:11.585	0.58385	0.58387			6
2026.05.18	01:25:18.197	0.58386	0.58388			6
2026.05.18	01:25:20.303	0.58384	0.58386			6
2026.05.18	01:25:31.421		0.58385			4
2026.05.18	01:25:33.526		0.58386			4
2026.05.18	01:25:37.434		0.58385			4
2026.05.18	01:25:42.237	0.58386	0.58388			6
2026.05.18	01:25:42.539		0.58387			4
2026.05.18	01:25:48.552	0.58385				2
2026.05.18	01:25:57.569	0.58388	0.58390			6
2026.05.18	01:26:00.279	0.58388				2
2026.05.18	01:26:05.082	0.58387	0.58389			6
2026.05.18	01:26:05.381		0.58388			4
2026.05.18	01:26:07.183	0.58386				2
2026.05.18	01:26:07.782	0.58388	0.58390			6
2026.05.18	01:26:08.083	0.58384	0.58385			6
2026.05.18	01:26:08.386		0.58386			4
2026.05.18	01:26:10.784	0.58385	0.58387			6
2026.05.18	01:26:11.983	0.58386				2
2026.05.18	01:26:14.085	0.58385				2
2026.05.18	01:26:16.188	0.58386				2
2026.05.18	01:26:16.788		0.58388			4
2026.05.18	01:26:18.286	0.58384	0.58385			6
2026.05.18	01:26:19.489	0.58385	0.58386			6
2026.05.18	01:26:20.391	0.58383	0.58385			6
2026.05.18	01:26:20.992	0.58384				2
2026.05.18	01:26:24.302	0.58385	0.58386			6
2026.05.18	01:26:25.203	0.58383	0.58384			6
2026.05.18	01:26:26.102		0.58385			4
2026.05.18	01:26:29.415	0.58385	0.58387			6
2026.05.18	01:26:30.322	0.58383	0.58384			6
2026.05.18	01:26:32.429	0.58385	0.58387			6
2026.05.18	01:26:42.649	0.58384	0.58386			6
2026.05.18	01:26:43.253	0.58385	0.58387			6
2026.05.18	01:26:44.157	0.58386	0.58388			6
2026.05.18	01:26:44.457	0.58385	0.58387			6
2026.05.18	01:26:44.757	0.58386	0.58388			6
2026.05.18	01:26:45.061	0.58388	0.58389			6
2026.05.18	01:26:45.357	0.58389	0.58390			6
2026.05.18	01:26:45.657		0.58391			4
2026.05.18	01:26:50.173	0.58387	0.58389			6
2026.05.18	01:26:50.472	0.58388	0.58390			6
2026.05.18	01:26:50.772	0.58389	0.58391			6
2026.05.18	01:26:56.780	0.58388	0.58390			6
2026.05.18	01:26:57.077	0.58387	0.58389			6
2026.05.18	01:26:57.679	0.58388	0.58390			6
2026.05.18	01:26:58.283	0.58385	0.58387			6
2026.05.18	01:27:00.086	0.58385				2
2026.05.18	01:27:00.985	0.58384	0.58386			6
2026.05.18	01:27:02.188	0.58385				2
2026.05.18	01:27:02.481		0.58387			4
2026.05.18	01:27:02.786	0.58383	0.58385			6
2026.05.18	01:27:03.082	0.58385	0.58387			6
2026.05.18	01:27:03.389	0.58384	0.58386			6
2026.05.18	01:27:09.091	0.58385	0.58387			6
2026.05.18	01:27:11.805	0.58383	0.58385			6
2026.05.18	01:27:12.100	0.58384	0.58386			6
2026.05.18	01:27:16.322	0.58383	0.58385			6
2026.05.18	01:27:19.038	0.58384	0.58386			6
2026.05.18	01:27:19.336	0.58383	0.58385			6
2026.05.18	01:27:19.939	0.58384	0.58386			6
2026.05.18	01:27:31.674	0.58385	0.58387			6
2026.05.18	01:27:32.573	0.58384	0.58386			6
2026.05.18	01:27:35.579	0.58385	0.58387			6
2026.05.18	01:27:35.877	0.58386	0.58388			6
2026.05.18	01:27:36.480	0.58387	0.58389			6
2026.05.18	01:27:36.779	0.58388	0.58390			6
2026.05.18	01:27:40.983	0.58387	0.58389			6
2026.05.18	01:27:43.387		0.58388			4
2026.05.18	01:27:44.289		0.58389			4
2026.05.18	01:27:46.098	0.58388	0.58390			6
2026.05.18	01:27:55.121	0.58387	0.58389			6
2026.05.18	01:27:55.415	0.58385	0.58387			6
2026.05.18	01:27:56.020	0.58386	0.58388			6
2026.05.18	01:27:57.224	0.58388	0.58390			6
2026.05.18	01:28:00.233	0.58388				2
2026.05.18	01:28:00.534	0.58389	0.58391			6
2026.05.18	01:28:00.831	0.58391	0.58393			6
2026.05.18	01:28:01.132	0.58389	0.58391			6
2026.05.18	01:28:08.046	0.58388	0.58390			6
2026.05.18	01:28:11.652	0.58389	0.58391			6
2026.05.18	01:28:15.559	0.58388	0.58390			6
2026.05.18	01:28:17.966	0.58387	0.58389			6
2026.05.18	01:28:18.264	0.58390	0.58392			6
2026.05.18	01:28:20.666	0.58389	0.58391			6
2026.05.18	01:28:20.966	0.58390	0.58392			6
2026.05.18	01:28:26.975	0.58388	0.58390			6
2026.05.18	01:28:27.582	0.58386	0.58388			6
2026.05.18	01:28:27.878	0.58385	0.58387			6
2026.05.18	01:28:28.480	0.58386	0.58388			6
2026.05.18	01:28:45.302	0.58387	0.58389			6
2026.05.18	01:28:48.300	0.58385	0.58387			6
2026.05.18	01:28:49.803	0.58387	0.58389			6
2026.05.18	01:28:52.824	0.58386	0.58388			6
2026.05.18	01:29:00.056	0.58386				2
2026.05.18	01:29:03.070	0.58385	0.58387			6
2026.05.18	01:29:07.880	0.58388	0.58390			6
2026.05.18	01:29:08.177	0.58386	0.58388			6
2026.05.18	01:29:08.780	0.58387	0.58389			6
2026.05.18	01:29:09.377	0.58386	0.58388			6
2026.05.18	01:29:12.983	0.58388	0.58390			6
2026.05.18	01:29:13.886	0.58385	0.58387			6
2026.05.18	01:29:17.486	0.58387	0.58389			6
2026.05.18	01:29:23.191	0.58388	0.58390			6
2026.05.18	01:29:27.701	0.58389	0.58391			6
2026.05.18	01:29:28.301	0.58391	0.58393			6
2026.05.18	01:29:30.408	0.58389	0.58391			6
2026.05.18	01:29:31.604	0.58390	0.58392			6
2026.05.18	01:29:40.643	0.58392	0.58394			6
2026.05.18	01:29:50.267	0.58391	0.58393			6
2026.05.18	01:29:51.172	0.58392	0.58394			6
2026.05.18	01:29:54.481	0.58393	0.58395			6
2026.05.18	01:29:54.782	0.58391	0.58393			6
2026.05.18	01:29:55.079	0.58392	0.58394			6
2026.05.18	01:29:58.687	0.58391	0.58393			6
2026.05.18	01:30:00.189	0.58391				2
2026.05.18	01:30:02.589	0.58393	0.58395			6
2026.05.18	01:30:08.294		0.58394			4
2026.05.18	01:30:10.103	0.58395	0.58396			6
2026.05.18	01:30:10.401	0.58398	0.58400			6
2026.05.18	01:30:10.702	0.58399	0.58401			6
2026.05.18	01:30:11.305	0.58398				2
2026.05.18	01:30:15.505	0.58401	0.58404			6
2026.05.18	01:30:19.415	0.58404	0.58407			6
2026.05.18	01:30:19.715	0.58405	0.58408			6
2026.05.18	01:30:25.127	0.58404	0.58407			6
2026.05.18	01:30:30.546	0.58403	0.58406			6
2026.05.18	01:30:30.843	0.58402	0.58405			6
2026.05.18	01:30:35.053	0.58401	0.58404			6
2026.05.18	01:30:35.349	0.58403	0.58406			6
2026.05.18	01:30:38.361	0.58399	0.58402			6
2026.05.18	01:30:38.660		0.58401			4
2026.05.18	01:30:38.961	0.58400	0.58403			6
2026.05.18	01:30:41.664	0.58401	0.58404			6
2026.05.18	01:30:47.074	0.58400	0.58403			6
2026.05.18	01:30:49.480	0.58402	0.58405			6
2026.05.18	01:30:56.683	0.58401	0.58404			6
2026.05.18	01:30:58.486	0.58402	0.58405			6
2026.05.18	01:31:00.284	0.58404	0.58407			6
2026.05.18	01:31:00.584	0.58402	0.58405			6
2026.05.18	01:31:01.485	0.58403	0.58406			6
2026.05.18	01:31:04.490	0.58404	0.58407			6
2026.05.18	01:31:07.792	0.58403	0.58405			6
2026.05.18	01:31:11.404	0.58402				2
2026.05.18	01:31:15.911	0.58400	0.58403			6
2026.05.18	01:31:16.209	0.58399	0.58401			6
2026.05.18	01:31:16.509		0.58402			4
2026.05.18	01:31:17.410	0.58401				2
2026.05.18	01:31:17.711		0.58404			4
2026.05.18	01:31:18.314	0.58402	0.58405			6
2026.05.18	01:31:18.614	0.58403	0.58406			6
2026.05.18	01:31:26.131	0.58404	0.58407			6
2026.05.18	01:31:27.333	0.58406	0.58408			6
2026.05.18	01:31:27.631	0.58408	0.58411			6
2026.05.18	01:31:33.336	0.58405	0.58408			6
2026.05.18	01:31:33.636	0.58404	0.58407			6
2026.05.18	01:31:33.934	0.58403	0.58406			6
2026.05.18	01:31:36.041	0.58404	0.58407			6
2026.05.18	01:31:37.246	0.58403	0.58406			6
2026.05.18	01:31:37.848	0.58404	0.58407			6
2026.05.18	01:31:39.350	0.58403	0.58406			6
2026.05.18	01:31:39.648	0.58404	0.58407			6
2026.05.18	01:31:39.948	0.58405	0.58408			6
2026.05.18	01:31:44.452	0.58404	0.58407			6
2026.05.18	01:31:45.658	0.58407	0.58410			6
2026.05.18	01:31:50.470	0.58406	0.58409			6
2026.05.18	01:31:51.968	0.58405	0.58408			6
2026.05.18	01:31:52.274	0.58406	0.58409			6
2026.05.18	01:31:52.576	0.58404	0.58407			6
2026.05.18	01:31:52.874	0.58403	0.58406			6
2026.05.18	01:31:54.073	0.58404	0.58407			6
2026.05.18	01:32:00.082	0.58406	0.58409			6
2026.05.18	01:32:00.682	0.58403	0.58406			6
2026.05.18	01:32:11.811		0.58404			4
2026.05.18	01:32:12.109	0.58397	0.58400			6
2026.05.18	01:32:12.706	0.58400	0.58403			6
2026.05.18	01:32:13.310	0.58399				2
2026.05.18	01:32:15.116	0.58401	0.58405			6
2026.05.18	01:32:15.414	0.58404	0.58408			6
2026.05.18	01:32:16.619	0.58401	0.58405			6
2026.05.18	01:32:16.914	0.58398	0.58402			6
2026.05.18	01:32:18.424	0.58399	0.58403			6
2026.05.18	01:32:21.441	0.58398	0.58402			6
2026.05.18	01:32:22.039	0.58397	0.58401			6
2026.05.18	01:32:24.447	0.58396	0.58400			6
2026.05.18	01:32:31.668	0.58397	0.58401			6
2026.05.18	01:32:34.673	0.58398	0.58402			6
2026.05.18	01:32:45.785	0.58399	0.58403			6
2026.05.18	01:32:46.991	0.58398	0.58402			6
2026.05.18	01:32:49.095	0.58396	0.58400			6
2026.05.18	01:32:50.895	0.58395	0.58399			6
2026.05.18	01:32:55.104	0.58394	0.58398			6
2026.05.18	01:33:00.217	0.58395	0.58399			6
2026.05.18	01:33:00.823	0.58396	0.58400			6
2026.05.18	01:33:01.121	0.58395	0.58399			6
2026.05.18	01:33:02.323	0.58396	0.58400			6
2026.05.18	01:33:03.221	0.58395	0.58399			6
2026.05.18	01:33:18.248	0.58396				2
2026.05.18	01:33:20.661	0.58395	0.58398			6
2026.05.18	01:33:21.262	0.58396	0.58399			6
2026.05.18	01:33:22.765	0.58395	0.58398			6
2026.05.18	01:33:26.369	0.58396	0.58399			6
2026.05.18	01:33:30.578	0.58395	0.58398			6
2026.05.18	01:33:30.876	0.58396	0.58399			6
2026.05.18	01:33:35.984	0.58395	0.58398			6
2026.05.18	01:33:36.282	0.58396	0.58399			6
2026.05.18	01:33:36.585	0.58395	0.58398			6
2026.05.18	01:33:37.185	0.58396	0.58399			6
2026.05.18	01:33:37.486	0.58395	0.58398			6
2026.05.18	01:33:46.501	0.58396	0.58399			6
2026.05.18	01:34:00.025	0.58396				2
2026.05.18	01:34:02.124	0.58395	0.58398			6
2026.05.18	01:34:04.527	0.58398	0.58401			6
2026.05.18	01:34:05.124	0.58397	0.58400			6
2026.05.18	01:34:05.725	0.58394	0.58397			6
2026.05.18	01:34:19.265	0.58395	0.58398			6
2026.05.18	01:34:19.863	0.58396	0.58399			6
2026.05.18	01:34:20.165	0.58395	0.58398			6
2026.05.18	01:34:20.466	0.58396	0.58399			6
2026.05.18	01:34:31.881	0.58395	0.58398			6
2026.05.18	01:34:32.179	0.58396	0.58399			6
2026.05.18	01:34:32.780		0.58398			4
2026.05.18	01:34:34.282	0.58395				2
2026.05.18	01:34:36.079	0.58396				2
2026.05.18	01:34:36.681	0.58395				2
2026.05.18	01:34:48.400	0.58396				2
2026.05.18	01:34:49.902	0.58397				2
2026.05.18	01:34:52.905	0.58396				2
2026.05.18	01:34:59.534		0.58397			4
2026.05.18	01:34:59.832	0.58391	0.58393			6
2026.05.18	01:35:00.139	0.58390				2
2026.05.18	01:35:00.437	0.58391	0.58394			6
2026.05.18	01:35:01.036	0.58392				2
2026.05.18	01:35:01.937	0.58391				2
2026.05.18	01:35:06.150	0.58392	0.58395			6
2026.05.18	01:35:06.450	0.58391	0.58394			6
2026.05.18	01:35:10.964	0.58393	0.58396			6
2026.05.18	01:35:11.562	0.58394	0.58397			6
2026.05.18	01:35:12.166	0.58393	0.58396			6
2026.05.18	01:35:14.865	0.58391	0.58394			6
2026.05.18	01:35:15.164	0.58390	0.58393			6
2026.05.18	01:35:16.066	0.58392	0.58395			6
2026.05.18	01:35:22.374	0.58390	0.58393			6
2026.05.18	01:35:22.979	0.58391	0.58394			6
2026.05.18	01:35:24.478	0.58392	0.58395			6
2026.05.18	01:35:45.820	0.58390	0.58393			6
2026.05.18	01:35:47.027	0.58391	0.58394			6
2026.05.18	01:36:00.274	0.58391				2
2026.05.18	01:36:02.370	0.58392	0.58395			6
2026.05.18	01:36:12.286		0.58394			4
2026.05.18	01:36:22.503	0.58393	0.58395			6
2026.05.18	01:36:23.403	0.58391	0.58393			6
2026.05.18	01:36:23.704	0.58393	0.58395			6
2026.05.18	01:36:25.205	0.58395	0.58397			6
2026.05.18	01:36:25.802	0.58396	0.58398			6
2026.05.18	01:36:26.408	0.58395				2
2026.05.18	01:36:27.908	0.58396	0.58399			6
2026.05.18	01:36:29.417	0.58397				2
2026.05.18	01:36:33.029	0.58396	0.58398			6
2026.05.18	01:36:34.831	0.58399	0.58401			6
2026.05.18	01:36:35.131		0.58402			4
2026.05.18	01:36:45.373	0.58397	0.58399			6
2026.05.18	01:36:45.971	0.58398	0.58400			6
2026.05.18	01:36:48.072	0.58396	0.58397			6
2026.05.18	01:36:48.674	0.58398	0.58400			6
2026.05.18	01:36:50.475	0.58397	0.58399			6
2026.05.18	01:36:58.287	0.58396	0.58398			6
2026.05.18	01:36:58.887	0.58397	0.58399			6
2026.05.18	01:37:00.097	0.58397				2
2026.05.18	01:37:00.393	0.58398	0.58400			6
2026.05.18	01:37:01.291	0.58397	0.58399			6
2026.05.18	01:37:06.404	0.58398	0.58400			6
2026.05.18	01:37:14.511	0.58400	0.58402			6
2026.05.18	01:37:15.416	0.58399	0.58401			6
2026.05.18	01:37:16.313	0.58400	0.58402			6
2026.05.18	01:37:21.724	0.58399	0.58401			6
2026.05.18	01:37:25.939	0.58402	0.58404			6
2026.05.18	01:37:42.477	0.58401	0.58403			6
2026.05.18	01:37:42.782	0.58400	0.58402			6
2026.05.18	01:37:50.888	0.58401	0.58403			6
2026.05.18	01:37:51.183	0.58402	0.58404			6
2026.05.18	01:37:54.787	0.58400	0.58402			6
2026.05.18	01:38:00.197	0.58400				2
2026.05.18	01:38:02.900	0.58402	0.58404			6
2026.05.18	01:38:03.198	0.58403	0.58405			6
2026.05.18	01:38:12.506	0.58404	0.58406			6
2026.05.18	01:38:13.105	0.58405	0.58407			6
2026.05.18	01:38:13.406	0.58402	0.58404			6
2026.05.18	01:38:13.711	0.58401	0.58403			6
2026.05.18	01:38:20.323	0.58400	0.58402			6
2026.05.18	01:38:29.944	0.58401	0.58403			6
2026.05.18	01:38:32.947	0.58402	0.58404			6
2026.05.18	01:38:34.742	0.58403	0.58405			6
2026.05.18	01:38:37.153	0.58406	0.58407			6
2026.05.18	01:38:37.448	0.58409	0.58411			6
2026.05.18	01:38:38.051	0.58407	0.58409			6
2026.05.18	01:38:38.952	0.58408	0.58410			6
2026.05.18	01:38:41.360	0.58407	0.58409			6
2026.05.18	01:38:41.658	0.58408	0.58410			6
2026.05.18	01:38:41.960	0.58407	0.58409			6
2026.05.18	01:38:46.472	0.58406	0.58408			6
2026.05.18	01:38:48.878	0.58405	0.58407			6
2026.05.18	01:39:00.289	0.58405				2
2026.05.18	01:39:03.588	0.58406	0.58408			6
2026.05.18	01:39:09.604	0.58407	0.58409			6
2026.05.18	01:39:14.413	0.58405	0.58407			6
2026.05.18	01:39:15.918	0.58408	0.58410			6
2026.05.18	01:39:16.216	0.58409	0.58411			6
2026.05.18	01:39:17.426		0.58412			4
2026.05.18	01:39:18.326		0.58411			4
2026.05.18	01:39:18.928	0.58408	0.58410			6
2026.05.18	01:39:19.527	0.58407	0.58409			6
2026.05.18	01:39:20.129	0.58406				2
2026.05.18	01:39:20.729	0.58408	0.58411			6
2026.05.18	01:39:21.333	0.58406	0.58409			6
2026.05.18	01:39:23.133	0.58407	0.58410			6
2026.05.18	01:39:29.750	0.58409	0.58412			6
2026.05.18	01:39:36.072	0.58407	0.58410			6
2026.05.18	01:39:36.369	0.58406	0.58408			6
2026.05.18	01:39:36.671		0.58409			4
2026.05.18	01:39:41.478	0.58407	0.58410			6
2026.05.18	01:39:49.587	0.58406	0.58409			6
2026.05.18	01:39:49.886	0.58407	0.58410			6
2026.05.18	01:39:50.185	0.58406	0.58409			6
2026.05.18	01:39:55.297		0.58408			4
2026.05.18	01:40:00.106	0.58406				2
2026.05.18	01:40:00.712	0.58405	0.58407			6
2026.05.18	01:40:04.322	0.58406	0.58408			6
2026.05.18	01:40:04.621	0.58405	0.58407			6
2026.05.18	01:40:04.923	0.58406				2
2026.05.18	01:40:05.528	0.58405				2
2026.05.18	01:40:17.551	0.58404	0.58406			6
2026.05.18	01:40:17.852	0.58402	0.58404			6
2026.05.18	01:40:18.151	0.58401	0.58403			6
2026.05.18	01:40:20.867		0.58402			4
2026.05.18	01:40:21.170		0.58403			4
2026.05.18	01:40:22.070	0.58402	0.58404			6
2026.05.18	01:40:33.782	0.58401	0.58403			6
2026.05.18	01:40:34.382	0.58403	0.58405			6
2026.05.18	01:40:35.885	0.58401	0.58403			6
2026.05.18	01:40:42.195	0.58403	0.58405			6
2026.05.18	01:40:42.494	0.58402	0.58404			6
2026.05.18	01:40:46.102	0.58401	0.58403			6
2026.05.18	01:40:48.505	0.58403	0.58405			6
2026.05.18	01:40:49.108	0.58402	0.58404			6
2026.05.18	01:40:50.608	0.58403	0.58405			6
2026.05.18	01:40:55.722	0.58402	0.58404			6
2026.05.18	01:40:59.634	0.58404	0.58406			6
2026.05.18	01:41:00.237	0.58404				2
2026.05.18	01:41:02.037	0.58403	0.58405			6
2026.05.18	01:41:02.637	0.58404	0.58406			6
2026.05.18	01:41:03.240	0.58403	0.58405			6
2026.05.18	01:41:03.537	0.58402	0.58404			6
2026.05.18	01:41:04.140	0.58401				2
2026.05.18	01:41:09.250	0.58402				2
2026.05.18	01:41:09.855	0.58401	0.58403			6
2026.05.18	01:41:15.563	0.58400	0.58402			6
2026.05.18	01:41:20.671		0.58401			4
2026.05.18	01:41:21.274		0.58402			4
2026.05.18	01:41:33.890	0.58401	0.58403			6
2026.05.18	01:41:47.727	0.58400	0.58402			6
2026.05.18	01:41:50.130	0.58399	0.58401			6
2026.05.18	01:41:52.842	0.58400	0.58402			6
2026.05.18	01:41:54.651	0.58401	0.58403			6
2026.05.18	01:42:00.065	0.58401				2
2026.05.18	01:42:06.067	0.58400	0.58402			6
2026.05.18	01:42:19.888	0.58401	0.58403			6
2026.05.18	01:42:26.498	0.58400	0.58402			6
2026.05.18	01:42:34.916	0.58401	0.58403			6
2026.05.18	01:42:36.117	0.58403	0.58405			6
2026.05.18	01:42:36.418	0.58402	0.58404			6
2026.05.18	01:42:37.620		0.58403			4
2026.05.18	01:42:39.723	0.58403	0.58405			6
2026.05.18	01:42:40.322	0.58405	0.58407			6
2026.05.18	01:42:40.928	0.58404	0.58406			6
2026.05.18	01:42:41.831	0.58403	0.58405			6
2026.05.18	01:42:43.032	0.58404	0.58406			6
2026.05.18	01:42:47.243	0.58403	0.58405			6
2026.05.18	01:42:47.541	0.58404	0.58406			6
2026.05.18	01:42:51.457	0.58403	0.58405			6
2026.05.18	01:42:51.754	0.58404	0.58406			6
2026.05.18	01:43:00.182	0.58404				2
2026.05.18	01:43:14.892	0.58405	0.58407			6
2026.05.18	01:43:20.605	0.58406				2
2026.05.18	01:43:21.206	0.58405				2
2026.05.18	01:43:21.810	0.58404	0.58406			6
2026.05.18	01:43:23.315	0.58405	0.58407			6
2026.05.18	01:43:25.118		0.58406			4
2026.05.18	01:43:25.418	0.58404				2
2026.05.18	01:43:35.049		0.58405			4
2026.05.18	01:43:35.347	0.58405	0.58407			6
2026.05.18	01:43:36.249	0.58406	0.58408			6
2026.05.18	01:43:43.466	0.58407				2
2026.05.18	01:43:44.667	0.58406				2
2026.05.18	01:43:45.568	0.58407				2
2026.05.18	01:43:45.868	0.58406				2
2026.05.18	01:43:49.774	0.58407	0.58409			6
2026.05.18	01:43:50.076	0.58406	0.58408			6
2026.05.18	01:43:51.278	0.58407	0.58409			6
2026.05.18	01:43:53.377	0.58406	0.58408			6
2026.05.18	01:43:54.881	0.58405	0.58407			6
2026.05.18	01:43:59.387	0.58406	0.58408			6
2026.05.18	01:43:59.986	0.58405	0.58407			6
2026.05.18	01:44:00.290	0.58405				2
2026.05.18	01:44:01.187	0.58406				2
2026.05.18	01:44:01.483	0.58405				2
2026.05.18	01:44:03.889	0.58406	0.58408			6
2026.05.18	01:44:04.188	0.58405	0.58407			6
2026.05.18	01:44:26.149	0.58406	0.58408			6
2026.05.18	01:44:27.350	0.58408	0.58410			6
2026.05.18	01:44:28.860		0.58409			4
2026.05.18	01:44:30.059	0.58407				2
2026.05.18	01:44:31.270	0.58409	0.58410			6
2026.05.18	01:44:33.672	0.58408				2
2026.05.18	01:44:54.732		0.58409			4
2026.05.18	01:44:55.033		0.58410			4
2026.05.18	01:44:55.335	0.58406	0.58408			6
2026.05.18	01:44:55.633	0.58407				2
2026.05.18	01:44:57.143		0.58409			4
2026.05.18	01:45:00.153	0.58407				2
2026.05.18	01:45:01.957		0.58408			4
2026.05.18	01:45:02.258	0.58409	0.58410			6
2026.05.18	01:45:02.558	0.58408				2
2026.05.18	01:45:07.672	0.58409				2
2026.05.18	01:45:07.972	0.58408				2
2026.05.18	01:45:09.176	0.58407	0.58409			6
2026.05.18	01:45:09.779	0.58405	0.58411			6
2026.05.18	01:45:10.075	0.58407	0.58409			6
2026.05.18	01:45:15.373	0.58408				2
2026.05.18	01:45:16.243		0.58410			4
2026.05.18	01:45:16.843	0.58407	0.58409			6
2026.05.18	01:45:20.156	0.58409	0.58411			6
2026.05.18	01:45:25.267		0.58410			4
2026.05.18	01:45:25.865		0.58411			4
2026.05.18	01:45:28.872	0.58412	0.58413			6
2026.05.18	01:45:29.471	0.58410	0.58412			6
2026.05.18	01:45:36.681	0.58409	0.58411			6
2026.05.18	01:45:43.591		0.58410			4
2026.05.18	01:45:43.891	0.58408				2
2026.05.18	01:45:44.195	0.58409				2
2026.05.18	01:45:45.396	0.58407	0.58408			6
2026.05.18	01:45:45.695	0.58405	0.58407			6
2026.05.18	01:45:49.299	0.58406	0.58408			6
2026.05.18	01:45:58.622	0.58407	0.58409			6
2026.05.18	01:46:00.127	0.58407				2
2026.05.18	01:46:00.428	0.58408	0.58410			6
2026.05.18	01:46:00.728	0.58410	0.58412			6
2026.05.18	01:46:07.348	0.58408	0.58410			6
2026.05.18	01:46:21.483	0.58410	0.58412			6
2026.05.18	01:46:37.403	0.58408	0.58410			6
2026.05.18	01:46:48.547	0.58407	0.58408			6
2026.05.18	01:46:48.846		0.58409			4
2026.05.18	01:46:57.274	0.58406	0.58408			6
2026.05.18	01:46:57.877	0.58407	0.58409			6
2026.05.18	01:46:58.778	0.58408	0.58410			6
2026.05.18	01:47:00.281	0.58408				2
2026.05.18	01:47:03.883	0.58406	0.58408			6
2026.05.18	01:47:05.989	0.58408	0.58410			6
2026.05.18	01:47:10.198	0.58406	0.58408			6
2026.05.18	01:47:10.498	0.58408	0.58410			6
2026.05.18	01:47:19.816	0.58406	0.58408			6
2026.05.18	01:47:20.418		0.58407			4
2026.05.18	01:47:21.023	0.58405				2
2026.05.18	01:47:22.225	0.58407	0.58409			6
2026.05.18	01:47:22.525	0.58406	0.58408			6
2026.05.18	01:47:23.126	0.58405	0.58407			6
2026.05.18	01:47:23.425	0.58406	0.58408			6
2026.05.18	01:47:26.742	0.58405	0.58407			6
2026.05.18	01:47:27.947	0.58406	0.58408			6
2026.05.18	01:47:29.149	0.58405	0.58407			6
2026.05.18	01:47:32.156	0.58404	0.58406			6
2026.05.18	01:47:39.973	0.58405	0.58407			6
2026.05.18	01:47:47.780	0.58404	0.58406			6
2026.05.18	01:48:00.102	0.58404				2
2026.05.18	01:48:02.804	0.58403	0.58405			6
2026.05.18	01:48:07.617	0.58404	0.58406			6
2026.05.18	01:48:07.917	0.58405	0.58407			6
2026.05.18	01:48:08.521	0.58404	0.58406			6
2026.05.18	01:48:42.809	0.58405	0.58407			6
2026.05.18	01:49:00.274	0.58405				2
2026.05.18	01:49:00.573	0.58404	0.58405			6
2026.05.18	01:49:03.275		0.58406			4
2026.05.18	01:49:13.190	0.58405				2
2026.05.18	01:50:00.107	0.58405				2
2026.05.18	01:50:03.419		0.58406			4
2026.05.18	01:50:05.223	0.58407	0.58408			6
2026.05.18	01:50:09.133		0.58409			4
2026.05.18	01:50:16.051		0.58408			4
2026.05.18	01:50:24.767	0.58406	0.58407			6
2026.05.18	01:50:33.476	0.58407	0.58409			6
2026.05.18	01:50:33.779		0.58408			4
2026.05.18	01:50:41.582	0.58408	0.58409			6
2026.05.18	01:50:42.183	0.58409	0.58411			6
2026.05.18	01:50:57.230	0.58410	0.58412			6
2026.05.18	01:51:00.245	0.58410				2
2026.05.18	01:51:11.379	0.58409	0.58411			6
2026.05.18	01:51:11.679	0.58410	0.58412			6
2026.05.18	01:51:12.578	0.58411				2
2026.05.18	01:51:16.182	0.58410				2
2026.05.18	01:51:23.696	0.58411	0.58413			6
2026.05.18	01:52:00.085	0.58411				2
2026.05.18	01:52:00.383	0.58410	0.58411			6
2026.05.18	01:52:37.644		0.58412			4
2026.05.18	01:52:40.652	0.58414	0.58416			6
2026.05.18	01:52:40.947		0.58415			4
2026.05.18	01:52:41.247	0.58411	0.58413			6
2026.05.18	01:52:43.958	0.58412	0.58414			6
2026.05.18	01:52:58.085	0.58411	0.58413			6
2026.05.18	01:52:58.385	0.58410	0.58412			6
2026.05.18	01:52:58.682	0.58411				2
2026.05.18	01:52:58.982	0.58410				2
2026.05.18	01:52:59.283	0.58411				2
2026.05.18	01:53:00.188	0.58411				2
2026.05.18	01:53:05.290	0.58410				2
2026.05.18	01:53:05.890	0.58411				2
2026.05.18	01:53:07.393	0.58410				2
2026.05.18	01:53:18.515	0.58411	0.58413			6
2026.05.18	01:53:19.115	0.58410	0.58411			6
2026.05.18	01:53:28.141	0.58411	0.58413			6
2026.05.18	01:53:38.065	0.58410	0.58411			6
2026.05.18	01:53:44.077		0.58412			4
2026.05.18	01:53:48.285		0.58411			4
2026.05.18	01:53:54.592		0.58412			4
2026.05.18	01:54:00.002	0.58410				2
2026.05.18	01:54:00.902	0.58409	0.58410			6
2026.05.18	01:54:01.503		0.58411			4
2026.05.18	01:54:09.921	0.58410	0.58412			6
2026.05.18	01:54:10.221		0.58411			4
2026.05.18	01:54:18.636	0.58409				2
2026.05.18	01:54:21.940	0.58410	0.58412			6
2026.05.18	01:54:33.373	0.58411				2
2026.05.18	01:54:43.586	0.58410	0.58411			6
2026.05.18	01:54:48.088	0.58407	0.58408			6
2026.05.18	01:54:48.391	0.58408	0.58409			6
2026.05.18	01:54:49.291	0.58407				2
2026.05.18	01:54:49.593		0.58408			4
2026.05.18	01:54:52.295		0.58409			4
2026.05.18	01:54:53.197		0.58408			4
2026.05.18	01:54:54.101	0.58408	0.58409			6
2026.05.18	01:54:54.700	0.58407				2
2026.05.18	01:54:57.704		0.58408			4
2026.05.18	01:54:58.606	0.58409	0.58411			6
2026.05.18	01:54:58.907	0.58408	0.58410			6
2026.05.18	01:55:00.113	0.58408				2
2026.05.18	01:55:01.010	0.58407	0.58409			6
2026.05.18	01:55:01.311		0.58408			4
2026.05.18	01:55:01.612	0.58409	0.58410			6
2026.05.18	01:55:01.914		0.58411			4
2026.05.18	01:55:03.117	0.58408	0.58410			6
2026.05.18	01:55:04.012	0.58407	0.58409			6
2026.05.18	01:55:06.423	0.58408	0.58410			6
2026.05.18	01:55:14.546	0.58409	0.58411			6
2026.05.18	01:55:17.249	0.58410	0.58412			6
2026.05.18	01:55:24.462	0.58409	0.58411			6
2026.05.18	01:55:26.569	0.58408	0.58410			6
2026.05.18	01:55:28.973		0.58409			4
2026.05.18	01:55:32.572		0.58410			4
2026.05.18	01:55:32.873		0.58409			4
2026.05.18	01:55:33.173		0.58410			4
2026.05.18	01:55:33.775		0.58409			4
2026.05.18	01:55:36.477	0.58407	0.58408			6
2026.05.18	01:55:37.982	0.58408	0.58409			6
2026.05.18	01:55:43.090		0.58410			4
2026.05.18	01:55:48.505	0.58407	0.58409			6
2026.05.18	01:55:48.805	0.58408	0.58410			6
2026.05.18	01:55:50.607	0.58407	0.58408			6
2026.05.18	01:55:51.213	0.58406				2
2026.05.18	01:55:51.505		0.58407			4
2026.05.18	01:55:53.311	0.58405				2
2026.05.18	01:55:54.815	0.58406	0.58408			6
2026.05.18	01:55:59.021	0.58405	0.58407			6
2026.05.18	01:56:00.223	0.58405				2
2026.05.18	01:56:04.437	0.58406	0.58408			6
2026.05.18	01:56:09.845	0.58405	0.58407			6
2026.05.18	01:56:10.148		0.58408			4
2026.05.18	01:56:12.547		0.58407			4
2026.05.18	01:56:12.848	0.58402	0.58405			6
2026.05.18	01:56:14.350	0.58403	0.58406			6
2026.05.18	01:56:17.360	0.58405	0.58408			6
2026.05.18	01:56:20.671	0.58406	0.58409			6
2026.05.18	01:56:26.674		0.58408			4
2026.05.18	01:56:27.875		0.58409			4
2026.05.18	01:56:28.476		0.58408			4
2026.05.18	01:56:29.077		0.58409			4
2026.05.18	01:56:33.589	0.58399	0.58401			6
2026.05.18	01:56:33.887		0.58402			4
2026.05.18	01:56:38.393	0.58400				2
2026.05.18	01:56:41.100	0.58401	0.58403			6
2026.05.18	01:56:41.400	0.58404	0.58408			6
2026.05.18	01:56:42.302	0.58405				2
2026.05.18	01:56:43.204	0.58404				2
2026.05.18	01:56:51.751	0.58405				2
2026.05.18	01:57:00.165	0.58405				2
2026.05.18	01:57:12.179		0.58409			4
2026.05.18	01:57:19.985	0.58408	0.58411			6
2026.05.18	01:57:20.285	0.58409				2
2026.05.18	01:57:20.586	0.58408				2
2026.05.18	01:57:20.886	0.58409				2
2026.05.18	01:57:29.299	0.58408				2
2026.05.18	01:57:30.500	0.58409				2
2026.05.18	01:57:31.400	0.58410				2
2026.05.18	01:57:31.701	0.58409				2
2026.05.18	01:57:32.000	0.58408				2
2026.05.18	01:57:34.106		0.58412			4
2026.05.18	01:57:36.377	0.58409				2
2026.05.18	01:57:36.678	0.58410				2
2026.05.18	01:57:37.578	0.58409				2
2026.05.18	01:57:42.981		0.58411			4
2026.05.18	01:57:44.182	0.58408				2
2026.05.18	01:57:47.677		0.58412			4
