<DATE>	<TIME>	<BID>	<ASK>	<LAST>	<VOLUME>	<FLAGS>
2026.03.25	00:03:31.031	0.58349	0.58376			6
2026.03.25	00:04:00.221	0.58349				2
2026.03.25	00:04:01.728	0.58353	0.58380			6
2026.03.25	00:04:24.609	0.58354	0.58381			6
2026.03.25	00:04:24.909	0.58353	0.58380			6
2026.03.25	00:05:00.151	0.58353				2
2026.03.25	00:05:00.450	0.58352	0.58379			6
2026.03.25	00:05:04.064	0.58351	0.58378			6
2026.03.25	00:05:05.874	0.58354				2
2026.03.25	00:05:06.476	0.58351				2
2026.03.25	00:05:08.881	0.58354				2
2026.03.25	00:05:09.485	0.58351				2
2026.03.25	00:06:00.051	0.58351				2
2026.03.25	00:06:04.261		0.58378			4
2026.03.25	00:06:45.189	0.58353	0.58380			6
2026.03.25	00:07:00.249	0.58353				2
2026.03.25	00:07:00.851	0.58375	0.58385			6
2026.03.25	00:07:15.896	0.58374				2
2026.03.25	00:07:16.497	0.58375				2
2026.03.25	00:07:19.209	0.58366				2
2026.03.25	00:07:21.623	0.58369				2
2026.03.25	00:07:26.438	0.58375	0.58383			6
2026.03.25	00:07:27.038		0.58385			4
2026.03.25	00:07:27.640	0.58369				2
2026.03.25	00:07:27.944	0.58366				2
2026.03.25	00:07:36.669	0.58375				2
2026.03.25	00:07:48.411	0.58366				2
2026.03.25	00:07:56.543	0.58370				2
2026.03.25	00:07:57.750	0.58366				2
2026.03.25	00:08:00.153	0.58366				2
2026.03.25	00:08:01.660	0.58369				2
2026.03.25	00:08:06.477	0.58375				2
2026.03.25	00:08:27.238		0.58385			4
2026.03.25	00:09:00.051	0.58375				2
2026.03.25	00:09:27.423		0.58385			4
2026.03.25	00:09:30.733	0.58373				2
2026.03.25	00:09:31.936	0.58368				2
2026.03.25	00:09:34.646	0.58375				2
2026.03.25	00:09:37.954	0.58371				2
2026.03.25	00:09:39.456	0.58375				2
2026.03.25	00:10:00.231	0.58375				2
2026.03.25	00:10:07.754	0.58376				2
2026.03.25	00:10:09.254	0.58375				2
2026.03.25	00:10:13.762		0.58402			4
2026.03.25	00:10:14.966	0.58376	0.58403			6
2026.03.25	00:10:18.579	0.58375				2
2026.03.25	00:10:20.391	0.58376				2
2026.03.25	00:10:33.936	0.58375	0.58402			6
2026.03.25	00:10:34.838	0.58365				2
2026.03.25	00:10:35.439	0.58371				2
2026.03.25	00:10:40.558	0.58375				2
2026.03.25	00:10:44.764	0.58376	0.58403			6
2026.03.25	00:11:00.110	0.58376				2
2026.03.25	00:11:08.528		0.58385			4
2026.03.25	00:11:13.342	0.58372				2
2026.03.25	00:12:00.263	0.58372				2
2026.03.25	00:12:08.708		0.58385			4
2026.03.25	00:12:38.503		0.58386			4
2026.03.25	00:12:39.104		0.58385			4
2026.03.25	00:13:00.168	0.58372				2
2026.03.25	00:13:00.468		0.58383			4
2026.03.25	00:13:00.772	0.58359	0.58380			6
2026.03.25	00:13:19.419		0.58383			4
2026.03.25	00:13:20.020		0.58380			4
2026.03.25	00:13:38.639	0.58358				2
2026.03.25	00:13:39.839	0.58357				2
2026.03.25	00:13:49.150	0.58356				2
2026.03.25	00:13:53.056	0.58357				2
2026.03.25	00:13:58.777	0.58356				2
2026.03.25	00:14:00.277	0.58356				2
2026.03.25	00:14:14.988	0.58354				2
2026.03.25	00:14:19.794	0.58343	0.58370			6
2026.03.25	00:14:23.097	0.58365	0.58375			6
2026.03.25	00:14:30.001	0.58364				2
2026.03.25	00:14:53.789		0.58370			4
2026.03.25	00:14:54.090	0.58362				2
2026.03.25	00:14:57.098	0.58367	0.58421			6
2026.03.25	00:14:57.401	0.58364	0.58416			6
2026.03.25	00:14:58.001	0.58372	0.58399			6
2026.03.25	00:15:00.109	0.58372				2
2026.03.25	00:15:01.923	0.58379				2
2026.03.25	00:15:26.289	0.58349				2
2026.03.25	00:15:27.169	0.58379				2
2026.03.25	00:15:32.585	0.58378				2
2026.03.25	00:15:36.505	0.58374	0.58423			6
2026.03.25	00:15:37.108	0.58376				2
2026.03.25	00:15:38.012	0.58377	0.58424			6
2026.03.25	00:15:39.217	0.58376	0.58423			6
2026.03.25	00:15:39.822	0.58377	0.58424			6
2026.03.25	00:15:41.027	0.58376	0.58423			6
2026.03.25	00:15:42.231	0.58377	0.58424			6
2026.03.25	00:15:43.437	0.58385	0.58427			6
2026.03.25	00:15:46.151	0.58383				2
2026.03.25	00:15:48.552	0.58378				2
2026.03.25	00:15:51.861	0.58384				2
2026.03.25	00:15:53.062	0.58386	0.58426			6
2026.03.25	00:15:53.362	0.58384				2
2026.03.25	00:15:56.971	0.58387				2
2026.03.25	00:16:00.277	0.58387				2
2026.03.25	00:16:07.200	0.58388				2
2026.03.25	00:16:08.104	0.58387				2
2026.03.25	00:16:20.736	0.58382				2
2026.03.25	00:16:23.446	0.58377				2
2026.03.25	00:16:23.746	0.58379				2
2026.03.25	00:16:28.554	0.58367	0.58425			6
2026.03.25	00:16:38.790	0.58376				2
2026.03.25	00:16:43.608	0.58378				2
2026.03.25	00:16:49.625	0.58380	0.58427			6
2026.03.25	00:16:54.742		0.58428			4
2026.03.25	00:17:00.168	0.58380				2
2026.03.25	00:17:32.678	0.58370	0.58418			6
2026.03.25	00:18:00.059	0.58370				2
2026.03.25	00:18:32.570	0.58371	0.58419			6
2026.03.25	00:18:32.873	0.58377	0.58425			6
2026.03.25	00:18:40.098	0.58379	0.58427			6
2026.03.25	00:18:46.118	0.58371	0.58419			6
2026.03.25	00:18:46.720	0.58379	0.58427			6
2026.03.25	00:18:58.152	0.58377	0.58425			6
2026.03.25	00:18:58.453	0.58379	0.58427			6
2026.03.25	00:19:00.256	0.58379				2
2026.03.25	00:19:15.002	0.58389	0.58437			6
2026.03.25	00:19:16.203	0.58390	0.58438			6
2026.03.25	00:19:18.908	0.58389	0.58437			6
2026.03.25	00:19:19.510	0.58390	0.58438			6
2026.03.25	00:19:23.415	0.58377				2
2026.03.25	00:19:24.019	0.58361				2
2026.03.25	00:19:25.821	0.58360	0.58437			6
2026.03.25	00:19:26.122	0.58363				2
2026.03.25	00:19:31.237	0.58376				2
2026.03.25	00:19:33.348	0.58375				2
2026.03.25	00:19:39.663	0.58376	0.58438			6
2026.03.25	00:19:42.978	0.58375	0.58437			6
2026.03.25	00:19:46.285	0.58378				2
2026.03.25	00:19:49.594	0.58379	0.58438			6
2026.03.25	00:19:51.099	0.58390				2
2026.03.25	00:19:52.000	0.58379				2
2026.03.25	00:19:52.301	0.58378	0.58437			6
2026.03.25	00:19:54.105	0.58379	0.58438			6
2026.03.25	00:19:55.009	0.58378	0.58437			6
2026.03.25	00:19:56.823	0.58379	0.58438			6
2026.03.25	00:19:58.337	0.58370	0.58429			6
2026.03.25	00:20:00.140	0.58370				2
2026.03.25	00:20:00.441	0.58339	0.58438			6
2026.03.25	00:20:14.571		0.58437			4
2026.03.25	00:20:15.777		0.58438			4
2026.03.25	00:20:20.159		0.58437			4
2026.03.25	00:20:21.964	0.58340				2
2026.03.25	00:20:22.263		0.58438			4
2026.03.25	00:20:25.074	0.58339				2
2026.03.25	00:20:31.070		0.58437			4
2026.03.25	00:20:34.077		0.58438			4
2026.03.25	00:20:38.270	0.58340				2
2026.03.25	00:20:38.870	0.58339				2
2026.03.25	00:20:59.870		0.58395			4
2026.03.25	00:21:00.170	0.58339	0.58393			6
2026.03.25	00:21:01.071		0.58390			4
2026.03.25	00:22:00.069	0.58339				2
2026.03.25	00:22:01.271		0.58390			4
2026.03.25	00:23:00.278	0.58339				2
2026.03.25	00:23:01.479		0.58390			4
2026.03.25	00:24:00.193	0.58339				2
2026.03.25	00:24:01.696		0.58390			4
2026.03.25	00:24:51.971	0.58334	0.58380			6
2026.03.25	00:25:00.025	0.58334				2
2026.03.25	00:25:53.570		0.58380			4
2026.03.25	00:26:00.024	0.58334				2
2026.03.25	00:26:25.885		0.58367			4
2026.03.25	00:26:26.186	0.58353	0.58380			6
2026.03.25	00:26:26.485	0.58334	0.58367			6
2026.03.25	00:26:26.787	0.58353	0.58380			6
2026.03.25	00:26:27.088	0.58334	0.58367			6
2026.03.25	00:26:27.389	0.58353	0.58380			6
2026.03.25	00:26:27.700	0.58334	0.58367			6
2026.03.25	00:26:28.000	0.58353	0.58380			6
2026.03.25	00:26:28.301	0.58334	0.58367			6
2026.03.25	00:26:28.605	0.58353	0.58380			6
2026.03.25	00:26:28.907	0.58334	0.58367			6
2026.03.25	00:26:29.210	0.58353	0.58380			6
2026.03.25	00:26:29.511	0.58334				2
2026.03.25	00:26:53.701		0.58367			4
2026.03.25	00:26:54.003	0.58354	0.58380			6
2026.03.25	00:26:54.303	0.58334	0.58367			6
2026.03.25	00:26:54.604	0.58354	0.58380			6
2026.03.25	00:26:54.904	0.58334	0.58367			6
2026.03.25	00:26:55.204	0.58354	0.58380			6
2026.03.25	00:26:55.503	0.58334	0.58367			6
2026.03.25	00:26:55.803	0.58354	0.58380			6
2026.03.25	00:26:56.104	0.58334	0.58367			6
2026.03.25	00:26:56.407	0.58354	0.58380			6
2026.03.25	00:26:56.708	0.58334	0.58367			6
2026.03.25	00:26:57.008	0.58354	0.58380			6
2026.03.25	00:26:57.308	0.58334				2
2026.03.25	00:27:00.024	0.58334				2
2026.03.25	00:28:02.872	0.58334	0.58380			6
2026.03.25	00:28:29.498	0.58333	0.58381			6
2026.03.25	00:29:00.164	0.58333				2
2026.03.25	00:29:38.228		0.58381			4
2026.03.25	00:30:04.452	0.58333				2
2026.03.25	00:30:12.922	0.58336				2
2026.03.25	00:30:23.318	0.58333				2
2026.03.25	00:30:27.995	0.58336				2
2026.03.25	00:30:31.169	0.58335				2
2026.03.25	00:30:38.570		0.58381			4
2026.03.25	00:30:40.023	0.58336				2
2026.03.25	00:30:41.270	0.58333	0.58380			6
2026.03.25	00:30:46.069	0.58336	0.58381			6
2026.03.25	00:31:00.024	0.58336				2
2026.03.25	00:31:04.737	0.58335	0.58379			6
2026.03.25	00:31:05.338	0.58334				2
2026.03.25	00:31:10.194	0.58335				2
2026.03.25	00:31:20.329	0.58334	0.58378			6
2026.03.25	00:31:25.138	0.58335	0.58379			6
2026.03.25	00:31:35.086	0.58334				2
2026.03.25	00:31:35.388		0.58378			4
2026.03.25	00:31:54.941	0.58336	0.58379			6
2026.03.25	00:32:03.977	0.58336				2
2026.03.25	00:32:05.198	0.58333	0.58366			6
2026.03.25	00:32:20.279	0.58334				2
2026.03.25	00:32:22.673	0.58333				2
2026.03.25	00:32:33.957		0.58365			4
2026.03.25	00:32:37.841		0.58366			4
2026.03.25	00:32:44.006		0.58365			4
2026.03.25	00:32:52.354		0.58366			4
2026.03.25	00:33:00.196	0.58333				2
2026.03.25	00:33:07.017		0.58365			4
2026.03.25	00:33:12.497		0.58366			4
2026.03.25	00:33:27.495		0.58362			4
2026.03.25	00:33:27.797		0.58366			4
2026.03.25	00:33:28.099		0.58361			4
2026.03.25	00:33:28.399		0.58362			4
2026.03.25	00:33:28.700		0.58360			4
2026.03.25	00:33:31.113		0.58361			4
2026.03.25	00:33:37.719		0.58362			4
2026.03.25	00:33:38.319		0.58361			4
2026.03.25	00:33:42.227		0.58360			4
2026.03.25	00:33:43.428		0.58359			4
2026.03.25	00:33:47.508		0.58362			4
2026.03.25	00:33:47.809		0.58358			4
2026.03.25	00:33:57.612		0.58362			4
2026.03.25	00:33:57.912		0.58359			4
2026.03.25	00:34:04.857	0.58333				2
2026.03.25	00:34:24.114		0.58357			4
2026.03.25	00:34:32.810		0.58358			4
2026.03.25	00:34:33.792		0.58360			4
2026.03.25	00:34:37.292		0.58362			4
2026.03.25	00:34:38.597		0.58360			4
2026.03.25	00:34:39.201	0.58334	0.58365			6
2026.03.25	00:34:51.659		0.58378			4
2026.03.25	00:34:54.568	0.58339	0.58390			6
2026.03.25	00:34:57.884	0.58338	0.58393			6
2026.03.25	00:34:58.184	0.58337	0.58394			6
2026.03.25	00:34:58.485		0.58391			4
2026.03.25	00:34:58.786	0.58339				2
2026.03.25	00:34:59.091	0.58349	0.58381			6
2026.03.25	00:34:59.393		0.58383			4
2026.03.25	00:34:59.994	0.58339	0.58381			6
2026.03.25	00:35:00.294	0.58349				2
2026.03.25	00:35:03.002	0.58335	0.58387			6
2026.03.25	00:35:03.302	0.58333	0.58389			6
2026.03.25	00:35:04.228	0.58349	0.58379			6
2026.03.25	00:35:05.130	0.58339	0.58381			6
2026.03.25	00:35:05.429	0.58335	0.58387			6
2026.03.25	00:35:06.028	0.58347	0.58380			6
2026.03.25	00:35:08.137	0.58334	0.58390			6
2026.03.25	00:35:09.227	0.58345	0.58381			6
2026.03.25	00:35:09.527	0.58341				2
2026.03.25	00:35:10.128	0.58350	0.58379			6
2026.03.25	00:35:11.634	0.58351				2
2026.03.25	00:35:11.933	0.58347	0.58384			6
2026.03.25	00:35:12.234	0.58340				2
2026.03.25	00:35:12.835	0.58333	0.58389			6
2026.03.25	00:35:13.135	0.58347	0.58381			6
2026.03.25	00:35:14.937		0.58385			4
2026.03.25	00:35:15.236	0.58333	0.58390			6
2026.03.25	00:35:16.226	0.58346	0.58382			6
2026.03.25	00:35:18.028	0.58333	0.58392			6
2026.03.25	00:35:19.226	0.58342	0.58389			6
2026.03.25	00:35:19.526		0.58382			4
2026.03.25	00:35:19.827	0.58346				2
2026.03.25	00:35:20.127	0.58345				2
2026.03.25	00:35:21.031	0.58335	0.58386			6
2026.03.25	00:35:22.232	0.58346	0.58383			6
2026.03.25	00:35:24.035	0.58337	0.58385			6
2026.03.25	00:35:24.636	0.58336				2
2026.03.25	00:35:24.936	0.58334	0.58384			6
2026.03.25	00:35:25.237	0.58346	0.58383			6
2026.03.25	00:35:27.037	0.58335	0.58387			6
2026.03.25	00:35:27.937	0.58339	0.58383			6
2026.03.25	00:35:28.237	0.58347	0.58381			6
2026.03.25	00:35:29.138	0.58334	0.58388			6
2026.03.25	00:35:30.227	0.58343	0.58382			6
2026.03.25	00:35:31.127	0.58349	0.58380			6
2026.03.25	00:35:31.427	0.58350				2
2026.03.25	00:35:34.128	0.58333	0.58389			6
2026.03.25	00:35:35.186	0.58347	0.58380			6
2026.03.25	00:35:36.087	0.58350	0.58378			6
2026.03.25	00:35:37.591	0.58351				2
2026.03.25	00:35:37.893		0.58402			4
2026.03.25	00:35:38.193	0.58353	0.58417			6
2026.03.25	00:35:39.186	0.58343	0.58407			6
2026.03.25	00:35:40.094	0.58347	0.58420			6
2026.03.25	00:35:40.393	0.58349	0.58421			6
2026.03.25	00:35:40.912		0.58410			4
2026.03.25	00:35:41.214		0.58418			4
2026.03.25	00:35:43.251	0.58347	0.58420			6
2026.03.25	00:35:43.551	0.58349				2
2026.03.25	00:35:45.186	0.58343	0.58404			6
2026.03.25	00:35:46.091	0.58346	0.58422			6
2026.03.25	00:35:46.394	0.58348	0.58420			6
2026.03.25	00:35:46.995		0.58408			4
2026.03.25	00:35:47.295	0.58347	0.58419			6
2026.03.25	00:35:49.094	0.58348				2
2026.03.25	00:35:50.691	0.58350				2
2026.03.25	00:35:50.991	0.58344	0.58403			6
2026.03.25	00:35:52.202	0.58347	0.58421			6
2026.03.25	00:35:52.503	0.58346	0.58423			6
2026.03.25	00:35:53.104	0.58347	0.58421			6
2026.03.25	00:35:54.597	0.58348	0.58427			6
2026.03.25	00:35:54.897	0.58346	0.58424			6
2026.03.25	00:35:55.197	0.58347	0.58419			6
2026.03.25	00:35:55.713	0.58348				2
2026.03.25	00:35:56.014	0.58341	0.58421			6
2026.03.25	00:35:56.313	0.58339	0.58420			6
2026.03.25	00:35:56.619	0.58341	0.58412			6
2026.03.25	00:35:56.919		0.58411			4
2026.03.25	00:35:57.219	0.58343	0.58424			6
2026.03.25	00:35:57.519	0.58344				2
2026.03.25	00:35:58.121	0.58343				2
2026.03.25	00:35:58.422	0.58349	0.58414			6
2026.03.25	00:35:58.721		0.58415			4
2026.03.25	00:35:59.023	0.58352	0.58409			6
2026.03.25	00:35:59.323	0.58353	0.58415			6
2026.03.25	00:35:59.624		0.58413			4
2026.03.25	00:36:00.225	0.58358				2
2026.03.25	00:36:00.526		0.58410			4
2026.03.25	00:36:00.827	0.58359	0.58411			6
2026.03.25	00:36:02.935		0.58412			4
2026.03.25	00:36:03.235	0.58350	0.58411			6
2026.03.25	00:36:03.536		0.58413			4
2026.03.25	00:36:04.185	0.58356	0.58409			6
2026.03.25	00:36:05.089	0.58362				2
2026.03.25	00:36:07.801		0.58415			4
2026.03.25	00:36:08.102	0.58354	0.58418			6
2026.03.25	00:36:08.402	0.58353	0.58420			6
2026.03.25	00:36:09.186	0.58354	0.58423			6
2026.03.25	00:36:09.487	0.58355	0.58447			6
2026.03.25	00:36:09.973		0.58437			4
2026.03.25	00:36:10.273		0.58425			4
2026.03.25	00:36:13.488	0.58354				2
2026.03.25	00:36:13.789	0.58353				2
2026.03.25	00:36:14.961		0.58423			4
2026.03.25	00:36:15.262		0.58444			4
2026.03.25	00:36:24.176	0.58355				2
2026.03.25	00:36:25.643		0.58448			4
2026.03.25	00:36:25.944		0.58421			4
2026.03.25	00:36:28.150		0.58432			4
2026.03.25	00:36:28.450		0.58448			4
2026.03.25	00:36:29.962		0.58446			4
2026.03.25	00:36:52.488		0.58424			4
2026.03.25	00:36:52.789		0.58423			4
2026.03.25	00:36:57.964	0.58354	0.58445			6
2026.03.25	00:36:58.264	0.58355	0.58424			6
2026.03.25	00:36:58.565	0.58353				2
2026.03.25	00:36:58.866	0.58354				2
2026.03.25	00:36:59.467	0.58353	0.58425			6
2026.03.25	00:36:59.768	0.58354	0.58423			6
2026.03.25	00:37:00.068	0.58354				2
2026.03.25	00:37:00.368	0.58352	0.58428			6
2026.03.25	00:37:00.669	0.58354	0.58445			6
2026.03.25	00:37:00.970	0.58353	0.58426			6
2026.03.25	00:37:01.271	0.58354	0.58424			6
2026.03.25	00:37:01.570	0.58353				2
2026.03.25	00:37:01.872	0.58354	0.58425			6
2026.03.25	00:37:02.175	0.58353	0.58424			6
2026.03.25	00:37:04.217	0.58354	0.58435			6
2026.03.25	00:37:11.784		0.58434			4
2026.03.25	00:37:12.385	0.58353				2
2026.03.25	00:37:14.137	0.58352				2
2026.03.25	00:37:14.437	0.58351				2
2026.03.25	00:37:17.572	0.58352				2
2026.03.25	00:37:18.492	0.58353	0.58418			6
2026.03.25	00:37:20.270	0.58354				2
2026.03.25	00:37:20.808		0.58419			4
2026.03.25	00:37:21.109	0.58371	0.58450			6
2026.03.25	00:37:21.412	0.58365	0.58449			6
2026.03.25	00:37:23.000	0.58364				2
2026.03.25	00:37:27.770		0.58450			4
2026.03.25	00:37:28.072	0.58363	0.58449			6
2026.03.25	00:37:28.673	0.58362	0.58450			6
2026.03.25	00:37:30.923	0.58364	0.58449			6
2026.03.25	00:37:31.224	0.58362				2
2026.03.25	00:37:31.805		0.58450			4
2026.03.25	00:37:32.107		0.58452			4
2026.03.25	00:37:32.408	0.58364	0.58454			6
2026.03.25	00:37:35.121	0.58363				2
2026.03.25	00:37:36.328	0.58364				2
2026.03.25	00:37:36.627	0.58362				2
2026.03.25	00:37:36.929	0.58363				2
2026.03.25	00:37:38.737	0.58362				2
2026.03.25	00:37:39.938		0.58453			4
2026.03.25	00:37:40.246		0.58454			4
2026.03.25	00:37:40.547	0.58364				2
2026.03.25	00:37:41.752	0.58363				2
2026.03.25	00:37:44.755	0.58362				2
2026.03.25	00:37:46.563		0.58453			4
2026.03.25	00:37:46.864	0.58363				2
2026.03.25	00:37:47.466	0.58361				2
2026.03.25	00:37:48.076	0.58364				2
2026.03.25	00:37:49.882	0.58363				2
2026.03.25	00:37:54.401	0.58362				2
2026.03.25	00:37:59.523	0.58363	0.58454			6
2026.03.25	00:37:59.823	0.58362				2
2026.03.25	00:38:00.126	0.58363				2
2026.03.25	00:38:02.834	0.58362				2
2026.03.25	00:38:05.546	0.58361				2
2026.03.25	00:38:05.847	0.58360				2
2026.03.25	00:38:06.749	0.58357				2
2026.03.25	00:38:07.049	0.58360				2
2026.03.25	00:38:08.252	0.58361				2
2026.03.25	00:38:10.661	0.58359				2
2026.03.25	00:38:12.169	0.58361	0.58453			6
2026.03.25	00:38:12.470	0.58360	0.58454			6
2026.03.25	00:38:13.977	0.58359				2
2026.03.25	00:38:14.277	0.58361				2
2026.03.25	00:38:15.482	0.58362				2
2026.03.25	00:38:15.782	0.58361	0.58453			6
2026.03.25	00:38:18.492		0.58454			4
2026.03.25	00:38:21.804	0.58358				2
2026.03.25	00:38:23.311	0.58360				2
2026.03.25	00:38:23.612	0.58359				2
2026.03.25	00:38:32.033		0.58453			4
2026.03.25	00:38:33.843	0.58358				2
2026.03.25	00:38:36.251		0.58454			4
2026.03.25	00:38:37.152	0.58357				2
2026.03.25	00:38:45.577		0.58455			4
2026.03.25	00:38:46.177	0.58356	0.58454			6
2026.03.25	00:38:46.478		0.58455			4
2026.03.25	00:38:48.470	0.58355				2
2026.03.25	00:38:49.554		0.58454			4
2026.03.25	00:38:49.854	0.58356				2
2026.03.25	00:38:50.153	0.58354				2
2026.03.25	00:38:51.956	0.58355				2
2026.03.25	00:38:54.062	0.58356	0.58455			6
2026.03.25	00:38:54.362	0.58355				2
2026.03.25	00:38:55.563		0.58456			4
2026.03.25	00:38:55.863	0.58357				2
2026.03.25	00:38:57.365		0.58455			4
2026.03.25	00:39:00.077	0.58358	0.58445			6
2026.03.25	00:39:00.377	0.58357	0.58446			6
2026.03.25	00:39:00.678	0.58359				2
2026.03.25	00:39:01.280	0.58363				2
2026.03.25	00:39:01.581	0.58364	0.58445			6
2026.03.25	00:39:01.881	0.58366				2
2026.03.25	00:39:02.181	0.58365				2
2026.03.25	00:39:02.482	0.58364				2
2026.03.25	00:39:05.193		0.58446			4
2026.03.25	00:39:06.095	0.58363	0.58445			6
2026.03.25	00:39:07.599		0.58446			4
2026.03.25	00:39:07.901	0.58361				2
2026.03.25	00:39:11.815	0.58360	0.58445			6
2026.03.25	00:39:15.724	0.58361				2
2026.03.25	00:39:23.853	0.58362				2
2026.03.25	00:39:24.154	0.58361				2
2026.03.25	00:39:24.755	0.58362				2
2026.03.25	00:39:25.054	0.58361				2
2026.03.25	00:39:25.655	0.58360				2
2026.03.25	00:39:25.955		0.58444			4
2026.03.25	00:39:27.761	0.58362				2
2026.03.25	00:39:28.362	0.58361	0.58445			6
2026.03.25	00:39:29.264	0.58360				2
2026.03.25	00:39:30.170	0.58361				2
2026.03.25	00:39:32.574	0.58360				2
2026.03.25	00:39:33.475	0.58359				2
2026.03.25	00:39:34.075	0.58361				2
2026.03.25	00:39:35.580	0.58360				2
2026.03.25	00:39:35.881	0.58359				2
2026.03.25	00:39:37.687	0.58361				2
2026.03.25	00:39:38.595	0.58360				2
2026.03.25	00:39:38.894	0.58359	0.58444			6
2026.03.25	00:39:39.196	0.58360	0.58445			6
2026.03.25	00:39:41.901	0.58359				2
2026.03.25	00:39:42.507	0.58360				2
2026.03.25	00:39:44.914	0.58359				2
2026.03.25	00:39:45.818	0.58360				2
2026.03.25	00:39:47.924	0.58359				2
2026.03.25	00:39:49.125	0.58360				2
2026.03.25	00:39:52.437	0.58358				2
2026.03.25	00:39:55.141	0.58357				2
2026.03.25	00:39:57.845	0.58359				2
2026.03.25	00:39:58.145	0.58357				2
2026.03.25	00:39:58.448	0.58358				2
2026.03.25	00:39:59.650	0.58357				2
2026.03.25	00:40:00.256	0.58357				2
2026.03.25	00:40:02.355	0.58358				2
2026.03.25	00:40:02.954	0.58360				2
2026.03.25	00:40:03.256	0.58359				2
2026.03.25	00:40:03.558	0.58358				2
2026.03.25	00:40:04.764	0.58357				2
2026.03.25	00:40:12.281	0.58359				2
2026.03.25	00:40:12.582	0.58358				2
2026.03.25	00:40:19.507	0.58365				2
2026.03.25	00:40:33.351		0.58444			4
2026.03.25	00:40:37.261		0.58445			4
2026.03.25	00:40:42.381		0.58444			4
2026.03.25	00:40:42.982		0.58445			4
2026.03.25	00:40:45.389		0.58444			4
2026.03.25	00:40:45.690	0.58366				2
2026.03.25	00:40:47.194	0.58365				2
2026.03.25	00:40:49.307	0.58366				2
2026.03.25	00:40:50.209	0.58365				2
2026.03.25	00:40:52.314		0.58443			4
2026.03.25	00:40:52.613		0.58444			4
2026.03.25	00:41:00.143	0.58365				2
2026.03.25	00:41:30.525		0.58443			4
2026.03.25	00:41:33.832		0.58444			4
2026.03.25	00:41:35.336		0.58443			4
2026.03.25	00:41:37.441		0.58444			4
2026.03.25	00:41:41.651		0.58443			4
2026.03.25	00:41:42.556		0.58444			4
2026.03.25	00:42:00.020	0.58365				2
2026.03.25	00:42:33.109		0.58445			4
2026.03.25	00:42:35.222		0.58444			4
2026.03.25	00:42:38.230		0.58445			4
2026.03.25	00:42:45.454		0.58444			4
2026.03.25	00:42:52.965		0.58445			4
2026.03.25	00:43:00.196	0.58365	0.58444			6
2026.03.25	00:43:03.501		0.58445			4
2026.03.25	00:43:03.802		0.58444			4
2026.03.25	00:43:11.013		0.58445			4
2026.03.25	00:43:19.735	0.58347	0.58454			6
2026.03.25	00:43:20.036	0.58346	0.58453			6
2026.03.25	00:43:20.636		0.58451			4
2026.03.25	00:43:27.853		0.58450			4
2026.03.25	00:43:28.453		0.58451			4
2026.03.25	00:43:35.379	0.58337	0.58446			6
2026.03.25	00:43:35.979	0.58340	0.58452			6
2026.03.25	00:43:36.280	0.58337	0.58446			6
2026.03.25	00:43:37.178	0.58339	0.58451			6
2026.03.25	00:43:41.102	0.58334	0.58441			6
2026.03.25	00:43:42.189	0.58337	0.58446			6
2026.03.25	00:43:43.092	0.58339	0.58451			6
2026.03.25	00:43:46.103	0.58335	0.58442			6
2026.03.25	00:43:47.189	0.58337	0.58446			6
2026.03.25	00:43:48.094		0.58449			4
2026.03.25	00:43:49.904	0.58338	0.58450			6
2026.03.25	00:43:51.108	0.58335	0.58446			6
2026.03.25	00:43:52.008	0.58337	0.58449			6
2026.03.25	00:43:52.311	0.58333	0.58445			6
2026.03.25	00:43:52.914	0.58334				2
2026.03.25	00:43:53.216	0.58337	0.58449			6
2026.03.25	00:43:55.922		0.58441			4
2026.03.25	00:43:56.224	0.58329				2
2026.03.25	00:43:56.524	0.58330				2
2026.03.25	00:43:57.185	0.58333	0.58445			6
2026.03.25	00:43:58.090	0.58335	0.58447			6
2026.03.25	00:43:58.991	0.58336	0.58448			6
2026.03.25	00:44:00.194	0.58336				2
2026.03.25	00:44:01.099	0.58329	0.58441			6
2026.03.25	00:44:02.000	0.58336	0.58448			6
2026.03.25	00:44:02.300	0.58337	0.58449			6
2026.03.25	00:44:02.602	0.58336	0.58448			6
2026.03.25	00:44:02.902	0.58335	0.58447			6
2026.03.25	00:44:03.202	0.58331	0.58443			6
2026.03.25	00:44:04.104	0.58335	0.58447			6
2026.03.25	00:44:05.906		0.58446			4
2026.03.25	00:44:06.207	0.58331	0.58443			6
2026.03.25	00:44:07.107	0.58333	0.58445			6
2026.03.25	00:44:08.009	0.58335	0.58447			6
2026.03.25	00:44:11.022	0.58331	0.58443			6
2026.03.25	00:44:11.323	0.58332				2
2026.03.25	00:44:11.926	0.58334				2
2026.03.25	00:44:12.228	0.58340	0.58447			6
2026.03.25	00:44:12.527	0.58342				2
2026.03.25	00:44:13.185	0.58341	0.58451			6
2026.03.25	00:44:13.486	0.58342				2
2026.03.25	00:44:13.786	0.58338	0.58449			6
2026.03.25	00:44:14.086	0.58341	0.58451			6
2026.03.25	00:44:14.388	0.58339				2
2026.03.25	00:44:14.687	0.58335	0.58447			6
2026.03.25	00:44:16.194	0.58333	0.58445			6
2026.03.25	00:44:17.094	0.58335	0.58447			6
2026.03.25	00:44:21.009	0.58329	0.58441			6
2026.03.25	00:44:21.914	0.58334				2
2026.03.25	00:44:22.215	0.58335	0.58447			6
2026.03.25	00:44:23.120	0.58333	0.58445			6
2026.03.25	00:44:24.022	0.58335	0.58447			6
2026.03.25	00:44:27.938		0.58444			4
2026.03.25	00:44:28.240	0.58329	0.58441			6
2026.03.25	00:44:29.143	0.58334	0.58446			6
2026.03.25	00:44:29.744	0.58335	0.58447			6
2026.03.25	00:44:31.848	0.58337	0.58449			6
2026.03.25	00:44:33.050	0.58336	0.58443			6
2026.03.25	00:44:34.251	0.58337	0.58447			6
2026.03.25	00:44:34.851	0.58336				2
2026.03.25	00:44:35.152	0.58337	0.58449			6
2026.03.25	00:44:36.353	0.58334	0.58445			6
2026.03.25	00:44:38.156	0.58327	0.58439			6
2026.03.25	00:44:38.756	0.58329	0.58441			6
2026.03.25	00:44:39.057	0.58333	0.58445			6
2026.03.25	00:44:39.357	0.58331	0.58442			6
2026.03.25	00:44:39.959	0.58334	0.58445			6
2026.03.25	00:44:40.259		0.58444			4
2026.03.25	00:44:40.559		0.58445			4
2026.03.25	00:44:41.161		0.58444			4
2026.03.25	00:44:42.186	0.58329	0.58441			6
2026.03.25	00:44:43.091	0.58334	0.58444			6
2026.03.25	00:44:43.419		0.58442			4
2026.03.25	00:44:43.720		0.58443			4
2026.03.25	00:44:45.186	0.58329	0.58441			6
2026.03.25	00:44:46.089	0.58334	0.58445			6
2026.03.25	00:44:46.990	0.58329	0.58441			6
2026.03.25	00:44:48.192	0.58334	0.58445			6
2026.03.25	00:44:49.704		0.58444			4
2026.03.25	00:44:50.005	0.58333	0.58445			6
2026.03.25	00:44:50.306	0.58331	0.58440			6
2026.03.25	00:44:50.607	0.58333	0.58445			6
2026.03.25	00:44:50.907	0.58334	0.58443			6
2026.03.25	00:44:51.207	0.58333	0.58445			6
2026.03.25	00:44:51.808	0.58334	0.58400			6
2026.03.25	00:44:52.886	0.58337	0.58392			6
2026.03.25	00:44:53.186	0.58339	0.58391			6
2026.03.25	00:45:00.103	0.58339				2
2026.03.25	00:45:11.827	0.58335	0.58380			6
2026.03.25	00:45:12.430	0.58334				2
2026.03.25	00:45:13.784	0.58335				2
2026.03.25	00:45:14.085	0.58334				2
2026.03.25	00:45:14.686	0.58335				2
2026.03.25	00:45:19.439		0.58365			4
2026.03.25	00:45:19.739	0.58336				2
2026.03.25	00:45:21.770	0.58334				2
2026.03.25	00:45:28.556	0.58335				2
2026.03.25	00:45:29.336	0.58334				2
2026.03.25	00:45:29.684	0.58335				2
2026.03.25	00:45:34.669	0.58334				2
2026.03.25	00:45:52.848	0.58335				2
2026.03.25	00:45:54.419	0.58334				2
2026.03.25	00:46:00.172	0.58334				2
2026.03.25	00:46:01.074		0.58364			4
2026.03.25	00:46:02.172		0.58365			4
2026.03.25	00:46:17.380	0.58339	0.58389			6
2026.03.25	00:46:17.983		0.58387			4
2026.03.25	00:46:18.585		0.58389			4
2026.03.25	00:46:18.891		0.58391			4
2026.03.25	00:46:21.599	0.58338				2
2026.03.25	00:46:22.861		0.58388			4
2026.03.25	00:46:23.847		0.58389			4
2026.03.25	00:46:24.150		0.58386			4
2026.03.25	00:46:35.002	0.58339	0.58391			6
2026.03.25	00:46:38.913	0.58338	0.58387			6
2026.03.25	00:46:48.398		0.58386			4
2026.03.25	00:46:50.325		0.58385			4
2026.03.25	00:46:52.152		0.58386			4
2026.03.25	00:46:52.452		0.58383			4
2026.03.25	00:46:53.803		0.58385			4
2026.03.25	00:46:54.681		0.58387			4
2026.03.25	00:46:54.981		0.58384			4
2026.03.25	00:46:57.059		0.58387			4
2026.03.25	00:46:58.467		0.58383			4
2026.03.25	00:47:00.024	0.58338				2
2026.03.25	00:47:03.522		0.58389			4
2026.03.25	00:47:05.326	0.58339	0.58387			6
2026.03.25	00:47:05.927		0.58383			4
2026.03.25	00:47:07.128		0.58381			4
2026.03.25	00:47:11.645	0.58338	0.58385			6
2026.03.25	00:47:14.783		0.58383			4
2026.03.25	00:47:17.380		0.58388			4
2026.03.25	00:47:17.682		0.58385			4
2026.03.25	00:47:17.984		0.58387			4
2026.03.25	00:47:24.501		0.58385			4
2026.03.25	00:47:28.370	0.58339	0.58383			6
2026.03.25	00:47:28.670	0.58338	0.58386			6
2026.03.25	00:47:28.971		0.58385			4
2026.03.25	00:47:29.273		0.58384			4
2026.03.25	00:47:29.573		0.58385			4
2026.03.25	00:47:40.155		0.58384			4
2026.03.25	00:47:40.456		0.58385			4
2026.03.25	00:47:40.756		0.58384			4
2026.03.25	00:47:45.001		0.58385			4
2026.03.25	00:47:47.805	0.58340	0.58381			6
2026.03.25	00:47:50.208		0.58380			4
2026.03.25	00:47:57.734	0.58338	0.58384			6
2026.03.25	00:48:01.069	0.58338				2
2026.03.25	00:48:18.452		0.58391			4
2026.03.25	00:48:18.752		0.58383			4
2026.03.25	00:48:19.052		0.58386			4
2026.03.25	00:48:20.556	0.58339	0.58382			6
2026.03.25	00:48:28.382	0.58338	0.58385			6
2026.03.25	00:48:30.187	0.58339	0.58383			6
2026.03.25	00:48:31.393	0.58338	0.58384			6
2026.03.25	00:48:31.693		0.58385			4
2026.03.25	00:48:38.619	0.58339	0.58381			6
2026.03.25	00:48:39.821	0.58338	0.58384			6
2026.03.25	00:48:48.853	0.58339	0.58381			6
2026.03.25	00:48:59.094	0.58338	0.58385			6
2026.03.25	00:49:00.299	0.58338				2
2026.03.25	00:49:04.209	0.58339	0.58382			6
2026.03.25	00:49:05.717	0.58341	0.58379			6
2026.03.25	00:49:07.218	0.58339	0.58382			6
2026.03.25	00:49:07.520	0.58340	0.58380			6
2026.03.25	00:49:07.820	0.58339	0.58383			6
2026.03.25	00:49:17.753	0.58338	0.58385			6
2026.03.25	00:49:18.054	0.58339	0.58381			6
2026.03.25	00:49:18.955		0.58380			4
2026.03.25	00:49:19.256	0.58340				2
2026.03.25	00:49:29.492	0.58339	0.58385			6
2026.03.25	00:49:29.793	0.58338				2
2026.03.25	00:49:37.713	0.58336	0.58377			6
2026.03.25	00:49:39.473	0.58335				2
2026.03.25	00:49:43.970	0.58336				2
2026.03.25	00:49:47.985		0.58378			4
2026.03.25	00:49:52.457		0.58377			4
2026.03.25	00:50:00.024	0.58336				2
2026.03.25	00:50:02.497		0.58376			4
2026.03.25	00:50:02.797		0.58378			4
2026.03.25	00:50:07.598	0.58335	0.58377			6
2026.03.25	00:50:18.013		0.58379			4
2026.03.25	00:50:21.656	0.58334	0.58367			6
2026.03.25	00:50:22.758		0.58366			4
2026.03.25	00:50:27.170	0.58333				2
2026.03.25	00:50:33.139		0.58367			4
2026.03.25	00:50:33.771	0.58334				2
2026.03.25	00:50:37.458		0.58365			4
2026.03.25	00:51:00.701	0.58333	0.58367			6
2026.03.25	00:51:06.509		0.58365			4
2026.03.25	00:51:06.809		0.58367			4
2026.03.25	00:51:12.412	0.58334	0.58366			6
2026.03.25	00:51:12.715		0.58367			4
2026.03.25	00:51:45.775	0.58333				2
2026.03.25	00:51:51.509	0.58334				2
2026.03.25	00:51:52.116	0.58333				2
2026.03.25	00:51:52.721	0.58334	0.58366			6
2026.03.25	00:51:55.450		0.58367			4
2026.03.25	00:51:55.750		0.58365			4
2026.03.25	00:51:56.270	0.58333				2
2026.03.25	00:51:57.472	0.58334				2
2026.03.25	00:52:02.606	0.58333	0.58367			6
2026.03.25	00:52:02.906		0.58365			4
2026.03.25	00:52:03.816		0.58367			4
2026.03.25	00:52:11.705		0.58365			4
2026.03.25	00:52:18.120		0.58367			4
2026.03.25	00:52:23.587		0.58366			4
2026.03.25	00:52:33.913		0.58367			4
2026.03.25	00:52:36.771	0.58332				2
2026.03.25	00:52:42.770	0.58333				2
2026.03.25	00:52:53.100		0.58365			4
2026.03.25	00:52:53.420		0.58367			4
2026.03.25	00:52:53.740		0.58365			4
2026.03.25	00:52:54.044		0.58367			4
2026.03.25	00:52:54.346		0.58366			4
2026.03.25	00:52:54.646		0.58367			4
2026.03.25	00:52:54.948		0.58365			4
2026.03.25	00:52:55.976	0.58334				2
2026.03.25	00:53:00.023	0.58334				2
2026.03.25	00:53:02.893	0.58333				2
2026.03.25	00:53:03.612		0.58367			4
2026.03.25	00:53:03.912	0.58335	0.58366			6
2026.03.25	00:53:11.026	0.58333	0.58362			6
2026.03.25	00:53:12.028	0.58335	0.58366			6
2026.03.25	00:53:12.528	0.58339	0.58367			6
2026.03.25	00:53:13.530	0.58335	0.58366			6
2026.03.25	00:53:13.830	0.58334				2
2026.03.25	00:53:18.077	0.58336	0.58367			6
2026.03.25	00:53:24.173	0.58334	0.58366			6
2026.03.25	00:53:28.805	0.58336	0.58367			6
2026.03.25	00:53:36.578	0.58335				2
2026.03.25	00:53:36.878	0.58336				2
2026.03.25	00:53:37.445	0.58335				2
2026.03.25	00:53:39.094	0.58334	0.58366			6
2026.03.25	00:53:54.395	0.58336				2
2026.03.25	00:54:00.806	0.58336				2
2026.03.25	00:54:12.323	0.58335				2
2026.03.25	00:54:17.106	0.58336				2
2026.03.25	00:54:27.137	0.58335				2
2026.03.25	00:54:40.670		0.58366			4
2026.03.25	00:54:52.848		0.58365			4
2026.03.25	00:54:53.148	0.58334				2
2026.03.25	00:54:53.448		0.58366			4
2026.03.25	00:54:53.748		0.58365			4
2026.03.25	00:55:00.471	0.58334				2
2026.03.25	00:55:02.108		0.58366			4
2026.03.25	00:55:03.770	0.58335				2
2026.03.25	00:55:06.103	0.58333				2
2026.03.25	00:55:09.255	0.58328	0.58371			6
2026.03.25	00:55:09.555	0.58333	0.58366			6
2026.03.25	00:55:41.074	0.58332	0.58367			6
2026.03.25	00:55:44.083	0.58338	0.58369			6
2026.03.25	00:55:44.383		0.58366			4
2026.03.25	00:55:44.683	0.58339	0.58367			6
2026.03.25	00:55:44.979		0.58369			4
2026.03.25	00:55:46.190	0.58337				2
2026.03.25	00:55:47.087	0.58339	0.58367			6
2026.03.25	00:55:47.384		0.58369			4
2026.03.25	00:55:47.692		0.58368			4
2026.03.25	00:55:50.097	0.58346	0.58399			6
2026.03.25	00:55:50.393	0.58322	0.58428			6
2026.03.25	00:55:50.995	0.58334	0.58407			6
2026.03.25	00:55:51.300	0.58344	0.58404			6
2026.03.25	00:55:51.601	0.58345	0.58399			6
2026.03.25	00:55:52.198	0.58346	0.58403			6
2026.03.25	00:55:52.498	0.58345				2
2026.03.25	00:55:53.103	0.58333	0.58429			6
2026.03.25	00:55:53.400	0.58348	0.58402			6
2026.03.25	00:55:53.700	0.58333	0.58429			6
2026.03.25	00:55:56.106	0.58346	0.58399			6
2026.03.25	00:55:57.010	0.58345	0.58402			6
2026.03.25	00:55:57.307	0.58327	0.58420			6
2026.03.25	00:55:57.909	0.58344	0.58399			6
2026.03.25	00:55:58.209	0.58333	0.58429			6
2026.03.25	00:55:58.811	0.58344	0.58401			6
2026.03.25	00:55:59.713	0.58343				2
2026.03.25	00:56:00.014	0.58343				2
2026.03.25	00:56:01.216	0.58351	0.58398			6
2026.03.25	00:56:01.518	0.58348	0.58397			6
2026.03.25	00:56:02.120	0.58336	0.58422			6
2026.03.25	00:56:02.419	0.58332	0.58400			6
2026.03.25	00:56:02.718	0.58334	0.58403			6
2026.03.25	00:56:03.016	0.58337	0.58427			6
2026.03.25	00:56:04.223	0.58336	0.58429			6
2026.03.25	00:56:04.524	0.58334				2
2026.03.25	00:56:05.125	0.58346	0.58398			6
2026.03.25	00:56:06.030	0.58334	0.58426			6
2026.03.25	00:56:06.330	0.58337				2
2026.03.25	00:56:08.137		0.58404			4
2026.03.25	00:56:08.436	0.58338	0.58400			6
2026.03.25	00:56:08.740	0.58337	0.58402			6
2026.03.25	00:56:09.036		0.58424			4
2026.03.25	00:56:09.337	0.58338	0.58426			6
2026.03.25	00:56:09.641	0.58337	0.58424			6
2026.03.25	00:56:11.143	0.58344	0.58399			6
2026.03.25	00:56:12.045	0.58341	0.58402			6
2026.03.25	00:56:12.341	0.58335	0.58422			6
2026.03.25	00:56:12.644	0.58336	0.58419			6
2026.03.25	00:56:13.548		0.58418			4
2026.03.25	00:56:14.153	0.58340	0.58399			6
2026.03.25	00:56:14.755	0.58341				2
2026.03.25	00:56:15.056	0.58337	0.58420			6
2026.03.25	00:56:15.352		0.58419			4
2026.03.25	00:56:15.958		0.58408			4
2026.03.25	00:56:16.256	0.58341	0.58398			6
2026.03.25	00:56:16.559	0.58337	0.58397			6
2026.03.25	00:56:16.857	0.58336	0.58408			6
2026.03.25	00:56:17.158	0.58337	0.58422			6
2026.03.25	00:56:17.458	0.58344				2
2026.03.25	00:56:18.963	0.58341	0.58410			6
2026.03.25	00:56:19.257		0.58398			4
2026.03.25	00:56:19.561	0.58340	0.58400			6
2026.03.25	00:56:20.165	0.58343	0.58422			6
2026.03.25	00:56:20.464		0.58424			4
2026.03.25	00:56:21.970		0.58403			4
2026.03.25	00:56:22.272	0.58341	0.58409			6
2026.03.25	00:56:22.567		0.58407			4
2026.03.25	00:56:22.866		0.58403			4
2026.03.25	00:56:23.169	0.58342	0.58426			6
2026.03.25	00:56:23.472		0.58425			4
2026.03.25	00:56:24.980	0.58340	0.58401			6
2026.03.25	00:56:25.278	0.58342	0.58397			6
2026.03.25	00:56:25.581		0.58399			4
2026.03.25	00:56:26.182		0.58423			4
2026.03.25	00:56:26.483		0.58425			4
2026.03.25	00:56:27.986	0.58340	0.58402			6
2026.03.25	00:56:29.199	0.58341	0.58422			6
2026.03.25	00:56:29.799		0.58420			4
2026.03.25	00:56:30.701	0.58342				2
2026.03.25	00:56:31.001	0.58340	0.58402			6
2026.03.25	00:56:32.205	0.58341	0.58401			6
2026.03.25	00:56:32.806	0.58340	0.58400			6
2026.03.25	00:56:34.010	0.58341	0.58401			6
2026.03.25	00:56:34.610		0.58403			4
2026.03.25	00:56:35.214		0.58404			4
2026.03.25	00:56:35.512	0.58342	0.58400			6
2026.03.25	00:56:36.411	0.58343	0.58401			6
2026.03.25	00:56:37.617	0.58350	0.58410			6
2026.03.25	00:56:37.916	0.58359	0.58411			6
2026.03.25	00:56:38.518	0.58352	0.58410			6
2026.03.25	00:56:38.819	0.58353	0.58407			6
2026.03.25	00:56:39.120	0.58352	0.58406			6
2026.03.25	00:56:39.421	0.58351	0.58402			6
2026.03.25	00:56:39.717		0.58399			4
2026.03.25	00:56:40.025		0.58405			4
2026.03.25	00:56:40.323		0.58403			4
2026.03.25	00:56:40.624	0.58348	0.58402			6
2026.03.25	00:56:40.925	0.58350	0.58399			6
2026.03.25	00:56:42.128	0.58349	0.58402			6
2026.03.25	00:56:42.426	0.58350	0.58399			6
2026.03.25	00:56:43.029		0.58401			4
2026.03.25	00:56:43.330	0.58347				2
2026.03.25	00:56:46.038	0.58345	0.58400			6
2026.03.25	00:56:46.340	0.58347	0.58395			6
2026.03.25	00:56:46.943	0.58348	0.58396			6
2026.03.25	00:56:47.240		0.58399			4
2026.03.25	00:56:48.145	0.58339	0.58406			6
2026.03.25	00:56:49.043	0.58351	0.58402			6
2026.03.25	00:56:50.242	0.58350	0.58396			6
2026.03.25	00:56:50.551	0.58339	0.58416			6
2026.03.25	00:56:50.849	0.58350	0.58396			6
2026.03.25	00:56:52.051	0.58352	0.58398			6
2026.03.25	00:56:52.352	0.58346	0.58421			6
2026.03.25	00:56:52.953	0.58347	0.58420			6
2026.03.25	00:56:53.253	0.58339	0.58423			6
2026.03.25	00:56:54.157	0.58346	0.58421			6
2026.03.25	00:56:55.959		0.58399			4
2026.03.25	00:56:56.257	0.58340				2
2026.03.25	00:56:57.163	0.58343	0.58421			6
2026.03.25	00:56:58.365	0.58345				2
2026.03.25	00:56:58.965		0.58399			4
2026.03.25	00:56:59.270	0.58346				2
2026.03.25	00:56:59.570	0.58349	0.58398			6
2026.03.25	00:57:00.174	0.58342	0.58421			6
2026.03.25	00:57:00.470	0.58345				2
2026.03.25	00:57:01.072		0.58404			4
2026.03.25	00:57:01.373	0.58346				2
2026.03.25	00:57:01.970		0.58399			4
2026.03.25	00:57:02.276	0.58345	0.58421			6
2026.03.25	00:57:04.082	0.58341	0.58399			6
2026.03.25	00:57:04.382	0.58346				2
2026.03.25	00:57:04.685	0.58343				2
2026.03.25	00:57:04.984	0.58346				2
2026.03.25	00:57:05.279		0.58419			4
2026.03.25	00:57:06.187		0.58404			4
2026.03.25	00:57:06.791	0.58349				2
2026.03.25	00:57:07.091	0.58343	0.58421			6
2026.03.25	00:57:07.692		0.58413			4
2026.03.25	00:57:07.995		0.58421			4
2026.03.25	00:57:10.703	0.58349	0.58419			6
2026.03.25	00:57:11.004	0.58344				2
2026.03.25	00:57:11.307	0.58346				2
2026.03.25	00:57:11.606	0.58344	0.58422			6
2026.03.25	00:57:11.907		0.58420			4
2026.03.25	00:57:12.211		0.58425			4
2026.03.25	00:57:13.113	0.58345	0.58430			6
2026.03.25	00:57:14.013	0.58360	0.58405			6
2026.03.25	00:57:14.310	0.58356	0.58399			6
2026.03.25	00:57:15.211	0.58353	0.58419			6
2026.03.25	00:57:16.120		0.58422			4
2026.03.25	00:57:16.418		0.58419			4
2026.03.25	00:57:18.220	0.58354	0.58403			6
2026.03.25	00:57:19.124	0.58348	0.58420			6
2026.03.25	00:57:19.424	0.58358	0.58404			6
2026.03.25	00:57:19.725	0.58359	0.58408			6
2026.03.25	00:57:20.027	0.58363	0.58406			6
2026.03.25	00:57:20.626	0.58359	0.58405			6
2026.03.25	00:57:22.435	0.58358	0.58410			6
2026.03.25	00:57:22.728	0.58359	0.58407			6
2026.03.25	00:57:23.028	0.58361				2
2026.03.25	00:57:23.332	0.58359	0.58405			6
2026.03.25	00:57:24.235	0.58355	0.58403			6
2026.03.25	00:57:25.137	0.58354				2
2026.03.25	00:57:25.440	0.58358	0.58404			6
2026.03.25	00:57:28.141		0.58406			4
2026.03.25	00:57:28.440	0.58357	0.58405			6
2026.03.25	00:57:29.347		0.58406			4
2026.03.25	00:57:30.252	0.58360	0.58408			6
2026.03.25	00:57:31.157	0.58359	0.58405			6
2026.03.25	00:57:31.455		0.58404			4
2026.03.25	00:57:32.061	0.58365	0.58408			6
2026.03.25	00:57:32.356	0.58360	0.58409			6
2026.03.25	00:57:32.660	0.58363	0.58411			6
2026.03.25	00:57:34.762	0.58360	0.58414			6
2026.03.25	00:57:35.058	0.58342	0.58428			6
2026.03.25	00:57:35.355		0.58437			4
2026.03.25	00:57:35.956	0.58356	0.58405			6
2026.03.25	00:57:36.258	0.58342	0.58443			6
2026.03.25	00:57:37.162	0.58357	0.58405			6
2026.03.25	00:57:37.458	0.58359	0.58408			6
2026.03.25	00:57:37.759		0.58404			4
2026.03.25	00:57:39.258	0.58363	0.58408			6
2026.03.25	00:57:39.560	0.58360	0.58405			6
2026.03.25	00:57:40.160	0.58356	0.58402			6
2026.03.25	00:57:40.465		0.58401			4
2026.03.25	00:57:41.362	0.58343	0.58431			6
2026.03.25	00:57:42.267	0.58359	0.58405			6
2026.03.25	00:57:42.566		0.58404			4
2026.03.25	00:57:42.867	0.58358				2
2026.03.25	00:57:43.167	0.58360	0.58406			6
2026.03.25	00:57:43.465	0.58358	0.58398			6
2026.03.25	00:57:43.770	0.58357	0.58402			6
2026.03.25	00:57:44.071	0.58362	0.58404			6
2026.03.25	00:57:44.372	0.58358				2
2026.03.25	00:57:44.977	0.58356	0.58401			6
2026.03.25	00:57:46.181	0.58359				2
2026.03.25	00:57:46.478	0.58343	0.58425			6
2026.03.25	00:57:47.082	0.58345				2
2026.03.25	00:57:47.379	0.58348				2
2026.03.25	00:57:47.982	0.58359	0.58402			6
2026.03.25	00:57:48.284	0.58349	0.58427			6
2026.03.25	00:57:48.580	0.58362	0.58402			6
2026.03.25	00:57:48.890		0.58398			4
2026.03.25	00:57:49.184	0.58356				2
2026.03.25	00:57:49.490	0.58357	0.58399			6
2026.03.25	00:57:50.091	0.58359	0.58404			6
2026.03.25	00:57:50.395	0.58358	0.58401			6
2026.03.25	00:57:50.695	0.58357	0.58402			6
2026.03.25	00:57:51.000	0.58364	0.58404			6
2026.03.25	00:57:51.298	0.58342	0.58426			6
2026.03.25	00:57:52.208		0.58418			4
2026.03.25	00:57:53.105	0.58354	0.58396			6
2026.03.25	00:57:53.405		0.58397			4
2026.03.25	00:57:53.706	0.58355	0.58398			6
2026.03.25	00:57:54.009	0.58359	0.58416			6
2026.03.25	00:57:54.308	0.58358	0.58417			6
2026.03.25	00:57:54.908	0.58357	0.58397			6
2026.03.25	00:57:55.210	0.58354	0.58396			6
2026.03.25	00:57:55.810	0.58358	0.58397			6
2026.03.25	00:57:56.112	0.58348	0.58412			6
2026.03.25	00:57:56.412	0.58360	0.58415			6
2026.03.25	00:57:56.708	0.58354	0.58413			6
2026.03.25	00:57:57.009	0.58347	0.58419			6
2026.03.25	00:57:57.312	0.58358	0.58401			6
2026.03.25	00:57:57.910	0.58359				2
2026.03.25	00:57:58.212	0.58358				2
2026.03.25	00:57:59.115	0.58343	0.58426			6
2026.03.25	00:57:59.414	0.58353	0.58402			6
2026.03.25	00:58:00.011	0.58359	0.58398			6
2026.03.25	00:58:00.317	0.58360	0.58415			6
2026.03.25	00:58:00.613	0.58349	0.58420			6
2026.03.25	00:58:00.915		0.58419			4
2026.03.25	00:58:01.221	0.58354	0.58421			6
2026.03.25	00:58:01.515	0.58352	0.58418			6
2026.03.25	00:58:01.817	0.58356	0.58416			6
2026.03.25	00:58:02.125	0.58344	0.58419			6
2026.03.25	00:58:02.418	0.58355	0.58397			6
2026.03.25	00:58:03.025	0.58356	0.58398			6
2026.03.25	00:58:03.319	0.58360	0.58415			6
2026.03.25	00:58:04.222	0.58356	0.58398			6
2026.03.25	00:58:05.129	0.58358	0.58400			6
2026.03.25	00:58:05.726		0.58401			4
2026.03.25	00:58:06.327	0.58363	0.58406			6
2026.03.25	00:58:06.627	0.58358	0.58401			6
2026.03.25	00:58:06.925	0.58363	0.58403			6
2026.03.25	00:58:07.225	0.58356	0.58402			6
2026.03.25	00:58:07.524	0.58358	0.58395			6
2026.03.25	00:58:07.836	0.58364	0.58407			6
2026.03.25	00:58:08.134	0.58370	0.58416			6
2026.03.25	00:58:08.434	0.58367	0.58410			6
2026.03.25	00:58:09.036		0.58409			4
2026.03.25	00:58:09.639		0.58410			4
2026.03.25	00:58:10.237	0.58369	0.58414			6
2026.03.25	00:58:10.542	0.58367	0.58409			6
2026.03.25	00:58:11.144	0.58369				2
2026.03.25	00:58:11.441	0.58366	0.58406			6
2026.03.25	00:58:12.345	0.58370	0.58407			6
2026.03.25	00:58:12.646	0.58367	0.58412			6
2026.03.25	00:58:12.946	0.58368	0.58404			6
2026.03.25	00:58:13.243	0.58342	0.58417			6
2026.03.25	00:58:13.545	0.58356	0.58396			6
2026.03.25	00:58:13.851	0.58342	0.58415			6
2026.03.25	00:58:14.152	0.58351	0.58422			6
2026.03.25	00:58:14.450	0.58345	0.58419			6
2026.03.25	00:58:14.755	0.58360	0.58415			6
2026.03.25	00:58:15.354	0.58343	0.58424			6
2026.03.25	00:58:15.656		0.58421			4
2026.03.25	00:58:16.558		0.58425			4
2026.03.25	00:58:18.964	0.58342				2
2026.03.25	00:58:20.777	0.58348	0.58412			6
2026.03.25	00:58:21.073	0.58362	0.58405			6
2026.03.25	00:58:21.375	0.58346	0.58420			6
2026.03.25	00:58:21.675	0.58344	0.58426			6
2026.03.25	00:58:21.982	0.58345	0.58421			6
2026.03.25	00:58:22.279	0.58360	0.58415			6
2026.03.25	00:58:22.581	0.58361	0.58401			6
2026.03.25	00:58:22.880	0.58360	0.58415			6
2026.03.25	00:58:23.179	0.58363	0.58394			6
2026.03.25	00:58:23.481	0.58357	0.58399			6
2026.03.25	00:58:25.293	0.58358	0.58398			6
2026.03.25	00:58:25.591		0.58400			4
2026.03.25	00:58:25.895	0.58359	0.58402			6
2026.03.25	00:58:26.196	0.58346	0.58420			6
2026.03.25	00:58:26.494	0.58343	0.58422			6
2026.03.25	00:58:26.800		0.58409			4
2026.03.25	00:58:27.102	0.58353	0.58399			6
2026.03.25	00:58:27.399	0.58346	0.58412			6
2026.03.25	00:58:28.005		0.58421			4
2026.03.25	00:58:28.304	0.58359	0.58396			6
2026.03.25	00:58:28.601	0.58357	0.58397			6
2026.03.25	00:58:29.507	0.58358	0.58398			6
2026.03.25	00:58:30.408	0.58362	0.58402			6
2026.03.25	00:58:30.705	0.58363				2
2026.03.25	00:58:31.007	0.58343	0.58419			6
2026.03.25	00:58:31.310	0.58358	0.58398			6
2026.03.25	00:58:32.212	0.58346	0.58421			6
2026.03.25	00:58:32.511	0.58344	0.58419			6
2026.03.25	00:58:32.813	0.58345				2
2026.03.25	00:58:33.116		0.58434			4
2026.03.25	00:58:33.412	0.58358	0.58394			6
2026.03.25	00:58:33.713		0.58397			4
2026.03.25	00:58:34.315		0.58400			4
2026.03.25	00:58:36.125	0.58343	0.58423			6
2026.03.25	00:58:37.025	0.58362	0.58400			6
2026.03.25	00:58:37.324	0.58346	0.58415			6
2026.03.25	00:58:37.625	0.58360	0.58413			6
2026.03.25	00:58:37.927	0.58349	0.58419			6
2026.03.25	00:58:38.227	0.58360	0.58415			6
2026.03.25	00:58:38.532	0.58357	0.58399			6
2026.03.25	00:58:41.237	0.58353	0.58395			6
2026.03.25	00:58:41.538	0.58343	0.58427			6
2026.03.25	00:58:42.142	0.58360	0.58415			6
2026.03.25	00:58:42.438	0.58345	0.58421			6
2026.03.25	00:58:42.742		0.58412			4
2026.03.25	00:58:43.039		0.58421			4
2026.03.25	00:58:43.339	0.58360	0.58415			6
2026.03.25	00:58:43.943	0.58358	0.58400			6
2026.03.25	00:58:45.139	0.58357	0.58397			6
2026.03.25	00:58:45.443		0.58399			4
2026.03.25	00:58:46.046	0.58343	0.58412			6
2026.03.25	00:58:46.343	0.58357	0.58400			6
2026.03.25	00:58:46.648	0.58359	0.58399			6
2026.03.25	00:58:46.943	0.58358	0.58400			6
2026.03.25	00:58:47.245	0.58356	0.58398			6
2026.03.25	00:58:47.548	0.58345	0.58421			6
2026.03.25	00:58:47.847		0.58428			4
2026.03.25	00:58:48.147	0.58357	0.58397			6
2026.03.25	00:58:48.447	0.58360	0.58399			6
2026.03.25	00:58:49.046		0.58418			4
2026.03.25	00:58:49.649	0.58354	0.58399			6
2026.03.25	00:58:49.948	0.58355	0.58398			6
2026.03.25	00:58:51.155	0.58345	0.58430			6
2026.03.25	00:58:51.456	0.58357	0.58400			6
2026.03.25	00:58:51.755	0.58358				2
2026.03.25	00:58:52.057	0.58361	0.58406			6
2026.03.25	00:58:52.355	0.58345	0.58424			6
2026.03.25	00:58:52.659	0.58357	0.58399			6
2026.03.25	00:58:52.960		0.58400			4
2026.03.25	00:58:53.257	0.58354	0.58396			6
2026.03.25	00:58:53.560	0.58357	0.58400			6
2026.03.25	00:58:53.857		0.58399			4
2026.03.25	00:58:54.158	0.58359	0.58402			6
2026.03.25	00:58:55.666	0.58365	0.58407			6
2026.03.25	00:58:55.970	0.58360	0.58400			6
2026.03.25	00:58:56.274	0.58353	0.58401			6
2026.03.25	00:58:56.572	0.58354	0.58400			6
2026.03.25	00:58:57.174	0.58346	0.58425			6
2026.03.25	00:58:57.475	0.58352	0.58423			6
2026.03.25	00:58:57.778	0.58360	0.58418			6
2026.03.25	00:58:58.076		0.58399			4
2026.03.25	00:58:58.380	0.58357				2
2026.03.25	00:59:00.184	0.58357				2
2026.03.25	00:59:01.085	0.58344	0.58417			6
2026.03.25	00:59:01.387	0.58353	0.58401			6
2026.03.25	00:59:01.679	0.58356	0.58402			6
2026.03.25	00:59:02.281	0.58344	0.58420			6
2026.03.25	00:59:02.580		0.58425			4
2026.03.25	00:59:03.182		0.58414			4
2026.03.25	00:59:03.482		0.58426			4
2026.03.25	00:59:04.091	0.58360	0.58405			6
2026.03.25	00:59:04.391	0.58365				2
2026.03.25	00:59:04.692	0.58359	0.58402			6
2026.03.25	00:59:06.197	0.58358	0.58401			6
2026.03.25	00:59:08.301	0.58353	0.58398			6
2026.03.25	00:59:09.207	0.58357	0.58400			6
2026.03.25	00:59:10.112	0.58359	0.58401			6
2026.03.25	00:59:11.016	0.58357	0.58399			6
2026.03.25	00:59:11.919	0.58356	0.58401			6
2026.03.25	00:59:12.823	0.58363	0.58406			6
2026.03.25	00:59:13.125	0.58354	0.58400			6
2026.03.25	00:59:13.731	0.58356	0.58399			6
2026.03.25	00:59:14.028	0.58361	0.58404			6
2026.03.25	00:59:14.329	0.58343	0.58424			6
2026.03.25	00:59:14.928	0.58344				2
2026.03.25	00:59:15.232	0.58352	0.58398			6
2026.03.25	00:59:17.037	0.58369	0.58412			6
2026.03.25	00:59:17.939	0.58368	0.58411			6
2026.03.25	00:59:18.242	0.58365	0.58413			6
2026.03.25	00:59:19.143		0.58414			4
2026.03.25	00:59:19.440	0.58368	0.58413			6
2026.03.25	00:59:19.742		0.58414			4
2026.03.25	00:59:20.043		0.58417			4
2026.03.25	00:59:21.245	0.58366	0.58414			6
2026.03.25	00:59:22.149	0.58367	0.58410			6
2026.03.25	00:59:22.452	0.58369	0.58409			6
2026.03.25	00:59:22.755	0.58368	0.58410			6
2026.03.25	00:59:23.056	0.58366	0.58409			6
2026.03.25	00:59:23.961	0.58368	0.58408			6
2026.03.25	00:59:24.257	0.58364	0.58407			6
2026.03.25	00:59:25.162	0.58363	0.58408			6
2026.03.25	00:59:26.061	0.58365	0.58405			6
2026.03.25	00:59:26.962		0.58407			4
2026.03.25	00:59:29.065	0.58367	0.58409			6
2026.03.25	00:59:29.363		0.58411			4
2026.03.25	00:59:29.966	0.58363				2
2026.03.25	00:59:32.983	0.58365				2
2026.03.25	00:59:35.984	0.58357				2
2026.03.25	00:59:38.389	0.58368	0.58413			6
2026.03.25	00:59:38.694	0.58367	0.58410			6
2026.03.25	00:59:38.992	0.58368	0.58408			6
2026.03.25	00:59:39.895	0.58366				2
2026.03.25	00:59:40.192	0.58372	0.58411			6
2026.03.25	00:59:40.797	0.58368	0.58410			6
2026.03.25	00:59:41.101	0.58369	0.58409			6
2026.03.25	00:59:42.301	0.58368	0.58411			6
2026.03.25	00:59:42.600	0.58365	0.58413			6
2026.03.25	00:59:43.203	0.58369	0.58415			6
2026.03.25	00:59:43.507	0.58368	0.58413			6
2026.03.25	00:59:44.406	0.58366	0.58412			6
2026.03.25	00:59:45.011	0.58368	0.58413			6
2026.03.25	00:59:45.314	0.58365	0.58414			6
2026.03.25	00:59:46.215	0.58368				2
2026.03.25	00:59:50.130	0.58369				2
2026.03.25	00:59:50.725	0.58365	0.58413			6
2026.03.25	00:59:51.927	0.58364	0.58410			6
2026.03.25	00:59:52.228	0.58369	0.58412			6
2026.03.25	00:59:52.527	0.58370				2
2026.03.25	00:59:52.831		0.58415			4
2026.03.25	00:59:53.136	0.58369	0.58414			6
2026.03.25	00:59:55.239	0.58365	0.58410			6
2026.03.25	00:59:56.147	0.58343	0.58431			6
2026.03.25	00:59:56.439	0.58353	0.58402			6
2026.03.25	00:59:57.046	0.58360	0.58405			6
2026.03.25	00:59:57.354	0.58358	0.58404			6
2026.03.25	00:59:57.655	0.58360	0.58402			6
2026.03.25	00:59:57.957	0.58359	0.58399			6
2026.03.25	00:59:58.256	0.58357	0.58400			6
2026.03.25	00:59:58.555	0.58355				2
2026.03.25	00:59:58.855	0.58353	0.58399			6
2026.03.25	00:59:59.162	0.58357	0.58402			6
2026.03.25	00:59:59.460	0.58358	0.58400			6
2026.03.25	00:59:59.762	0.58360				2
2026.03.25	01:00:00.061	0.58353	0.58401			6
2026.03.25	01:00:00.360	0.58356	0.58396			6
2026.03.25	01:00:00.664	0.58352	0.58390			6
2026.03.25	01:00:00.958	0.58358	0.58400			6
2026.03.25	01:00:01.258	0.58355	0.58399			6
2026.03.25	01:00:02.163		0.58400			4
2026.03.25	01:00:02.465	0.58356	0.58399			6
2026.03.25	01:00:03.063	0.58361	0.58401			6
2026.03.25	01:00:03.364	0.58358	0.58400			6
2026.03.25	01:00:03.668	0.58365	0.58413			6
2026.03.25	01:00:03.962	0.58370	0.58406			6
2026.03.25	01:00:04.259	0.58361	0.58410			6
2026.03.25	01:00:04.560	0.58356	0.58409			6
2026.03.25	01:00:04.865		0.58404			4
2026.03.25	01:00:07.567	0.58357				2
2026.03.25	01:00:07.867	0.58358				2
2026.03.25	01:00:08.767	0.58357				2
2026.03.25	01:00:09.064	0.58361				2
2026.03.25	01:00:09.367	0.58362				2
2026.03.25	01:00:09.668	0.58367	0.58410			6
2026.03.25	01:00:09.966		0.58404			4
2026.03.25	01:00:10.268	0.58366				2
2026.03.25	01:00:10.871	0.58369				2
2026.03.25	01:00:11.172	0.58367				2
2026.03.25	01:00:11.470		0.58408			4
2026.03.25	01:00:11.770	0.58366	0.58404			6
2026.03.25	01:00:13.275	0.58367				2
2026.03.25	01:00:13.873	0.58366				2
2026.03.25	01:00:15.373	0.58369				2
2026.03.25	01:00:15.673	0.58368				2
2026.03.25	01:00:18.678	0.58369				2
2026.03.25	01:00:18.978	0.58366				2
2026.03.25	01:00:19.281	0.58368				2
2026.03.25	01:00:19.578	0.58366				2
2026.03.25	01:00:20.481	0.58363	0.58399			6
2026.03.25	01:00:20.780	0.58365	0.58401			6
2026.03.25	01:00:22.582	0.58366				2
2026.03.25	01:00:22.880	0.58364	0.58398			6
2026.03.25	01:00:23.183		0.58396			4
2026.03.25	01:00:24.082	0.58366				2
2026.03.25	01:00:24.985	0.58363				2
2026.03.25	01:00:25.285	0.58355	0.58367			6
2026.03.25	01:00:25.584	0.58352	0.58369			6
2026.03.25	01:00:25.888	0.58350	0.58364			6
2026.03.25	01:00:26.187		0.58375			4
2026.03.25	01:00:26.483	0.58348	0.58364			6
2026.03.25	01:00:26.782	0.58353	0.58370			6
2026.03.25	01:00:27.383	0.58349	0.58373			6
2026.03.25	01:00:27.683	0.58355	0.58377			6
2026.03.25	01:00:28.590	0.58356				2
2026.03.25	01:00:29.790		0.58380			4
2026.03.25	01:00:30.391		0.58376			4
2026.03.25	01:00:30.993		0.58378			4
2026.03.25	01:00:31.595	0.58354	0.58377			6
2026.03.25	01:00:31.893		0.58379			4
2026.03.25	01:00:32.493		0.58378			4
2026.03.25	01:00:32.793	0.58355	0.58380			6
2026.03.25	01:00:33.098	0.58354	0.58376			6
2026.03.25	01:00:38.504	0.58355	0.58380			6
2026.03.25	01:00:38.804	0.58354				2
2026.03.25	01:00:39.104	0.58355				2
2026.03.25	01:00:39.707		0.58378			4
2026.03.25	01:00:40.307	0.58354				2
2026.03.25	01:00:40.611	0.58355	0.58377			6
2026.03.25	01:00:41.808	0.58356	0.58378			6
2026.03.25	01:00:43.008	0.58357				2
2026.03.25	01:00:43.310	0.58359				2
2026.03.25	01:00:43.609	0.58357	0.58373			6
2026.03.25	01:00:44.213	0.58358				2
2026.03.25	01:00:44.814	0.58357	0.58370			6
2026.03.25	01:00:45.113		0.58371			4
2026.03.25	01:00:46.316		0.58370			4
2026.03.25	01:00:46.611		0.58371			4
2026.03.25	01:00:47.518		0.58378			4
2026.03.25	01:00:49.317	0.58361	0.58384			6
2026.03.25	01:00:49.619	0.58362	0.58385			6
2026.03.25	01:00:49.923	0.58360	0.58386			6
2026.03.25	01:00:50.220	0.58361	0.58390			6
2026.03.25	01:00:50.523	0.58362	0.58386			6
2026.03.25	01:00:51.424		0.58387			4
2026.03.25	01:00:52.622	0.58361				2
2026.03.25	01:00:53.230	0.58362	0.58392			6
2026.03.25	01:00:54.730		0.58393			4
2026.03.25	01:00:55.028	0.58360	0.58392			6
2026.03.25	01:00:55.928	0.58361				2
2026.03.25	01:00:59.236	0.58359	0.58389			6
2026.03.25	01:00:59.535	0.58358	0.58387			6
2026.03.25	01:00:59.838	0.58357	0.58388			6
2026.03.25	01:01:00.139	0.58358	0.58387			6
2026.03.25	01:01:00.440	0.58356	0.58388			6
2026.03.25	01:01:01.339	0.58357				2
2026.03.25	01:01:02.844	0.58358				2
2026.03.25	01:01:03.147	0.58357	0.58386			6
2026.03.25	01:01:03.447	0.58356				2
2026.03.25	01:01:05.542	0.58357	0.58383			6
2026.03.25	01:01:11.549	0.58358				2
2026.03.25	01:01:11.848	0.58357				2
2026.03.25	01:01:13.053	0.58374				2
2026.03.25	01:01:14.257		0.58382			4
2026.03.25	01:01:26.274	0.58358	0.58381			6
2026.03.25	01:01:26.571	0.58355				2
2026.03.25	01:01:31.673	0.58356				2
2026.03.25	01:01:37.379	0.58353	0.58380			6
2026.03.25	01:01:41.889		0.58381			4
2026.03.25	01:01:43.090	0.58355				2
2026.03.25	01:01:46.995		0.58379			4
2026.03.25	01:01:49.397	0.58353	0.58373			6
2026.03.25	01:01:49.996	0.58352				2
2026.03.25	01:01:53.305	0.58353				2
2026.03.25	01:01:54.807	0.58352				2
2026.03.25	01:01:55.409	0.58353	0.58372			6
2026.03.25	01:01:56.006	0.58351	0.58370			6
2026.03.25	01:01:56.308	0.58350				2
2026.03.25	01:01:56.608		0.58369			4
2026.03.25	01:01:57.209	0.58353	0.58368			6
2026.03.25	01:01:57.509	0.58347	0.58366			6
2026.03.25	01:01:57.806	0.58346	0.58364			6
2026.03.25	01:01:58.112	0.58343				2
2026.03.25	01:01:58.410		0.58365			4
2026.03.25	01:02:00.223	0.58343				2
2026.03.25	01:02:00.522		0.58364			4
2026.03.25	01:02:01.425	0.58345				2
2026.03.25	01:02:05.629	0.58353	0.58357			6
2026.03.25	01:02:05.927	0.58352	0.58356			6
2026.03.25	01:02:06.227		0.58357			4
2026.03.25	01:02:06.830	0.58351				2
2026.03.25	01:02:08.332		0.58355			4
2026.03.25	01:02:08.634		0.58356			4
2026.03.25	01:02:09.529		0.58357			4
2026.03.25	01:02:10.130		0.58355			4
2026.03.25	01:02:10.730		0.58356			4
2026.03.25	01:02:11.633		0.58357			4
2026.03.25	01:02:12.236		0.58355			4
2026.03.25	01:02:12.531		0.58357			4
2026.03.25	01:02:14.336		0.58355			4
2026.03.25	01:02:15.239		0.58357			4
2026.03.25	01:02:16.141		0.58355			4
2026.03.25	01:02:17.041		0.58356			4
2026.03.25	01:02:17.343		0.58357			4
2026.03.25	01:02:18.242		0.58355			4
2026.03.25	01:02:21.549		0.58356			4
2026.03.25	01:02:23.051		0.58355			4
2026.03.25	01:02:26.054	0.58349	0.58353			6
2026.03.25	01:02:26.352		0.58355			4
2026.03.25	01:02:26.954		0.58353			4
2026.03.25	01:02:29.058	0.58351	0.58355			6
2026.03.25	01:02:31.461	0.58352	0.58356			6
2026.03.25	01:02:35.362	0.58348	0.58352			6
2026.03.25	01:02:37.162	0.58353	0.58357			6
2026.03.25	01:02:37.467	0.58351	0.58355			6
2026.03.25	01:02:48.879		0.58357			4
2026.03.25	01:02:50.984		0.58355			4
2026.03.25	01:02:51.286	0.58352	0.58356			6
2026.03.25	01:02:51.584	0.58354	0.58358			6
2026.03.25	01:02:52.187	0.58355				2
2026.03.25	01:02:53.389	0.58356	0.58360			6
2026.03.25	01:02:54.890	0.58357	0.58361			6
2026.03.25	01:03:00.007	0.58357				2
2026.03.25	01:03:00.310	0.58358	0.58359			6
2026.03.25	01:03:00.607	0.58357	0.58358			6
2026.03.25	01:03:00.907	0.58356				2
2026.03.25	01:03:01.210		0.58359			4
2026.03.25	01:03:01.810	0.58357				2
2026.03.25	01:03:04.512	0.58356				2
2026.03.25	01:03:06.914	0.58358	0.58360			6
2026.03.25	01:03:07.209		0.58359			4
2026.03.25	01:03:08.119	0.58357	0.58358			6
2026.03.25	01:03:28.249	0.58356	0.58360			6
2026.03.25	01:03:29.153	0.58357				2
2026.03.25	01:03:32.158		0.58358			4
2026.03.25	01:03:33.360	0.58356	0.58357			6
2026.03.25	01:03:47.498	0.58357	0.58358			6
2026.03.25	01:04:00.127	0.58357				2
2026.03.25	01:04:10.639	0.58358	0.58361			6
2026.03.25	01:04:13.945	0.58359				2
2026.03.25	01:04:26.260	0.58361	0.58365			6
2026.03.25	01:04:26.560	0.58363				2
2026.03.25	01:04:26.862	0.58364				2
2026.03.25	01:04:28.367		0.58366			4
2026.03.25	01:04:36.772	0.58365				2
2026.03.25	01:04:39.776	0.58366	0.58369			6
2026.03.25	01:04:41.884	0.58367				2
2026.03.25	01:04:43.384		0.58368			4
2026.03.25	01:04:45.191	0.58366	0.58367			6
2026.03.25	01:04:48.190		0.58368			4
2026.03.25	01:04:55.402	0.58367	0.58370			6
2026.03.25	01:04:58.407	0.58364	0.58367			6
2026.03.25	01:05:00.215	0.58364				2
2026.03.25	01:05:19.142	0.58365	0.58368			6
2026.03.25	01:05:20.644	0.58364	0.58367			6
2026.03.25	01:05:21.851	0.58359	0.58362			6
2026.03.25	01:05:22.748	0.58358	0.58361			6
2026.03.25	01:05:23.351	0.58359	0.58362			6
2026.03.25	01:05:23.950	0.58357	0.58360			6
2026.03.25	01:05:24.552	0.58358	0.58361			6
2026.03.25	01:05:24.856	0.58357	0.58360			6
2026.03.25	01:05:25.457	0.58358	0.58361			6
2026.03.25	01:05:30.561	0.58359	0.58362			6
2026.03.25	01:05:32.061	0.58361	0.58364			6
2026.03.25	01:05:33.859	0.58360	0.58363			6
2026.03.25	01:05:38.064	0.58359	0.58360			6
2026.03.25	01:05:41.069	0.58358	0.58359			6
2026.03.25	01:05:41.670		0.58360			4
2026.03.25	01:05:43.172		0.58359			4
2026.03.25	01:05:51.287	0.58361	0.58363			6
2026.03.25	01:05:51.591		0.58364			4
2026.03.25	01:05:54.896	0.58362	0.58365			6
2026.03.25	01:05:55.193	0.58363	0.58366			6
2026.03.25	01:05:55.494	0.58364				2
2026.03.25	01:06:00.004	0.58364				2
2026.03.25	01:06:00.908	0.58362	0.58365			6
2026.03.25	01:06:30.344	0.58365	0.58368			6
2026.03.25	01:06:35.455		0.58367			4
2026.03.25	01:06:37.558	0.58366	0.58369			6
2026.03.25	01:06:40.561		0.58367			4
2026.03.25	01:06:40.859	0.58364	0.58366			6
2026.03.25	01:06:41.158	0.58365	0.58368			6
2026.03.25	01:06:43.264		0.58367			4
2026.03.25	01:06:43.562	0.58364				2
2026.03.25	01:06:43.860	0.58363	0.58366			6
2026.03.25	01:06:50.172		0.58365			4
2026.03.25	01:06:57.084	0.58364	0.58366			6
2026.03.25	01:06:57.684	0.58363	0.58365			6
2026.03.25	01:06:59.487	0.58364	0.58366			6
2026.03.25	01:07:00.092	0.58364				2
2026.03.25	01:07:01.291	0.58365	0.58367			6
2026.03.25	01:07:03.989	0.58366				2
2026.03.25	01:07:04.294	0.58365				2
2026.03.25	01:07:10.306	0.58366				2
2026.03.25	01:07:13.005	0.58365				2
2026.03.25	01:07:16.912	0.58366	0.58368			6
2026.03.25	01:07:17.816	0.58367				2
2026.03.25	01:07:18.117	0.58366				2
2026.03.25	01:07:20.824	0.58364	0.58366			6
2026.03.25	01:07:21.127	0.58371	0.58372			6
2026.03.25	01:07:21.424		0.58373			4
2026.03.25	01:07:32.238	0.58374	0.58375			6
2026.03.25	01:07:40.356	0.58375	0.58376			6
2026.03.25	01:07:40.958	0.58376	0.58378			6
2026.03.25	01:07:41.258	0.58378	0.58380			6
2026.03.25	01:07:43.064	0.58379	0.58381			6
2026.03.25	01:07:57.210	0.58375	0.58377			6
2026.03.25	01:07:58.406	0.58376				2
2026.03.25	01:08:00.213	0.58376				2
2026.03.25	01:08:02.013	0.58375	0.58376			6
2026.03.25	01:08:03.816	0.58376	0.58377			6
2026.03.25	01:08:04.116		0.58378			4
2026.03.25	01:08:05.624	0.58375	0.58377			6
2026.03.25	01:08:10.432	0.58376	0.58378			6
2026.03.25	01:08:23.356	0.58377	0.58379			6
2026.03.25	01:08:25.758	0.58376	0.58378			6
2026.03.25	01:08:27.863	0.58379	0.58381			6
2026.03.25	01:08:28.161	0.58380	0.58382			6
2026.03.25	01:08:28.462	0.58381	0.58383			6
2026.03.25	01:08:29.960		0.58382			4
2026.03.25	01:08:30.271	0.58385	0.58387			6
2026.03.25	01:08:30.564	0.58386				2
2026.03.25	01:08:31.160	0.58387	0.58388			6
2026.03.25	01:08:32.061	0.58386	0.58387			6
2026.03.25	01:08:32.362	0.58387	0.58388			6
2026.03.25	01:08:34.767	0.58388	0.58389			6
2026.03.25	01:08:35.969		0.58390			4
2026.03.25	01:08:36.265	0.58389	0.58391			6
2026.03.25	01:08:43.779	0.58391	0.58392			6
2026.03.25	01:08:47.988	0.58392	0.58393			6
2026.03.25	01:09:00.013	0.58392				2
2026.03.25	01:09:00.313	0.58391	0.58392			6
2026.03.25	01:09:09.928	0.58392	0.58393			6
2026.03.25	01:09:10.225	0.58394	0.58396			6
2026.03.25	01:09:10.829	0.58395	0.58397			6
2026.03.25	01:09:11.734	0.58396	0.58398			6
2026.03.25	01:09:12.035	0.58397	0.58399			6
2026.03.25	01:09:14.744	0.58398	0.58400			6
2026.03.25	01:09:15.942	0.58396	0.58398			6
2026.03.25	01:09:18.957	0.58395	0.58397			6
2026.03.25	01:09:35.788	0.58389	0.58391			6
2026.03.25	01:09:37.292	0.58390	0.58392			6
2026.03.25	01:09:44.204	0.58389	0.58391			6
2026.03.25	01:09:46.000	0.58388	0.58390			6
2026.03.25	01:09:54.121	0.58380	0.58382			6
2026.03.25	01:09:54.420	0.58379	0.58381			6
2026.03.25	01:10:00.143	0.58379				2
2026.03.25	01:10:15.457	0.58380				2
2026.03.25	01:10:16.058		0.58382			4
2026.03.25	01:10:16.657		0.58381			4
2026.03.25	01:10:17.259		0.58382			4
2026.03.25	01:10:18.462		0.58381			4
2026.03.25	01:10:18.758	0.58379	0.58380			6
2026.03.25	01:10:21.762	0.58381	0.58383			6
2026.03.25	01:10:22.362	0.58382	0.58384			6
2026.03.25	01:10:23.864	0.58383				2
2026.03.25	01:10:24.164		0.58385			4
2026.03.25	01:10:29.278	0.58384				2
2026.03.25	01:10:31.991		0.58386			4
2026.03.25	01:10:32.288	0.58383	0.58385			6
2026.03.25	01:10:32.591	0.58384				2
2026.03.25	01:10:34.397		0.58386			4
2026.03.25	01:10:38.897	0.58385				2
2026.03.25	01:10:41.299	0.58386	0.58388			6
2026.03.25	01:10:41.597	0.58387	0.58389			6
2026.03.25	01:10:42.803	0.58388				2
2026.03.25	01:10:43.408		0.58390			4
2026.03.25	01:10:43.707	0.58389				2
2026.03.25	01:10:44.005		0.58391			4
2026.03.25	01:10:46.413		0.58390			4
2026.03.25	01:10:55.123		0.58391			4
2026.03.25	01:10:57.823		0.58390			4
2026.03.25	01:11:00.230	0.58389				2
2026.03.25	01:11:00.527	0.58388	0.58389			6
2026.03.25	01:11:01.129		0.58390			4
2026.03.25	01:11:01.731		0.58389			4
2026.03.25	01:11:02.332		0.58390			4
2026.03.25	01:11:02.631	0.58384	0.58386			6
2026.03.25	01:11:02.931	0.58372	0.58374			6
2026.03.25	01:11:03.227	0.58373	0.58375			6
2026.03.25	01:11:03.535		0.58374			4
2026.03.25	01:11:04.134	0.58372				2
2026.03.25	01:11:05.033	0.58373	0.58375			6
2026.03.25	01:11:06.534		0.58374			4
2026.03.25	01:11:06.835	0.58372	0.58373			6
2026.03.25	01:11:08.038		0.58374			4
2026.03.25	01:11:13.146		0.58373			4
2026.03.25	01:11:31.179	0.58370	0.58371			6
2026.03.25	01:11:31.480		0.58372			4
2026.03.25	01:11:31.780	0.58369	0.58371			6
2026.03.25	01:11:50.411		0.58370			4
2026.03.25	01:11:52.815	0.58359	0.58361			6
2026.03.25	01:11:57.019	0.58360	0.58362			6
2026.03.25	01:11:57.325		0.58361			4
2026.03.25	01:11:58.222	0.58361	0.58362			6
2026.03.25	01:11:59.723		0.58363			4
2026.03.25	01:12:00.026	0.58361				2
2026.03.25	01:12:03.033	0.58363	0.58365			6
2026.03.25	01:12:04.232	0.58364	0.58366			6
2026.03.25	01:12:10.840	0.58365				2
2026.03.25	01:12:11.131	0.58368	0.58370			6
2026.03.25	01:12:11.432	0.58369				2
2026.03.25	01:12:11.733		0.58371			4
2026.03.25	01:12:12.033	0.58373	0.58375			6
2026.03.25	01:12:12.635	0.58375	0.58377			6
2026.03.25	01:12:13.235	0.58376	0.58378			6
2026.03.25	01:12:13.833	0.58373	0.58374			6
2026.03.25	01:12:21.359	0.58369	0.58371			6
2026.03.25	01:12:21.659	0.58368	0.58370			6
2026.03.25	01:12:24.664	0.58367	0.58368			6
2026.03.25	01:12:24.958	0.58364	0.58366			6
2026.03.25	01:12:25.561		0.58365			4
2026.03.25	01:12:26.163	0.58365	0.58367			6
2026.03.25	01:12:26.459	0.58364	0.58366			6
2026.03.25	01:12:27.364		0.58365			4
2026.03.25	01:12:27.962		0.58366			4
2026.03.25	01:12:29.163	0.58365	0.58367			6
2026.03.25	01:12:29.462		0.58366			4
2026.03.25	01:12:30.063		0.58367			4
2026.03.25	01:12:36.677		0.58366			4
2026.03.25	01:12:45.092		0.58367			4
2026.03.25	01:12:46.299		0.58366			4
2026.03.25	01:12:47.495		0.58367			4
2026.03.25	01:12:49.599		0.58366			4
2026.03.25	01:12:50.802	0.58364				2
2026.03.25	01:12:54.409		0.58365			4
2026.03.25	01:12:55.006		0.58366			4
2026.03.25	01:12:58.011	0.58366	0.58368			6
2026.03.25	01:12:58.307		0.58367			4
2026.03.25	01:12:58.911	0.58365				2
2026.03.25	01:12:59.812		0.58366			4
2026.03.25	01:13:00.109	0.58365				2
2026.03.25	01:13:00.415		0.58367			4
2026.03.25	01:13:05.828	0.58368	0.58371			6
2026.03.25	01:13:06.119	0.58369	0.58372			6
2026.03.25	01:13:06.431	0.58370				2
2026.03.25	01:13:06.721	0.58371				2
2026.03.25	01:13:07.024	0.58370				2
2026.03.25	01:13:07.923		0.58371			4
2026.03.25	01:13:09.126	0.58369				2
2026.03.25	01:13:16.345	0.58370				2
2026.03.25	01:13:19.956		0.58372			4
2026.03.25	01:13:37.091	0.58363	0.58364			6
2026.03.25	01:13:37.384	0.58364	0.58365			6
2026.03.25	01:13:38.289	0.58363	0.58364			6
2026.03.25	01:13:40.089	0.58362				2
2026.03.25	01:13:41.297	0.58363	0.58365			6
2026.03.25	01:13:41.596	0.58364	0.58366			6
2026.03.25	01:13:42.500	0.58365				2
2026.03.25	01:13:49.117	0.58364				2
2026.03.25	01:13:53.633	0.58365				2
2026.03.25	01:13:56.335	0.58364				2
2026.03.25	01:13:59.645	0.58365				2
2026.03.25	01:14:00.250	0.58365				2
2026.03.25	01:14:01.447	0.58364	0.58365			6
2026.03.25	01:14:06.865	0.58363				2
2026.03.25	01:14:13.784	0.58364				2
2026.03.25	01:14:14.685	0.58365	0.58366			6
2026.03.25	01:14:15.883	0.58364				2
2026.03.25	01:14:18.287	0.58365				2
2026.03.25	01:14:19.188	0.58361	0.58362			6
2026.03.25	01:14:19.491	0.58363	0.58364			6
2026.03.25	01:14:19.791	0.58362				2
2026.03.25	01:14:20.696	0.58363	0.58365			6
2026.03.25	01:14:23.712	0.58366	0.58368			6
2026.03.25	01:14:24.012	0.58369	0.58370			6
2026.03.25	01:14:25.203	0.58368				2
2026.03.25	01:14:27.313	0.58369	0.58371			6
2026.03.25	01:14:40.833	0.58370				2
2026.03.25	01:14:43.843	0.58369				2
2026.03.25	01:14:45.046	0.58370				2
2026.03.25	01:14:46.851	0.58369				2
2026.03.25	01:14:50.756	0.58364	0.58365			6
2026.03.25	01:14:51.059	0.58362	0.58364			6
2026.03.25	01:14:51.657	0.58361	0.58362			6
2026.03.25	01:14:51.954	0.58360				2
2026.03.25	01:14:52.256		0.58361			4
2026.03.25	01:14:53.458	0.58359				2
2026.03.25	01:14:56.164	0.58360				2
2026.03.25	01:14:57.361	0.58359				2
2026.03.25	01:14:58.262		0.58360			4
2026.03.25	01:14:58.866	0.58358	0.58359			6
2026.03.25	01:15:00.067	0.58358				2
2026.03.25	01:15:00.368	0.58357				2
2026.03.25	01:15:02.467		0.58358			4
2026.03.25	01:15:03.375	0.58354	0.58356			6
2026.03.25	01:15:03.668	0.58353	0.58355			6
2026.03.25	01:15:04.271	0.58359	0.58360			6
2026.03.25	01:15:04.568	0.58364	0.58366			6
2026.03.25	01:15:05.774		0.58365			4
2026.03.25	01:15:06.674	0.58363				2
2026.03.25	01:15:07.880	0.58364				2
2026.03.25	01:15:09.081	0.58363				2
2026.03.25	01:15:09.982	0.58364	0.58366			6
2026.03.25	01:15:10.282	0.58370	0.58372			6
2026.03.25	01:15:11.492	0.58371	0.58373			6
2026.03.25	01:15:11.797	0.58367	0.58368			6
2026.03.25	01:15:12.091	0.58364	0.58366			6
2026.03.25	01:15:13.294	0.58365				2
2026.03.25	01:15:15.093	0.58364				2
2026.03.25	01:15:18.098	0.58365				2
2026.03.25	01:15:18.395	0.58368	0.58369			6
2026.03.25	01:15:19.601	0.58365	0.58366			6
2026.03.25	01:15:19.901	0.58362	0.58363			6
2026.03.25	01:15:20.502		0.58364			4
2026.03.25	01:15:21.100		0.58363			4
2026.03.25	01:15:23.805	0.58367	0.58368			6
2026.03.25	01:15:24.705	0.58365	0.58366			6
2026.03.25	01:15:25.010	0.58364				2
2026.03.25	01:15:28.618	0.58369	0.58370			6
2026.03.25	01:15:28.914	0.58373	0.58374			6
2026.03.25	01:15:29.819	0.58370	0.58371			6
2026.03.25	01:15:31.021	0.58369				2
2026.03.25	01:15:31.324		0.58370			4
2026.03.25	01:15:31.623	0.58366	0.58367			6
2026.03.25	01:15:33.125		0.58368			4
2026.03.25	01:15:34.025	0.58367				2
2026.03.25	01:15:34.331	0.58371	0.58372			6
2026.03.25	01:15:34.625	0.58370	0.58371			6
2026.03.25	01:15:35.529	0.58369				2
2026.03.25	01:15:36.432		0.58370			4
2026.03.25	01:15:45.151	0.58371	0.58372			6
2026.03.25	01:15:45.449	0.58367	0.58368			6
2026.03.25	01:15:45.750		0.58369			4
2026.03.25	01:15:46.354	0.58366	0.58367			6
2026.03.25	01:15:46.650	0.58364	0.58366			6
2026.03.25	01:15:46.955	0.58365				2
2026.03.25	01:15:50.858	0.58362	0.58364			6
2026.03.25	01:15:51.762	0.58363				2
2026.03.25	01:15:52.361	0.58362				2
2026.03.25	01:15:54.158	0.58359	0.58360			6
2026.03.25	01:15:54.466	0.58357	0.58359			6
2026.03.25	01:15:55.060		0.58358			4
2026.03.25	01:15:55.358	0.58354	0.58355			6
2026.03.25	01:15:55.660	0.58352	0.58354			6
2026.03.25	01:15:56.263		0.58353			4
2026.03.25	01:15:58.670	0.58368	0.58370			6
2026.03.25	01:15:58.963	0.58371	0.58372			6
2026.03.25	01:15:59.261	0.58372	0.58373			6
2026.03.25	01:15:59.565	0.58371				2
2026.03.25	01:15:59.862	0.58370	0.58371			6
2026.03.25	01:16:00.167	0.58370	0.58372			6
2026.03.25	01:16:00.461		0.58371			4
2026.03.25	01:16:00.766	0.58369				2
2026.03.25	01:16:01.967	0.58370				2
2026.03.25	01:16:06.169	0.58369				2
2026.03.25	01:16:06.473	0.58370				2
2026.03.25	01:16:07.382	0.58374	0.58376			6
2026.03.25	01:16:07.981	0.58375	0.58377			6
2026.03.25	01:16:10.680	0.58376				2
2026.03.25	01:16:10.980		0.58378			4
2026.03.25	01:16:15.197	0.58377				2
2026.03.25	01:16:15.493	0.58376				2
2026.03.25	01:16:15.793	0.58383	0.58384			6
2026.03.25	01:16:16.692	0.58382				2
2026.03.25	01:16:18.800		0.58383			4
2026.03.25	01:16:20.005		0.58384			4
2026.03.25	01:16:26.007	0.58391	0.58393			6
2026.03.25	01:16:26.614	0.58389	0.58391			6
2026.03.25	01:16:27.209	0.58388	0.58390			6
2026.03.25	01:16:31.123	0.58397	0.58398			6
2026.03.25	01:16:31.420	0.58398	0.58400			6
2026.03.25	01:16:32.618	0.58394	0.58396			6
2026.03.25	01:16:33.825	0.58395				2
2026.03.25	01:16:34.724	0.58394				2
2026.03.25	01:16:36.234	0.58398	0.58399			6
2026.03.25	01:16:36.530	0.58399	0.58401			6
2026.03.25	01:16:36.825	0.58398	0.58400			6
2026.03.25	01:16:38.025		0.58399			4
2026.03.25	01:16:39.227		0.58400			4
2026.03.25	01:16:40.735	0.58396	0.58397			6
2026.03.25	01:16:41.633	0.58395				2
2026.03.25	01:16:45.850	0.58391	0.58393			6
2026.03.25	01:16:47.049	0.58390	0.58392			6
2026.03.25	01:16:48.554	0.58397	0.58398			6
2026.03.25	01:16:49.753	0.58396				2
2026.03.25	01:16:50.051	0.58394	0.58396			6
2026.03.25	01:16:55.464	0.58390	0.58392			6
2026.03.25	01:16:55.768		0.58391			4
2026.03.25	01:16:56.062	0.58394	0.58395			6
2026.03.25	01:16:56.364		0.58396			4
2026.03.25	01:16:59.062	0.58393	0.58395			6
2026.03.25	01:17:00.269	0.58393				2
2026.03.25	01:17:03.269	0.58392	0.58394			6
2026.03.25	01:17:03.570	0.58396	0.58397			6
2026.03.25	01:17:03.869	0.58395				2
2026.03.25	01:17:05.074	0.58394	0.58396			6
2026.03.25	01:17:05.375	0.58393	0.58395			6
2026.03.25	01:17:05.670	0.58394				2
2026.03.25	01:17:06.874	0.58391	0.58393			6
2026.03.25	01:17:07.472	0.58390	0.58392			6
2026.03.25	01:17:07.770	0.58391				2
2026.03.25	01:17:08.974	0.58390				2
2026.03.25	01:17:11.978	0.58391				2
2026.03.25	01:17:13.182		0.58393			4
2026.03.25	01:17:14.386	0.58390	0.58392			6
2026.03.25	01:17:14.982	0.58391	0.58393			6
2026.03.25	01:17:15.583	0.58392				2
2026.03.25	01:17:16.183	0.58391	0.58392			6
2026.03.25	01:17:16.786	0.58397	0.58398			6
2026.03.25	01:17:17.079	0.58396				2
2026.03.25	01:17:17.380	0.58395	0.58397			6
2026.03.25	01:17:17.681	0.58394	0.58396			6
2026.03.25	01:17:24.288	0.58391	0.58393			6
2026.03.25	01:17:25.192	0.58390	0.58392			6
2026.03.25	01:17:25.791	0.58389	0.58391			6
2026.03.25	01:17:26.994	0.58386	0.58388			6
2026.03.25	01:17:27.298	0.58382	0.58384			6
2026.03.25	01:17:27.596	0.58381	0.58383			6
2026.03.25	01:17:28.792	0.58380	0.58382			6
2026.03.25	01:17:29.996	0.58379	0.58381			6
2026.03.25	01:17:32.999	0.58375	0.58377			6
2026.03.25	01:17:33.301	0.58374	0.58376			6
2026.03.25	01:17:36.301	0.58370	0.58372			6
2026.03.25	01:17:36.606	0.58369	0.58371			6
2026.03.25	01:17:37.808	0.58370				2
2026.03.25	01:17:38.104		0.58372			4
2026.03.25	01:17:45.320	0.58369	0.58371			6
2026.03.25	01:17:45.620	0.58367	0.58369			6
2026.03.25	01:17:45.917	0.58364	0.58366			6
2026.03.25	01:17:46.822	0.58361	0.58363			6
2026.03.25	01:17:47.721	0.58362	0.58364			6
2026.03.25	01:17:50.121	0.58361	0.58362			6
2026.03.25	01:17:51.322		0.58363			4
2026.03.25	01:17:53.736	0.58362				2
2026.03.25	01:17:54.336	0.58366	0.58367			6
2026.03.25	01:17:55.231		0.58368			4
2026.03.25	01:17:55.841	0.58369	0.58370			6
2026.03.25	01:17:56.730		0.58371			4
2026.03.25	01:17:57.944	0.58374	0.58375			6
2026.03.25	01:17:58.835	0.58373				2
2026.03.25	01:17:59.135	0.58374				2
2026.03.25	01:17:59.741	0.58372	0.58374			6
2026.03.25	01:18:00.043	0.58372				2
2026.03.25	01:18:08.449	0.58374	0.58375			6
2026.03.25	01:18:11.152	0.58373				2
2026.03.25	01:18:12.355	0.58374				2
2026.03.25	01:18:14.451	0.58376	0.58377			6
2026.03.25	01:18:15.355		0.58378			4
2026.03.25	01:18:18.061	0.58375	0.58377			6
2026.03.25	01:18:19.866	0.58376				2
2026.03.25	01:18:24.980	0.58375				2
2026.03.25	01:18:28.287	0.58376				2
2026.03.25	01:18:29.785	0.58375				2
2026.03.25	01:18:30.085	0.58373	0.58375			6
2026.03.25	01:18:30.383	0.58374	0.58376			6
2026.03.25	01:18:30.688	0.58373	0.58375			6
2026.03.25	01:18:33.393	0.58375	0.58376			6
2026.03.25	01:18:33.688		0.58377			4
2026.03.25	01:18:36.399	0.58376				2
2026.03.25	01:18:39.707	0.58375				2
2026.03.25	01:18:40.008	0.58377	0.58378			6
2026.03.25	01:18:42.411	0.58376				2
2026.03.25	01:18:48.730	0.58377				2
2026.03.25	01:18:49.031	0.58378	0.58379			6
2026.03.25	01:18:50.229		0.58380			4
2026.03.25	01:18:55.637	0.58379				2
2026.03.25	01:18:58.048		0.58381			4
2026.03.25	01:18:58.355	0.58383	0.58384			6
2026.03.25	01:18:59.852	0.58384	0.58385			6
2026.03.25	01:19:00.166	0.58384				2
2026.03.25	01:19:02.559		0.58386			4
2026.03.25	01:19:03.467	0.58388	0.58389			6
2026.03.25	01:19:03.765	0.58389	0.58390			6
2026.03.25	01:19:04.067	0.58391	0.58393			6
2026.03.25	01:19:04.968	0.58392	0.58394			6
2026.03.25	01:19:06.475	0.58393				2
2026.03.25	01:19:06.777	0.58395	0.58396			6
2026.03.25	01:19:07.977		0.58397			4
2026.03.25	01:19:09.180	0.58396				2
2026.03.25	01:19:09.475		0.58398			4
2026.03.25	01:19:10.084	0.58398	0.58399			6
2026.03.25	01:19:11.581		0.58400			4
2026.03.25	01:19:11.882	0.58401	0.58402			6
2026.03.25	01:19:12.481		0.58403			4
2026.03.25	01:19:12.783	0.58402	0.58404			6
2026.03.25	01:19:15.791	0.58403				2
2026.03.25	01:19:20.291	0.58402	0.58403			6
2026.03.25	01:19:20.591	0.58400	0.58402			6
2026.03.25	01:19:24.198	0.58401				2
2026.03.25	01:19:26.603	0.58400				2
2026.03.25	01:19:30.213	0.58401				2
2026.03.25	01:19:38.029	0.58400				2
2026.03.25	01:19:42.837	0.58401				2
2026.03.25	01:19:51.252	0.58399	0.58401			6
2026.03.25	01:19:52.147		0.58400			4
2026.03.25	01:19:54.860	0.58398				2
2026.03.25	01:19:55.157	0.58399	0.58401			6
2026.03.25	01:19:57.560	0.58400				2
2026.03.25	01:19:57.864	0.58401	0.58402			6
2026.03.25	01:19:58.160	0.58400				2
2026.03.25	01:19:58.755		0.58401			4
2026.03.25	01:19:59.058		0.58402			4
2026.03.25	01:19:59.962	0.58401				2
2026.03.25	01:20:00.277	0.58401				2
2026.03.25	01:20:00.563	0.58396	0.58397			6
2026.03.25	01:20:01.462	0.58392	0.58394			6
2026.03.25	01:20:02.067		0.58393			4
2026.03.25	01:20:03.266		0.58394			4
2026.03.25	01:20:03.565		0.58393			4
2026.03.25	01:20:04.164	0.58391				2
2026.03.25	01:20:06.868	0.58393	0.58394			6
2026.03.25	01:20:07.170		0.58395			4
2026.03.25	01:20:08.072	0.58394	0.58396			6
2026.03.25	01:20:08.671		0.58395			4
2026.03.25	01:20:11.382		0.58396			4
2026.03.25	01:20:11.976		0.58395			4
2026.03.25	01:20:15.582	0.58392	0.58394			6
2026.03.25	01:20:15.888	0.58391	0.58392			6
2026.03.25	01:20:16.184		0.58393			4
2026.03.25	01:20:16.781	0.58392				2
2026.03.25	01:20:17.389		0.58394			4
2026.03.25	01:20:18.591	0.58393				2
2026.03.25	01:20:20.994	0.58391	0.58393			6
2026.03.25	01:20:23.098		0.58392			4
2026.03.25	01:20:23.699		0.58393			4
2026.03.25	01:20:26.409	0.58392				2
2026.03.25	01:20:26.707	0.58393	0.58395			6
2026.03.25	01:20:27.014	0.58394				2
2026.03.25	01:20:27.913	0.58393				2
2026.03.25	01:20:28.209		0.58394			4
2026.03.25	01:20:29.714		0.58395			4
2026.03.25	01:20:38.444		0.58394			4
2026.03.25	01:20:39.343		0.58395			4
2026.03.25	01:20:39.649	0.58394	0.58396			6
2026.03.25	01:20:52.563	0.58395				2
2026.03.25	01:20:52.864	0.58394				2
2026.03.25	01:20:53.468	0.58396	0.58398			6
2026.03.25	01:20:53.770		0.58397			4
2026.03.25	01:20:54.066	0.58395				2
2026.03.25	01:20:55.872	0.58397	0.58398			6
2026.03.25	01:20:56.767	0.58396				2
2026.03.25	01:20:58.571	0.58395	0.58396			6
2026.03.25	01:20:59.171	0.58394				2
2026.03.25	01:21:00.077	0.58394				2
2026.03.25	01:21:00.677	0.58393	0.58395			6
2026.03.25	01:21:00.976		0.58394			4
2026.03.25	01:21:03.678	0.58392				2
2026.03.25	01:21:05.182		0.58393			4
2026.03.25	01:21:05.482	0.58391				2
2026.03.25	01:21:05.781	0.58392				2
2026.03.25	01:21:08.485	0.58391				2
2026.03.25	01:21:14.801	0.58392				2
2026.03.25	01:21:22.626		0.58394			4
2026.03.25	01:21:26.534		0.58393			4
2026.03.25	01:21:28.035	0.58393	0.58394			6
2026.03.25	01:21:30.139	0.58392				2
2026.03.25	01:21:36.745	0.58393				2
2026.03.25	01:21:40.654	0.58392	0.58393			6
2026.03.25	01:21:45.761	0.58393	0.58394			6
2026.03.25	01:21:46.061	0.58392	0.58393			6
2026.03.25	01:21:46.968	0.58393	0.58394			6
2026.03.25	01:21:47.265	0.58392	0.58393			6
2026.03.25	01:21:48.464	0.58391	0.58392			6
2026.03.25	01:21:49.371	0.58390	0.58391			6
2026.03.25	01:21:49.665	0.58387	0.58389			6
2026.03.25	01:21:50.872	0.58386	0.58388			6
2026.03.25	01:21:55.673	0.58387				2
2026.03.25	01:21:56.571	0.58388	0.58390			6
2026.03.25	01:21:56.876	0.58387	0.58389			6
2026.03.25	01:21:57.470	0.58388				2
2026.03.25	01:22:00.177	0.58388				2
2026.03.25	01:22:00.781	0.58387				2
2026.03.25	01:22:07.693	0.58388				2
2026.03.25	01:22:07.991	0.58387				2
2026.03.25	01:22:11.000	0.58388				2
2026.03.25	01:22:11.297	0.58387				2
2026.03.25	01:22:11.595	0.58388				2
2026.03.25	01:22:16.107	0.58387				2
2026.03.25	01:22:17.308	0.58388				2
2026.03.25	01:22:17.607	0.58387	0.58388			6
2026.03.25	01:22:23.613	0.58386				2
2026.03.25	01:22:28.128	0.58385	0.58386			6
2026.03.25	01:22:28.422	0.58382	0.58384			6
2026.03.25	01:22:30.535	0.58384	0.58385			6
2026.03.25	01:22:30.834		0.58386			4
2026.03.25	01:22:35.334	0.58382	0.58384			6
2026.03.25	01:22:36.831	0.58384	0.58386			6
2026.03.25	01:22:38.636	0.58385	0.58387			6
2026.03.25	01:22:39.240	0.58386				2
2026.03.25	01:22:39.538	0.58385				2
2026.03.25	01:22:41.338	0.58386				2
2026.03.25	01:22:41.643	0.58385				2
2026.03.25	01:22:43.143	0.58386				2
2026.03.25	01:22:45.847	0.58384	0.58385			6
2026.03.25	01:22:53.359	0.58383				2
2026.03.25	01:22:53.657	0.58384				2
2026.03.25	01:22:53.956	0.58383				2
2026.03.25	01:22:54.259	0.58382	0.58384			6
2026.03.25	01:22:54.557	0.58381	0.58383			6
2026.03.25	01:22:56.060	0.58383	0.58384			6
2026.03.25	01:22:56.357	0.58382				2
2026.03.25	01:23:00.265	0.58382	0.58383			6
2026.03.25	01:23:00.864		0.58384			4
2026.03.25	01:23:02.365		0.58383			4
2026.03.25	01:23:02.671	0.58381				2
2026.03.25	01:23:05.673	0.58382				2
2026.03.25	01:23:06.572	0.58381				2
2026.03.25	01:23:11.082	0.58382				2
2026.03.25	01:23:11.385	0.58381				2
2026.03.25	01:23:12.584	0.58382				2
2026.03.25	01:23:16.495	0.58381				2
2026.03.25	01:23:18.299	0.58382	0.58384			6
2026.03.25	01:23:24.908		0.58383			4
2026.03.25	01:23:25.803	0.58379	0.58381			6
2026.03.25	01:23:26.104	0.58380				2
2026.03.25	01:23:27.014	0.58381	0.58383			6
2026.03.25	01:23:27.309	0.58382	0.58384			6
2026.03.25	01:23:30.318	0.58383				2
2026.03.25	01:23:32.722	0.58382				2
2026.03.25	01:23:38.433	0.58385	0.58387			6
2026.03.25	01:23:41.139	0.58386				2
2026.03.25	01:23:41.439	0.58385				2
2026.03.25	01:23:42.342		0.58386			4
2026.03.25	01:23:46.251	0.58384				2
2026.03.25	01:23:47.453	0.58383	0.58385			6
2026.03.25	01:23:47.752	0.58382	0.58384			6
2026.03.25	01:23:57.370	0.58383				2
2026.03.25	01:24:00.084	0.58383				2
2026.03.25	01:24:00.383	0.58377	0.58379			6
2026.03.25	01:24:00.981		0.58378			4
2026.03.25	01:24:01.584	0.58381	0.58383			6
2026.03.25	01:24:02.488	0.58382				2
2026.03.25	01:24:02.787	0.58381				2
2026.03.25	01:24:03.686		0.58382			4
2026.03.25	01:24:03.989	0.58380				2
2026.03.25	01:24:05.488	0.58381				2
2026.03.25	01:24:08.806	0.58380				2
2026.03.25	01:24:09.401		0.58381			4
2026.03.25	01:24:12.116	0.58378	0.58380			6
2026.03.25	01:24:13.924	0.58379				2
2026.03.25	01:24:14.827	0.58378				2
2026.03.25	01:24:16.332	0.58379				2
2026.03.25	01:24:17.231	0.58378				2
2026.03.25	01:24:18.135	0.58379				2
2026.03.25	01:24:19.943	0.58378				2
2026.03.25	01:24:23.549	0.58379				2
2026.03.25	01:24:23.847		0.58381			4
2026.03.25	01:24:24.446	0.58380				2
2026.03.25	01:24:26.550	0.58379	0.58380			6
2026.03.25	01:24:27.750	0.58378				2
2026.03.25	01:24:30.758	0.58379				2
2026.03.25	01:24:31.952	0.58378				2
2026.03.25	01:24:33.456	0.58379				2
2026.03.25	01:24:36.458	0.58378				2
2026.03.25	01:24:51.789	0.58379				2
2026.03.25	01:24:52.387	0.58378				2
2026.03.25	01:25:00.203	0.58378				2
2026.03.25	01:25:01.398	0.58379				2
2026.03.25	01:25:04.703	0.58378				2
2026.03.25	01:25:08.613		0.58379			4
2026.03.25	01:25:08.907	0.58376	0.58378			6
2026.03.25	01:25:09.211	0.58377				2
2026.03.25	01:25:09.510	0.58376				2
2026.03.25	01:25:12.815		0.58377			4
2026.03.25	01:25:15.820	0.58375				2
2026.03.25	01:25:17.924	0.58373	0.58375			6
2026.03.25	01:25:18.232	0.58367	0.58368			6
2026.03.25	01:25:18.527	0.58366				2
2026.03.25	01:25:18.829	0.58367				2
2026.03.25	01:25:19.129	0.58366				2
2026.03.25	01:25:19.428	0.58365	0.58367			6
2026.03.25	01:25:19.733	0.58361	0.58363			6
2026.03.25	01:25:20.039	0.58355	0.58356			6
2026.03.25	01:25:20.331		0.58357			4
2026.03.25	01:25:20.637	0.58356				2
2026.03.25	01:25:20.935	0.58355				2
2026.03.25	01:25:21.230	0.58356	0.58358			6
2026.03.25	01:25:22.130		0.58357			4
2026.03.25	01:25:24.237	0.58357	0.58358			6
2026.03.25	01:25:25.141	0.58358	0.58360			6
2026.03.25	01:25:25.437	0.58359	0.58361			6
2026.03.25	01:25:27.852	0.58353	0.58354			6
2026.03.25	01:25:28.144	0.58352	0.58353			6
2026.03.25	01:25:28.448	0.58351				2
2026.03.25	01:25:29.058	0.58354	0.58356			6
2026.03.25	01:25:29.351	0.58355	0.58357			6
2026.03.25	01:25:30.250	0.58356				2
2026.03.25	01:25:30.861		0.58358			4
2026.03.25	01:25:31.156	0.58353	0.58354			6
2026.03.25	01:25:31.453	0.58352	0.58353			6
2026.03.25	01:25:31.756	0.58351				2
2026.03.25	01:25:32.053	0.58352				2
2026.03.25	01:25:33.859		0.58354			4
2026.03.25	01:25:34.160	0.58353	0.58355			6
2026.03.25	01:25:35.959	0.58354	0.58356			6
2026.03.25	01:25:36.558	0.58357	0.58359			6
2026.03.25	01:25:37.464	0.58359	0.58360			6
2026.03.25	01:25:38.357	0.58356	0.58357			6
2026.03.25	01:25:38.663	0.58354	0.58356			6
2026.03.25	01:25:41.664	0.58355	0.58357			6
2026.03.25	01:25:45.567	0.58356				2
2026.03.25	01:25:46.467	0.58355				2
2026.03.25	01:25:52.183	0.58352	0.58354			6
2026.03.25	01:25:54.578	0.58355	0.58357			6
2026.03.25	01:25:57.878	0.58356				2
2026.03.25	01:25:59.987	0.58355				2
2026.03.25	01:26:00.284	0.58356				2
2026.03.25	01:26:00.883	0.58355	0.58356			6
2026.03.25	01:26:01.180	0.58353	0.58355			6
2026.03.25	01:26:02.086		0.58354			4
2026.03.25	01:26:02.686	0.58355	0.58356			6
2026.03.25	01:26:02.994	0.58353	0.58355			6
2026.03.25	01:26:03.289	0.58352	0.58354			6
2026.03.25	01:26:03.590		0.58353			4
2026.03.25	01:26:04.486		0.58354			4
2026.03.25	01:26:08.100	0.58353	0.58355			6
2026.03.25	01:26:09.002	0.58354				2
2026.03.25	01:26:09.299	0.58353				2
2026.03.25	01:26:09.898		0.58354			4
2026.03.25	01:26:10.502	0.58352				2
2026.03.25	01:26:14.110	0.58353	0.58355			6
2026.03.25	01:26:14.409	0.58354				2
2026.03.25	01:26:15.013		0.58356			4
2026.03.25	01:26:18.311		0.58355			4
2026.03.25	01:26:18.613	0.58353	0.58354			6
2026.03.25	01:26:19.517	0.58350	0.58352			6
2026.03.25	01:26:20.115	0.58351				2
2026.03.25	01:26:21.319		0.58353			4
2026.03.25	01:26:23.733	0.58352				2
2026.03.25	01:26:24.030	0.58353	0.58354			6
2026.03.25	01:26:24.635	0.58354	0.58356			6
2026.03.25	01:26:24.934	0.58355				2
2026.03.25	01:26:25.834		0.58357			4
2026.03.25	01:26:31.846	0.58353	0.58355			6
2026.03.25	01:26:32.444	0.58354				2
2026.03.25	01:26:33.646	0.58352	0.58353			6
2026.03.25	01:26:34.543		0.58354			4
2026.03.25	01:26:36.352		0.58353			4
2026.03.25	01:26:36.950		0.58354			4
2026.03.25	01:26:37.557	0.58351	0.58352			6
2026.03.25	01:26:38.756		0.58353			4
2026.03.25	01:26:41.170	0.58357	0.58358			6
2026.03.25	01:26:41.465		0.58359			4
2026.03.25	01:26:42.664	0.58358	0.58360			6
2026.03.25	01:26:49.574	0.58359	0.58361			6
2026.03.25	01:26:50.179	0.58360	0.58362			6
2026.03.25	01:26:51.986		0.58361			4
2026.03.25	01:26:52.283	0.58361	0.58362			6
2026.03.25	01:26:52.583	0.58360				2
2026.03.25	01:26:52.881		0.58361			4
2026.03.25	01:26:54.083		0.58362			4
2026.03.25	01:26:54.684	0.58361	0.58363			6
2026.03.25	01:26:56.191	0.58362	0.58364			6
2026.03.25	01:26:56.483	0.58363				2
2026.03.25	01:27:00.096	0.58363				2
2026.03.25	01:27:01.299	0.58361	0.58363			6
2026.03.25	01:27:02.494		0.58362			4
2026.03.25	01:27:03.396		0.58363			4
2026.03.25	01:27:05.200		0.58362			4
2026.03.25	01:27:06.998		0.58363			4
2026.03.25	01:27:07.302	0.58362				2
2026.03.25	01:27:08.802		0.58364			4
2026.03.25	01:27:09.406		0.58363			4
2026.03.25	01:27:10.304	0.58361	0.58362			6
2026.03.25	01:27:10.608		0.58363			4
2026.03.25	01:27:15.418		0.58362			4
2026.03.25	01:27:16.915		0.58363			4
2026.03.25	01:27:19.922	0.58362				2
2026.03.25	01:27:21.122		0.58364			4
2026.03.25	01:27:24.431	0.58360	0.58361			6
2026.03.25	01:27:24.727	0.58358	0.58359			6
2026.03.25	01:27:25.328		0.58360			4
2026.03.25	01:27:27.140	0.58362	0.58364			6
2026.03.25	01:27:29.540		0.58363			4
2026.03.25	01:27:30.136		0.58364			4
2026.03.25	01:27:31.946	0.58363				2
2026.03.25	01:27:32.238	0.58364	0.58365			6
2026.03.25	01:27:34.343		0.58366			4
2026.03.25	01:27:35.546	0.58363	0.58364			6
2026.03.25	01:27:35.846	0.58362				2
2026.03.25	01:27:37.048		0.58363			4
2026.03.25	01:27:37.348	0.58363	0.58365			6
2026.03.25	01:27:37.947	0.58361	0.58363			6
2026.03.25	01:27:43.055	0.58362				2
2026.03.25	01:27:43.957	0.58361				2
2026.03.25	01:27:45.457		0.58362			4
2026.03.25	01:27:46.658		0.58363			4
2026.03.25	01:27:57.467	0.58362				2
2026.03.25	01:27:58.671	0.58361				2
2026.03.25	01:28:00.173	0.58362				2
2026.03.25	01:28:11.591	0.58361				2
2026.03.25	01:28:21.209	0.58362				2
2026.03.25	01:28:21.810	0.58361				2
2026.03.25	01:28:23.909		0.58362			4
2026.03.25	01:28:25.409		0.58363			4
2026.03.25	01:28:25.711		0.58362			4
2026.03.25	01:28:27.514		0.58363			4
2026.03.25	01:28:30.521		0.58362			4
2026.03.25	01:28:36.226		0.58363			4
2026.03.25	01:28:39.531		0.58362			4
2026.03.25	01:28:43.736	0.58360				2
2026.03.25	01:28:44.036	0.58359	0.58361			6
2026.03.25	01:28:44.334	0.58360				2
2026.03.25	01:28:45.235	0.58355	0.58357			6
2026.03.25	01:28:47.343	0.58356				2
2026.03.25	01:28:48.243	0.58349	0.58351			6
2026.03.25	01:28:53.046	0.58351	0.58352			6
2026.03.25	01:28:56.353	0.58350				2
2026.03.25	01:28:56.951	0.58351				2
2026.03.25	01:28:57.253	0.58350				2
2026.03.25	01:28:58.159	0.58349	0.58351			6
2026.03.25	01:28:59.359	0.58350				2
2026.03.25	01:29:00.264	0.58350				2
2026.03.25	01:29:00.558		0.58352			4
2026.03.25	01:29:02.963		0.58351			4
2026.03.25	01:29:03.265		0.58352			4
2026.03.25	01:29:03.566		0.58351			4
2026.03.25	01:29:05.068		0.58352			4
2026.03.25	01:29:08.367	0.58353	0.58354			6
2026.03.25	01:29:26.703		0.58355			4
2026.03.25	01:29:27.602		0.58354			4
2026.03.25	01:29:30.904		0.58355			4
2026.03.25	01:29:31.204		0.58354			4
2026.03.25	01:29:33.307		0.58355			4
2026.03.25	01:29:34.816	0.58358	0.58359			6
2026.03.25	01:29:36.015	0.58359	0.58361			6
2026.03.25	01:29:36.312	0.58360				2
2026.03.25	01:29:40.224		0.58362			4
2026.03.25	01:29:41.724		0.58361			4
2026.03.25	01:29:42.624		0.58362			4
2026.03.25	01:29:43.527	0.58362	0.58364			6
2026.03.25	01:29:43.829		0.58363			4
2026.03.25	01:29:45.032		0.58364			4
2026.03.25	01:29:45.327		0.58363			4
2026.03.25	01:29:50.734		0.58364			4
2026.03.25	01:29:52.240		0.58363			4
2026.03.25	01:29:53.750	0.58363	0.58364			6
2026.03.25	01:29:54.042	0.58366	0.58367			6
2026.03.25	01:29:54.945		0.58368			4
2026.03.25	01:29:56.449	0.58365	0.58366			6
2026.03.25	01:29:56.744	0.58363	0.58365			6
2026.03.25	01:29:57.948		0.58364			4
2026.03.25	01:29:59.155	0.58364	0.58365			6
2026.03.25	01:30:00.060	0.58364				2
2026.03.25	01:30:00.359	0.58363				2
2026.03.25	01:30:00.956	0.58364				2
2026.03.25	01:30:03.360		0.58366			4
2026.03.25	01:30:03.661	0.58365	0.58367			6
2026.03.25	01:30:05.161		0.58366			4
2026.03.25	01:30:05.762		0.58367			4
2026.03.25	01:30:06.366		0.58366			4
2026.03.25	01:30:06.665	0.58364	0.58365			6
2026.03.25	01:30:07.269	0.58366	0.58367			6
2026.03.25	01:30:08.164	0.58365				2
2026.03.25	01:30:11.767	0.58366				2
2026.03.25	01:30:12.369	0.58365	0.58366			6
2026.03.25	01:30:12.972	0.58363	0.58365			6
2026.03.25	01:30:13.271		0.58364			4
2026.03.25	01:30:14.171		0.58365			4
2026.03.25	01:30:15.375		0.58364			4
2026.03.25	01:30:15.672	0.58364	0.58366			6
2026.03.25	01:30:15.970	0.58363	0.58364			6
2026.03.25	01:30:16.576		0.58365			4
2026.03.25	01:30:18.085	0.58365	0.58366			6
2026.03.25	01:30:19.282		0.58367			4
2026.03.25	01:30:19.589	0.58368	0.58369			6
2026.03.25	01:30:19.882		0.58370			4
2026.03.25	01:30:20.488	0.58369				2
2026.03.25	01:30:22.585	0.58368				2
2026.03.25	01:30:24.093	0.58370	0.58372			6
2026.03.25	01:30:24.691		0.58371			4
2026.03.25	01:30:24.990	0.58372	0.58373			6
2026.03.25	01:30:25.291		0.58374			4
2026.03.25	01:30:30.399	0.58373				2
2026.03.25	01:30:30.701	0.58375	0.58376			6
2026.03.25	01:30:31.297		0.58377			4
2026.03.25	01:30:34.606		0.58376			4
2026.03.25	01:30:35.508	0.58374	0.58375			6
2026.03.25	01:30:36.108	0.58371	0.58372			6
2026.03.25	01:30:36.406	0.58372	0.58373			6
2026.03.25	01:30:36.708		0.58374			4
2026.03.25	01:30:37.006	0.58373				2
2026.03.25	01:30:37.311	0.58372				2
2026.03.25	01:30:37.607	0.58373				2
2026.03.25	01:30:37.913	0.58372				2
2026.03.25	01:30:38.210	0.58373				2
2026.03.25	01:30:38.512	0.58372				2
2026.03.25	01:30:38.811	0.58373				2
2026.03.25	01:30:39.117	0.58374	0.58375			6
2026.03.25	01:30:39.411	0.58373	0.58374			6
2026.03.25	01:30:39.707		0.58375			4
2026.03.25	01:30:40.008		0.58374			4
2026.03.25	01:30:40.308		0.58375			4
2026.03.25	01:30:40.610	0.58372	0.58374			6
2026.03.25	01:30:41.508		0.58373			4
2026.03.25	01:30:41.806		0.58374			4
2026.03.25	01:30:46.313		0.58373			4
2026.03.25	01:30:47.214		0.58374			4
2026.03.25	01:30:47.517		0.58373			4
2026.03.25	01:30:47.815		0.58374			4
2026.03.25	01:30:48.116		0.58373			4
2026.03.25	01:30:49.015		0.58374			4
2026.03.25	01:30:51.120		0.58373			4
2026.03.25	01:30:52.621		0.58374			4
2026.03.25	01:30:52.918		0.58373			4
2026.03.25	01:30:53.220		0.58374			4
2026.03.25	01:30:53.524		0.58373			4
2026.03.25	01:30:53.823		0.58374			4
2026.03.25	01:30:55.925		0.58373			4
2026.03.25	01:30:56.824		0.58374			4
2026.03.25	01:31:00.131	0.58372				2
2026.03.25	01:31:01.328		0.58373			4
2026.03.25	01:31:01.631	0.58371				2
2026.03.25	01:31:03.435	0.58368	0.58370			6
2026.03.25	01:31:03.730	0.58369	0.58371			6
2026.03.25	01:31:05.531	0.58370				2
2026.03.25	01:31:05.836	0.58369				2
2026.03.25	01:31:06.134	0.58370				2
2026.03.25	01:31:06.435	0.58369				2
2026.03.25	01:31:06.735	0.58370				2
2026.03.25	01:31:07.040	0.58369				2
2026.03.25	01:31:07.637	0.58371	0.58372			6
2026.03.25	01:31:07.936	0.58369	0.58371			6
2026.03.25	01:31:08.239	0.58370				2
2026.03.25	01:31:08.540	0.58369				2
2026.03.25	01:31:08.839	0.58371	0.58372			6
2026.03.25	01:31:09.142	0.58369	0.58371			6
2026.03.25	01:31:12.748		0.58370			4
2026.03.25	01:31:13.348	0.58368				2
2026.03.25	01:31:14.252	0.58369	0.58371			6
2026.03.25	01:31:16.653	0.58371	0.58372			6
2026.03.25	01:31:18.156	0.58370	0.58371			6
2026.03.25	01:31:18.457		0.58372			4
2026.03.25	01:31:21.462		0.58371			4
2026.03.25	01:31:21.761		0.58372			4
2026.03.25	01:31:23.561		0.58371			4
2026.03.25	01:31:24.160		0.58372			4
2026.03.25	01:31:26.565	0.58371				2
2026.03.25	01:31:27.764	0.58370	0.58371			6
2026.03.25	01:31:28.061	0.58369				2
2026.03.25	01:31:28.362	0.58370	0.58372			6
2026.03.25	01:31:29.267		0.58371			4
2026.03.25	01:31:29.865	0.58369				2
2026.03.25	01:31:33.164	0.58368	0.58370			6
2026.03.25	01:31:33.463	0.58369	0.58371			6
2026.03.25	01:31:34.965	0.58370	0.58372			6
2026.03.25	01:31:35.270	0.58371	0.58373			6
2026.03.25	01:31:36.770	0.58372				2
2026.03.25	01:31:39.175		0.58374			4
2026.03.25	01:31:39.479	0.58373				2
2026.03.25	01:31:39.780	0.58372				2
2026.03.25	01:31:42.185	0.58375	0.58376			6
2026.03.25	01:31:42.781		0.58377			4
2026.03.25	01:31:43.379		0.58376			4
2026.03.25	01:31:43.683	0.58376	0.58377			6
2026.03.25	01:31:46.684	0.58375				2
2026.03.25	01:31:47.286		0.58376			4
2026.03.25	01:31:48.190	0.58374	0.58375			6
2026.03.25	01:31:48.790		0.58376			4
2026.03.25	01:31:55.410	0.58371	0.58373			6
2026.03.25	01:31:56.006	0.58369	0.58370			6
2026.03.25	01:31:56.306	0.58370	0.58371			6
2026.03.25	01:31:58.711	0.58368	0.58370			6
2026.03.25	01:32:00.222	0.58367	0.58369			6
2026.03.25	01:32:00.517	0.58368	0.58370			6
2026.03.25	01:32:01.116	0.58367	0.58369			6
2026.03.25	01:32:01.416	0.58368				2
2026.03.25	01:32:01.716	0.58367				2
2026.03.25	01:32:02.622	0.58364	0.58366			6
2026.03.25	01:32:02.914	0.58365				2
2026.03.25	01:32:03.218	0.58364				2
2026.03.25	01:32:07.722	0.58365	0.58367			6
2026.03.25	01:32:09.526	0.58368	0.58369			6
2026.03.25	01:32:09.824	0.58366	0.58368			6
2026.03.25	01:32:11.926	0.58367				2
2026.03.25	01:32:15.237	0.58366				2
2026.03.25	01:32:17.034	0.58367				2
2026.03.25	01:32:17.634		0.58369			4
2026.03.25	01:32:20.643		0.58368			4
2026.03.25	01:32:20.936	0.58366				2
2026.03.25	01:32:21.539	0.58365	0.58367			6
2026.03.25	01:32:22.738		0.58366			4
2026.03.25	01:32:23.043	0.58364				2
2026.03.25	01:32:23.643	0.58365	0.58367			6
2026.03.25	01:32:24.542	0.58366				2
2026.03.25	01:32:24.842		0.58368			4
2026.03.25	01:32:25.146		0.58367			4
2026.03.25	01:32:26.641		0.58368			4
2026.03.25	01:32:36.853	0.58365	0.58366			6
2026.03.25	01:32:38.352		0.58367			4
2026.03.25	01:32:38.657		0.58366			4
2026.03.25	01:32:39.254		0.58367			4
2026.03.25	01:32:39.554	0.58366				2
2026.03.25	01:32:40.457		0.58368			4
2026.03.25	01:32:41.359		0.58367			4
2026.03.25	01:32:43.460		0.58368			4
2026.03.25	01:32:58.782	0.58364	0.58366			6
2026.03.25	01:33:00.285	0.58365				2
2026.03.25	01:33:00.580		0.58367			4
2026.03.25	01:33:01.185	0.58366				2
2026.03.25	01:33:01.485		0.58368			4
2026.03.25	01:33:02.982	0.58365	0.58367			6
2026.03.25	01:33:05.087	0.58366				2
2026.03.25	01:33:05.384		0.58368			4
2026.03.25	01:33:09.894	0.58365	0.58366			6
2026.03.25	01:33:10.795		0.58367			4
2026.03.25	01:33:11.692	0.58364	0.58366			6
2026.03.25	01:33:11.992		0.58365			4
2026.03.25	01:33:12.896		0.58366			4
2026.03.25	01:33:13.495	0.58365				2
2026.03.25	01:33:14.099	0.58364				2
2026.03.25	01:33:15.000		0.58365			4
2026.03.25	01:33:15.302	0.58366	0.58368			6
2026.03.25	01:33:20.109	0.58367				2
2026.03.25	01:33:24.016	0.58368	0.58370			6
2026.03.25	01:33:24.312	0.58369				2
2026.03.25	01:33:26.121	0.58371	0.58372			6
2026.03.25	01:33:26.419	0.58370				2
2026.03.25	01:33:27.621	0.58371				2
2026.03.25	01:33:29.125	0.58370				2
2026.03.25	01:33:32.125	0.58371				2
2026.03.25	01:33:32.727	0.58370				2
2026.03.25	01:33:39.635	0.58371				2
2026.03.25	01:33:39.931	0.58370				2
2026.03.25	01:33:40.835	0.58371				2
2026.03.25	01:33:41.135	0.58370				2
2026.03.25	01:33:44.441	0.58368	0.58370			6
2026.03.25	01:33:45.043	0.58369	0.58371			6
2026.03.25	01:33:45.339	0.58370				2
2026.03.25	01:33:45.937	0.58369				2
2026.03.25	01:33:46.241	0.58370	0.58372			6
2026.03.25	01:33:50.452	0.58369	0.58371			6
2026.03.25	01:33:51.954	0.58370				2
2026.03.25	01:33:52.852	0.58369				2
2026.03.25	01:33:53.152	0.58370				2
2026.03.25	01:33:54.053	0.58369				2
2026.03.25	01:33:54.359	0.58370				2
2026.03.25	01:33:54.952	0.58368	0.58370			6
2026.03.25	01:33:55.855	0.58369	0.58371			6
2026.03.25	01:33:57.055	0.58370				2
2026.03.25	01:34:00.056	0.58370				2
2026.03.25	01:34:00.963	0.58369				2
2026.03.25	01:34:02.460	0.58370				2
2026.03.25	01:34:03.361	0.58369				2
2026.03.25	01:34:04.569	0.58368	0.58370			6
2026.03.25	01:34:04.867	0.58369				2
2026.03.25	01:34:09.669	0.58368				2
2026.03.25	01:34:11.181	0.58367	0.58369			6
2026.03.25	01:34:12.673		0.58368			4
2026.03.25	01:34:12.977		0.58369			4
2026.03.25	01:34:13.573	0.58368	0.58370			6
2026.03.25	01:34:14.774	0.58369	0.58371			6
2026.03.25	01:34:15.078	0.58370				2
2026.03.25	01:34:15.378		0.58372			4
2026.03.25	01:34:15.674	0.58369	0.58371			6
2026.03.25	01:34:17.179	0.58370				2
2026.03.25	01:34:19.879	0.58369	0.58370			6
2026.03.25	01:34:20.183		0.58371			4
2026.03.25	01:34:20.484		0.58370			4
2026.03.25	01:34:22.284		0.58371			4
2026.03.25	01:34:22.580	0.58370				2
2026.03.25	01:34:22.885		0.58372			4
2026.03.25	01:34:25.584	0.58371				2
2026.03.25	01:34:25.881	0.58370				2
2026.03.25	01:34:28.590	0.58369	0.58370			6
2026.03.25	01:34:28.892	0.58366	0.58367			6
2026.03.25	01:34:29.493	0.58365				2
2026.03.25	01:34:30.088	0.58364	0.58366			6
2026.03.25	01:34:30.390	0.58365	0.58367			6
2026.03.25	01:34:31.597		0.58366			4
2026.03.25	01:34:31.893	0.58364				2
2026.03.25	01:34:36.705	0.58366	0.58367			6
2026.03.25	01:34:37.903	0.58365				2
2026.03.25	01:34:38.206	0.58367	0.58368			6
2026.03.25	01:34:38.501	0.58366				2
2026.03.25	01:34:39.405		0.58367			4
2026.03.25	01:34:42.712	0.58367	0.58368			6
2026.03.25	01:34:43.010		0.58369			4
2026.03.25	01:34:44.513	0.58368	0.58370			6
2026.03.25	01:34:45.419	0.58370	0.58371			6
2026.03.25	01:34:46.017	0.58369				2
2026.03.25	01:34:46.322	0.58368	0.58369			6
2026.03.25	01:34:46.614	0.58367				2
2026.03.25	01:34:46.916	0.58368				2
