<DATE>	<TIME>	<BID>	<ASK>	<LAST>	<VOLUME>	<FLAGS>
2026.04.13	00:03:30.755	0.57898	0.58050			6
2026.04.13	00:04:01.420	0.57898				2
2026.04.13	00:04:04.638		0.58061			4
2026.04.13	00:04:06.968		0.58054			4
2026.04.13	00:04:08.146		0.58057			4
2026.04.13	00:04:11.417	0.57903				2
2026.04.13	00:04:11.717		0.58066			4
2026.04.13	00:04:19.593	0.57900				2
2026.04.13	00:04:20.866	0.57907				2
2026.04.13	00:04:37.386	0.57914				2
2026.04.13	00:04:48.691	0.57910				2
2026.04.13	00:05:01.967	0.57910				2
2026.04.13	00:05:02.266	0.57898				2
2026.04.13	00:05:02.572	0.57904				2
2026.04.13	00:05:04.998	0.57918	0.58053			6
2026.04.13	00:05:10.119	0.57954	0.58040			6
2026.04.13	00:05:10.420	0.57960				2
2026.04.13	00:06:10.091	0.57960				2
2026.04.13	00:06:11.419		0.58040			4
2026.04.13	00:07:01.279	0.57960				2
2026.04.13	00:07:15.171	0.57971	0.58040			6
2026.04.13	00:07:16.999	0.57968				2
2026.04.13	00:07:25.701	0.57977				2
2026.04.13	00:07:26.006	0.57978				2
2026.04.13	00:07:46.616	0.57988				2
2026.04.13	00:07:46.917	0.57985				2
2026.04.13	00:08:00.622	0.57985				2
2026.04.13	00:08:02.311	0.57993				2
2026.04.13	00:08:02.612	0.57994	0.58045			6
2026.04.13	00:08:09.474	0.57993				2
2026.04.13	00:08:30.432	0.57995	0.58060			6
2026.04.13	00:09:01.420	0.57995				2
2026.04.13	00:09:30.685	0.57998	0.58060			6
2026.04.13	00:09:52.986	0.57992				2
2026.04.13	00:09:53.876	0.57980				2
2026.04.13	00:09:55.287	0.57972				2
2026.04.13	00:09:56.880	0.57962	0.58057			6
2026.04.13	00:09:58.397		0.58058			4
2026.04.13	00:09:59.305		0.58059			4
2026.04.13	00:10:00.210	0.57962	0.58056			6
2026.04.13	00:10:00.511		0.58045			4
2026.04.13	00:10:01.113		0.58046			4
2026.04.13	00:10:01.414		0.58047			4
2026.04.13	00:10:04.472		0.58046			4
2026.04.13	00:10:11.990		0.58047			4
2026.04.13	00:10:18.417		0.58065			4
2026.04.13	00:10:38.361		0.58047			4
2026.04.13	00:10:47.690		0.58048			4
2026.04.13	00:11:01.188	0.57962				2
2026.04.13	00:11:05.958	0.57960				2
2026.04.13	00:11:06.587		0.58049			4
2026.04.13	00:11:07.539		0.58048			4
2026.04.13	00:11:11.088		0.58049			4
2026.04.13	00:11:14.392		0.58050			4
2026.04.13	00:11:20.388		0.58049			4
2026.04.13	00:11:32.688	0.57963	0.58060			6
2026.04.13	00:11:32.989		0.58049			4
2026.04.13	00:11:34.189		0.58050			4
2026.04.13	00:11:38.391		0.58047			4
2026.04.13	00:11:51.958		0.58052			4
2026.04.13	00:11:54.315	0.57964				2
2026.04.13	00:11:54.617	0.57967	0.58084			6
2026.04.13	00:11:54.917		0.58085			4
2026.04.13	00:12:00.288	0.57967				2
2026.04.13	00:12:10.494	0.57963				2
2026.04.13	00:12:46.188	0.57967				2
2026.04.13	00:12:47.274		0.58072			4
2026.04.13	00:12:49.377		0.58081			4
2026.04.13	00:13:00.212	0.57967				2
2026.04.13	00:13:04.420	0.58023	0.58080			6
2026.04.13	00:13:04.720	0.58026				2
2026.04.13	00:13:14.964		0.58077			4
2026.04.13	00:13:20.388		0.58080			4
2026.04.13	00:13:21.292		0.58076			4
2026.04.13	00:13:27.012	0.58023	0.58080			6
2026.04.13	00:13:38.687		0.58075			4
2026.04.13	00:13:42.001		0.58080			4
2026.04.13	00:13:49.790		0.58077			4
2026.04.13	00:13:54.012		0.58080			4
2026.04.13	00:14:01.488	0.58023				2
2026.04.13	00:14:24.983	0.58027	0.58100			6
2026.04.13	00:14:27.173	0.58026				2
2026.04.13	00:14:29.786	0.58032				2
2026.04.13	00:14:37.135		0.58089			4
2026.04.13	00:14:41.648		0.58090			4
2026.04.13	00:14:42.248		0.58091			4
2026.04.13	00:14:45.560		0.58094			4
2026.04.13	00:14:45.860		0.58100			4
2026.04.13	00:14:56.089		0.58094			4
2026.04.13	00:15:00.004	0.58032				2
2026.04.13	00:15:00.303	0.58040				2
2026.04.13	00:15:02.110	0.58042				2
2026.04.13	00:15:24.972	0.58038	0.58100			6
2026.04.13	00:15:26.724	0.58040				2
2026.04.13	00:15:29.712		0.58101			4
2026.04.13	00:15:35.953		0.58094			4
2026.04.13	00:15:37.756	0.58037	0.58101			6
2026.04.13	00:15:40.688	0.58032				2
2026.04.13	00:15:43.187	0.58033	0.58116			6
2026.04.13	00:15:47.035	0.58032	0.58112			6
2026.04.13	00:15:50.988		0.58114			4
2026.04.13	00:15:56.989	0.58043	0.58119			6
2026.04.13	00:15:57.290		0.58120			4
2026.04.13	00:15:58.788		0.58117			4
2026.04.13	00:16:00.294	0.58043				2
2026.04.13	00:16:06.307	0.58034				2
2026.04.13	00:16:09.018	0.58046	0.58119			6
2026.04.13	00:16:10.981		0.58120			4
2026.04.13	00:16:11.281	0.58045				2
2026.04.13	00:16:18.466	0.58039				2
2026.04.13	00:16:22.102		0.58116			4
2026.04.13	00:16:24.891		0.58115			4
2026.04.13	00:16:26.389		0.58113			4
2026.04.13	00:16:36.321	0.58042				2
2026.04.13	00:16:39.329		0.58117			4
2026.04.13	00:16:41.989		0.58116			4
2026.04.13	00:16:43.188		0.58117			4
2026.04.13	00:16:43.858	0.58039	0.58118			6
2026.04.13	00:16:48.593		0.58112			4
2026.04.13	00:16:49.795	0.58040	0.58118			6
2026.04.13	00:16:50.095	0.58042				2
2026.04.13	00:17:00.291	0.58042				2
2026.04.13	00:17:01.489		0.58117			4
2026.04.13	00:17:05.690		0.58118			4
2026.04.13	00:17:06.625	0.58039				2
2026.04.13	00:17:08.389		0.58117			4
2026.04.13	00:17:09.011	0.58034	0.58116			6
2026.04.13	00:17:14.092		0.58115			4
2026.04.13	00:17:18.339		0.58117			4
2026.04.13	00:17:20.089		0.58118			4
2026.04.13	00:17:31.491		0.58117			4
2026.04.13	00:17:34.247		0.58115			4
2026.04.13	00:17:34.549		0.58117			4
2026.04.13	00:17:38.087		0.58116			4
2026.04.13	00:17:47.964		0.58115			4
2026.04.13	00:17:52.041		0.58113			4
2026.04.13	00:17:55.567		0.58110			4
2026.04.13	00:18:00.888	0.58034				2
2026.04.13	00:18:08.088		0.58107			4
2026.04.13	00:18:22.168		0.58104			4
2026.04.13	00:18:41.022		0.58107			4
2026.04.13	00:18:41.689		0.58113			4
2026.04.13	00:18:46.119		0.58116			4
2026.04.13	00:18:51.530		0.58113			4
2026.04.13	00:18:53.925	0.58027	0.58074			6
2026.04.13	00:19:00.113	0.58027				2
2026.04.13	00:19:28.487	0.58022	0.58072			6
2026.04.13	00:19:30.368		0.58065			4
2026.04.13	00:19:47.688		0.58067			4
2026.04.13	00:19:53.983		0.58066			4
2026.04.13	00:20:00.294	0.58022	0.58073			6
2026.04.13	00:20:31.581	0.58035	0.58078			6
2026.04.13	00:21:00.102	0.58035				2
2026.04.13	00:21:31.189		0.58072			4
2026.04.13	00:21:31.489	0.58023				2
2026.04.13	00:22:00.889	0.58023				2
2026.04.13	00:22:32.388		0.58072			4
2026.04.13	00:23:00.887	0.58023				2
2026.04.13	00:23:33.588		0.58072			4
2026.04.13	00:24:00.288	0.58023				2
2026.04.13	00:24:34.366		0.58072			4
2026.04.13	00:24:36.372	0.57978	0.58068			6
2026.04.13	00:24:37.991	0.57976				2
2026.04.13	00:24:38.291	0.57977				2
2026.04.13	00:24:38.593	0.57975				2
2026.04.13	00:24:42.289	0.57968				2
2026.04.13	00:25:00.058	0.57968				2
2026.04.13	00:25:31.673	0.57974	0.58050			6
2026.04.13	00:25:55.191		0.58040			4
2026.04.13	00:26:01.189	0.57974				2
2026.04.13	00:26:12.958		0.58048			4
2026.04.13	00:26:16.188		0.58053			4
2026.04.13	00:26:31.792		0.58055			4
2026.04.13	00:26:48.386		0.58050			4
2026.04.13	00:26:48.686	0.57999	0.58051			6
2026.04.13	00:27:00.874	0.57999				2
2026.04.13	00:27:16.337		0.58052			4
2026.04.13	00:27:35.958		0.58053			4
2026.04.13	00:28:00.981	0.57999				2
2026.04.13	00:28:36.889		0.58053			4
2026.04.13	00:29:01.280	0.57999				2
2026.04.13	00:29:02.252		0.58056			4
2026.04.13	00:30:01.788	0.57999				2
2026.04.13	00:30:03.587		0.58056			4
2026.04.13	00:30:08.924	0.57995	0.58045			6
2026.04.13	00:30:09.226		0.58044			4
2026.04.13	00:30:13.891		0.58040			4
2026.04.13	00:30:17.149		0.58046			4
2026.04.13	00:30:39.573		0.58048			4
2026.04.13	00:30:39.874		0.58049			4
2026.04.13	00:30:41.583		0.58047			4
2026.04.13	00:31:00.290	0.57995				2
2026.04.13	00:31:08.693	0.57993				2
2026.04.13	00:31:13.489		0.58049			4
2026.04.13	00:31:19.870		0.58048			4
2026.04.13	00:31:21.074	0.57995	0.58047			6
2026.04.13	00:31:21.375	0.57996				2
2026.04.13	00:31:26.090	0.57997	0.58045			6
2026.04.13	00:31:53.693	0.57996	0.58046			6
2026.04.13	00:32:00.888	0.57996				2
2026.04.13	00:32:06.907		0.58042			4
2026.04.13	00:32:18.945	0.57998	0.58045			6
2026.04.13	00:32:20.149	0.57999	0.58059			6
2026.04.13	00:33:00.200	0.57999				2
2026.04.13	00:33:05.017		0.58060			4
2026.04.13	00:33:07.775	0.57989	0.58079			6
2026.04.13	00:33:08.080	0.58013	0.58082			6
2026.04.13	00:33:09.893	0.58007	0.58075			6
2026.04.13	00:33:10.195	0.57990	0.58072			6
2026.04.13	00:33:11.389	0.58019	0.58082			6
2026.04.13	00:33:11.690	0.58006				2
2026.04.13	00:33:11.991	0.57989	0.58081			6
2026.04.13	00:33:13.187		0.58080			4
2026.04.13	00:33:14.581	0.58019	0.58087			6
2026.04.13	00:33:14.882		0.58091			4
2026.04.13	00:33:25.640		0.58092			4
2026.04.13	00:33:27.745		0.58093			4
2026.04.13	00:33:31.958		0.58094			4
2026.04.13	00:33:36.786		0.58095			4
2026.04.13	00:33:44.019		0.58096			4
2026.04.13	00:33:53.939		0.58097			4
2026.04.13	00:34:00.267	0.58019				2
2026.04.13	00:34:02.076		0.58098			4
2026.04.13	00:34:11.111		0.58100			4
2026.04.13	00:34:15.756		0.58099			4
2026.04.13	00:34:20.094		0.58097			4
2026.04.13	00:34:22.141		0.58099			4
2026.04.13	00:34:26.140		0.58097			4
2026.04.13	00:34:26.873	0.58022				2
2026.04.13	00:34:28.723		0.58098			4
2026.04.13	00:34:29.024		0.58099			4
2026.04.13	00:34:29.324		0.58100			4
2026.04.13	00:34:29.625	0.58019	0.58098			6
2026.04.13	00:34:30.289		0.58100			4
2026.04.13	00:34:31.741		0.58101			4
2026.04.13	00:34:33.990		0.58097			4
2026.04.13	00:34:35.192		0.58094			4
2026.04.13	00:34:36.993		0.58098			4
2026.04.13	00:34:37.294		0.58099			4
2026.04.13	00:34:37.594		0.58098			4
2026.04.13	00:34:37.895		0.58097			4
2026.04.13	00:34:38.194		0.58098			4
2026.04.13	00:34:39.541		0.58099			4
2026.04.13	00:34:44.993		0.58095			4
2026.04.13	00:34:45.672	0.58026	0.58103			6
2026.04.13	00:34:59.520		0.58104			4
2026.04.13	00:35:00.123	0.58026				2
2026.04.13	00:35:01.626	0.58027				2
2026.04.13	00:35:01.986	0.58026				2
2026.04.13	00:35:06.567	0.58027				2
2026.04.13	00:35:08.771	0.58022				2
2026.04.13	00:35:09.072		0.58099			4
2026.04.13	00:35:09.372	0.58025				2
2026.04.13	00:35:21.797		0.58095			4
2026.04.13	00:35:24.415		0.58096			4
2026.04.13	00:35:25.827		0.58095			4
2026.04.13	00:35:31.057		0.58093			4
2026.04.13	00:35:40.790		0.58092			4
2026.04.13	00:35:44.997		0.58094			4
2026.04.13	00:35:46.188		0.58093			4
2026.04.13	00:35:50.508		0.58096			4
2026.04.13	00:35:52.127		0.58094			4
2026.04.13	00:35:58.489		0.58095			4
2026.04.13	00:36:01.280	0.58025				2
2026.04.13	00:36:01.581		0.58094			4
2026.04.13	00:36:07.842		0.58093			4
2026.04.13	00:36:09.587		0.58094			4
2026.04.13	00:36:48.262		0.58095			4
2026.04.13	00:36:50.415		0.58093			4
2026.04.13	00:36:53.042		0.58095			4
2026.04.13	00:36:58.389		0.58091			4
2026.04.13	00:37:00.118	0.58025				2
2026.04.13	00:37:02.988		0.58092			4
2026.04.13	00:37:06.660		0.58093			4
2026.04.13	00:37:06.962		0.58094			4
2026.04.13	00:37:08.139		0.58099			4
2026.04.13	00:37:09.161		0.58094			4
2026.04.13	00:37:22.702		0.58092			4
2026.04.13	00:37:24.256		0.58091			4
2026.04.13	00:37:25.180		0.58093			4
2026.04.13	00:37:25.480	0.58026	0.58109			6
2026.04.13	00:37:25.781	0.58027				2
2026.04.13	00:37:26.081	0.58026				2
2026.04.13	00:37:27.288		0.58108			4
2026.04.13	00:37:33.596		0.58109			4
2026.04.13	00:37:34.473	0.58027				2
2026.04.13	00:37:37.480		0.58101			4
2026.04.13	00:37:56.442		0.58100			4
2026.04.13	00:37:59.149	0.58028	0.58092			6
2026.04.13	00:38:00.290	0.58028				2
2026.04.13	00:38:01.642		0.58091			4
2026.04.13	00:38:04.530	0.58010	0.58084			6
2026.04.13	00:38:11.826	0.58011				2
2026.04.13	00:38:13.244	0.58014	0.58094			6
2026.04.13	00:38:15.468		0.58092			4
2026.04.13	00:38:15.770		0.58093			4
2026.04.13	00:38:19.483		0.58091			4
2026.04.13	00:38:26.256		0.58094			4
2026.04.13	00:38:27.345		0.58093			4
2026.04.13	00:38:27.645		0.58094			4
2026.04.13	00:38:29.719		0.58095			4
2026.04.13	00:38:30.691		0.58093			4
2026.04.13	00:38:30.991		0.58095			4
2026.04.13	00:38:35.090		0.58094			4
2026.04.13	00:38:38.466		0.58091			4
2026.04.13	00:38:38.768		0.58093			4
2026.04.13	00:38:39.991		0.58095			4
2026.04.13	00:38:46.788		0.58094			4
2026.04.13	00:38:51.583		0.58056			4
2026.04.13	00:38:51.883	0.58004				2
2026.04.13	00:38:53.892	0.58007				2
2026.04.13	00:39:01.187	0.58007				2
2026.04.13	00:39:02.151		0.58060			4
2026.04.13	00:39:05.970		0.58059			4
2026.04.13	00:39:09.725		0.58070			4
2026.04.13	00:39:10.026		0.58062			4
2026.04.13	00:39:10.952		0.58060			4
2026.04.13	00:39:13.501		0.58059			4
2026.04.13	00:39:18.288		0.58058			4
2026.04.13	00:39:27.426	0.58008				2
2026.04.13	00:39:28.487		0.58057			4
2026.04.13	00:39:33.511		0.58058			4
2026.04.13	00:39:35.388		0.58057			4
2026.04.13	00:39:36.175		0.58058			4
2026.04.13	00:39:36.779		0.58057			4
2026.04.13	00:39:38.389		0.58056			4
2026.04.13	00:39:40.335		0.58060			4
2026.04.13	00:39:46.387		0.58057			4
2026.04.13	00:39:48.189		0.58056			4
2026.04.13	00:40:00.102	0.58008				2
2026.04.13	00:40:09.941		0.58057			4
2026.04.13	00:40:11.388		0.58056			4
2026.04.13	00:40:14.988		0.58055			4
2026.04.13	00:40:19.488		0.58056			4
2026.04.13	00:40:40.284		0.58057			4
2026.04.13	00:40:41.291		0.58055			4
2026.04.13	00:40:43.188		0.58058			4
2026.04.13	00:40:43.488		0.58057			4
2026.04.13	00:40:43.795		0.58056			4
2026.04.13	00:40:46.686		0.58055			4
2026.04.13	00:40:51.587		0.58054			4
2026.04.13	00:40:54.288		0.58055			4
2026.04.13	00:40:56.088		0.58054			4
2026.04.13	00:40:59.623		0.58055			4
2026.04.13	00:41:00.224	0.58019	0.58070			6
2026.04.13	00:41:04.439	0.58022				2
2026.04.13	00:41:10.241		0.58068			4
2026.04.13	00:41:25.490		0.58069			4
2026.04.13	00:41:25.793		0.58070			4
2026.04.13	00:41:36.027	0.58020	0.58071			6
2026.04.13	00:41:58.620	0.58023				2
2026.04.13	00:41:58.920	0.58026				2
2026.04.13	00:42:00.188	0.58026	0.58072			6
2026.04.13	00:42:01.089		0.58071			4
2026.04.13	00:42:05.002		0.58070			4
2026.04.13	00:42:05.688		0.58071			4
2026.04.13	00:42:05.988		0.58070			4
2026.04.13	00:42:06.288		0.58071			4
2026.04.13	00:42:33.189		0.58073			4
2026.04.13	00:42:36.211	0.58025				2
2026.04.13	00:42:45.021	0.58023				2
2026.04.13	00:43:00.289	0.58023				2
2026.04.13	00:43:01.569		0.58072			4
2026.04.13	00:43:09.945	0.58027	0.58073			6
2026.04.13	00:43:12.288		0.58072			4
2026.04.13	00:43:30.658	0.58026				2
2026.04.13	00:43:33.920	0.58025	0.58089			6
2026.04.13	00:43:34.220	0.58026				2
2026.04.13	00:43:37.828	0.58028				2
2026.04.13	00:43:45.043		0.58095			4
2026.04.13	00:43:57.759		0.58094			4
2026.04.13	00:44:00.113	0.58028	0.58095			6
2026.04.13	00:44:23.956	0.58030	0.58090			6
2026.04.13	00:44:33.895	0.58032	0.58086			6
2026.04.13	00:44:34.195		0.58082			4
2026.04.13	00:44:34.495		0.58083			4
2026.04.13	00:44:37.188		0.58082			4
2026.04.13	00:44:47.689		0.58081			4
2026.04.13	00:44:48.462		0.58082			4
2026.04.13	00:44:50.690		0.58081			4
2026.04.13	00:44:52.490		0.58082			4
2026.04.13	00:44:54.288		0.58081			4
2026.04.13	00:45:00.589	0.58032				2
2026.04.13	00:45:00.889		0.58082			4
2026.04.13	00:45:01.190		0.58081			4
2026.04.13	00:45:02.170	0.58012	0.58090			6
2026.04.13	00:45:04.874	0.58032				2
2026.04.13	00:45:21.730		0.58095			4
2026.04.13	00:45:41.200	0.58045				2
2026.04.13	00:45:41.500	0.58043				2
2026.04.13	00:45:44.910	0.58052	0.58098			6
2026.04.13	00:45:45.211	0.58053				2
2026.04.13	00:45:48.553	0.58054	0.58117			6
2026.04.13	00:45:50.957	0.58055	0.58110			6
2026.04.13	00:46:00.288	0.58055				2
2026.04.13	00:46:08.287	0.58060				2
2026.04.13	00:46:11.280	0.58059				2
2026.04.13	00:46:52.188		0.58110			4
2026.04.13	00:47:00.289	0.58059				2
2026.04.13	00:47:02.161	0.58041	0.58117			6
2026.04.13	00:47:04.873	0.58059	0.58110			6
2026.04.13	00:47:11.687	0.58060				2
2026.04.13	00:47:51.579		0.58117			4
2026.04.13	00:48:00.020	0.58060				2
2026.04.13	00:48:51.782		0.58117			4
2026.04.13	00:49:00.219	0.58060				2
2026.04.13	00:49:00.520	0.58058				2
2026.04.13	00:49:00.820	0.58060				2
2026.04.13	00:49:17.088		0.58110			4
2026.04.13	00:49:17.395		0.58111			4
2026.04.13	00:49:17.698		0.58110			4
2026.04.13	00:49:18.298		0.58111			4
2026.04.13	00:49:18.600	0.58059				2
2026.04.13	00:49:20.001	0.58060	0.58110			6
2026.04.13	00:49:20.708		0.58109			4
2026.04.13	00:49:22.488		0.58110			4
2026.04.13	00:49:28.555		0.58109			4
2026.04.13	00:49:32.141	0.58061	0.58116			6
2026.04.13	00:49:49.312		0.58100			4
2026.04.13	00:50:01.189	0.58061	0.58099			6
2026.04.13	00:50:03.914	0.58059	0.58102			6
2026.04.13	00:50:14.312	0.58060				2
2026.04.13	00:50:21.816	0.58067	0.58213			6
2026.04.13	00:50:23.319	0.58068	0.58226			6
2026.04.13	00:50:23.619		0.58181			4
2026.04.13	00:50:24.520		0.58169			4
2026.04.13	00:50:24.821	0.58072				2
2026.04.13	00:50:26.627		0.58160			4
2026.04.13	00:50:27.229		0.58164			4
2026.04.13	00:50:28.429	0.58079				2
2026.04.13	00:50:28.730	0.58088				2
2026.04.13	00:50:29.932	0.58078	0.58159			6
2026.04.13	00:50:32.939	0.58079				2
2026.04.13	00:50:35.642	0.58109	0.58182			6
2026.04.13	00:50:35.942	0.58107	0.58219			6
2026.04.13	00:50:36.242	0.58109	0.58221			6
2026.04.13	00:50:37.720	0.58112	0.58217			6
2026.04.13	00:50:38.020		0.58218			4
2026.04.13	00:50:38.321		0.58211			4
2026.04.13	00:50:40.729		0.58212			4
2026.04.13	00:50:41.930	0.58113				2
2026.04.13	00:50:44.342	0.58114	0.58211			6
2026.04.13	00:50:45.292	0.58116				2
2026.04.13	00:50:46.751		0.58210			4
2026.04.13	00:50:50.091		0.58211			4
2026.04.13	00:50:51.415	0.58113	0.58196			6
2026.04.13	00:50:52.317	0.58116	0.58194			6
2026.04.13	00:50:54.690		0.58193			4
2026.04.13	00:51:04.131	0.58116				2
2026.04.13	00:51:04.430	0.58111	0.58180			6
2026.04.13	00:51:04.734		0.58172			4
2026.04.13	00:51:15.266		0.58171			4
2026.04.13	00:51:16.472	0.58103	0.58174			6
2026.04.13	00:51:16.773		0.58173			4
2026.04.13	00:51:26.397	0.58106				2
2026.04.13	00:51:30.288		0.58172			4
2026.04.13	00:51:31.825		0.58173			4
2026.04.13	00:51:32.484	0.58103				2
2026.04.13	00:51:35.088		0.58171			4
2026.04.13	00:51:44.113	0.58106				2
2026.04.13	00:51:48.953		0.58168			4
2026.04.13	00:51:52.265		0.58174			4
2026.04.13	00:51:54.670	0.58103	0.58170			6
2026.04.13	00:51:54.971		0.58169			4
2026.04.13	00:51:58.625		0.58168			4
2026.04.13	00:52:00.888	0.58103				2
2026.04.13	00:52:16.488		0.58167			4
2026.04.13	00:52:22.182	0.58105				2
2026.04.13	00:52:23.414	0.58103				2
2026.04.13	00:52:31.203	0.58105				2
2026.04.13	00:52:32.504	0.58103				2
2026.04.13	00:52:33.203	0.58105				2
2026.04.13	00:52:33.821		0.58166			4
2026.04.13	00:52:35.325	0.58103				2
2026.04.13	00:52:36.226	0.58105				2
2026.04.13	00:52:36.526		0.58167			4
2026.04.13	00:52:37.483	0.58102	0.58160			6
2026.04.13	00:52:44.990		0.58159			4
2026.04.13	00:52:46.123		0.58160			4
2026.04.13	00:53:02.087	0.58102				2
2026.04.13	00:53:04.466	0.58101				2
2026.04.13	00:53:07.789		0.58159			4
2026.04.13	00:53:08.091		0.58160			4
2026.04.13	00:53:10.498	0.58089				2
2026.04.13	00:53:18.026	0.58090				2
2026.04.13	00:53:40.898		0.58142			4
2026.04.13	00:53:41.200	0.58060	0.58134			6
2026.04.13	00:53:41.501	0.58059	0.58135			6
2026.04.13	00:53:42.245	0.58057				2
2026.04.13	00:53:42.546	0.58058	0.58136			6
2026.04.13	00:53:43.717	0.58052	0.58142			6
2026.04.13	00:53:44.988	0.58053				2
2026.04.13	00:53:45.289		0.58141			4
2026.04.13	00:53:46.461	0.58054	0.58140			6
2026.04.13	00:53:46.762	0.58053	0.58141			6
2026.04.13	00:53:47.063	0.58052	0.58142			6
2026.04.13	00:53:47.363		0.58144			4
2026.04.13	00:53:47.664		0.58146			4
2026.04.13	00:53:48.756		0.58145			4
2026.04.13	00:53:49.542		0.58143			4
2026.04.13	00:53:50.143	0.58053	0.58141			6
2026.04.13	00:53:50.692	0.58052	0.58142			6
2026.04.13	00:53:50.992	0.58061	0.58133			6
2026.04.13	00:53:55.462	0.58060	0.58134			6
2026.04.13	00:53:56.689	0.58061	0.58133			6
2026.04.13	00:53:57.888	0.58062	0.58132			6
2026.04.13	00:53:59.388	0.58061				2
2026.04.13	00:53:59.687		0.58133			4
2026.04.13	00:54:00.859	0.58062	0.58132			6
2026.04.13	00:54:01.159	0.58061	0.58133			6
2026.04.13	00:54:01.850	0.58060				2
2026.04.13	00:54:02.149	0.58061				2
2026.04.13	00:54:03.289	0.58060				2
2026.04.13	00:54:03.590		0.58134			4
2026.04.13	00:54:05.345	0.58058				2
2026.04.13	00:54:05.646		0.58136			4
2026.04.13	00:54:06.350	0.58077	0.58150			6
2026.04.13	00:54:23.814		0.58151			4
2026.04.13	00:54:28.327	0.58070	0.58118			6
2026.04.13	00:54:28.627	0.58054	0.58144			6
2026.04.13	00:54:29.814		0.58143			4
2026.04.13	00:54:34.452	0.58055				2
2026.04.13	00:54:36.288	0.58054				2
2026.04.13	00:54:36.594	0.58055	0.58142			6
2026.04.13	00:54:36.897		0.58143			4
2026.04.13	00:54:37.432	0.58056	0.58141			6
2026.04.13	00:54:40.170		0.58142			4
2026.04.13	00:54:42.289		0.58141			4
2026.04.13	00:54:47.798	0.58057				2
2026.04.13	00:54:48.968	0.58056				2
2026.04.13	00:54:49.420	0.58055	0.58143			6
2026.04.13	00:54:49.719	0.58056	0.58142			6
2026.04.13	00:54:51.100	0.58055				2
2026.04.13	00:54:51.401	0.58057	0.58140			6
2026.04.13	00:54:52.306		0.58147			4
2026.04.13	00:54:52.608	0.58054	0.58143			6
2026.04.13	00:55:00.194	0.58055				2
2026.04.13	00:55:00.494	0.58056	0.58148			6
2026.04.13	00:55:02.301		0.58141			4
2026.04.13	00:55:03.289	0.58055	0.58142			6
2026.04.13	00:55:03.637	0.58056	0.58141			6
2026.04.13	00:55:04.638	0.58055	0.58142			6
2026.04.13	00:55:05.239	0.58056				2
2026.04.13	00:55:09.252	0.58053	0.58154			6
2026.04.13	00:55:09.548	0.58056	0.58142			6
2026.04.13	00:55:09.849	0.58055				2
2026.04.13	00:55:13.248	0.58079				2
2026.04.13	00:55:14.764		0.58143			4
2026.04.13	00:55:20.469		0.58141			4
2026.04.13	00:55:20.769		0.58139			4
2026.04.13	00:55:22.273		0.58140			4
2026.04.13	00:55:28.389	0.58080	0.58148			6
2026.04.13	00:55:31.703	0.58081				2
2026.04.13	00:55:43.130	0.58080				2
2026.04.13	00:56:00.292	0.58080				2
2026.04.13	00:56:05.107	0.58081				2
2026.04.13	00:56:06.010	0.58080				2
2026.04.13	00:56:23.760	0.58081				2
2026.04.13	00:56:28.576	0.58078	0.58144			6
2026.04.13	00:56:28.876	0.58077	0.58145			6
2026.04.13	00:56:29.183		0.58143			4
2026.04.13	00:56:30.087	0.58075	0.58142			6
2026.04.13	00:56:30.992		0.58143			4
2026.04.13	00:56:33.405		0.58142			4
2026.04.13	00:56:34.308	0.58077				2
2026.04.13	00:56:35.509	0.58075				2
2026.04.13	00:56:36.715	0.58077	0.58145			6
2026.04.13	00:56:37.016	0.58073				2
2026.04.13	00:56:37.618	0.58076	0.58143			6
2026.04.13	00:56:38.821	0.58075				2
2026.04.13	00:56:39.122	0.58074				2
2026.04.13	00:56:40.925		0.58148			4
2026.04.13	00:56:41.222	0.58077				2
2026.04.13	00:56:43.331	0.58078				2
2026.04.13	00:56:44.235	0.58077				2
2026.04.13	00:56:46.035	0.58076				2
2026.04.13	00:56:46.335	0.58077				2
2026.04.13	00:56:56.274	0.58078				2
2026.04.13	00:56:56.574	0.58076				2
2026.04.13	00:57:00.186	0.58076				2
2026.04.13	00:57:02.295	0.58077				2
2026.04.13	00:57:02.900	0.58076				2
2026.04.13	00:57:14.033		0.58146			4
2026.04.13	00:57:14.334	0.58077				2
2026.04.13	00:57:16.138		0.58148			4
2026.04.13	00:57:23.954		0.58147			4
2026.04.13	00:57:25.456		0.58148			4
2026.04.13	00:57:28.167		0.58147			4
2026.04.13	00:57:29.976		0.58148			4
2026.04.13	00:57:30.277		0.58147			4
2026.04.13	00:57:35.098		0.58148			4
2026.04.13	00:57:42.020		0.58147			4
2026.04.13	00:57:46.223		0.58148			4
2026.04.13	00:57:57.956		0.58146			4
2026.04.13	00:57:59.462		0.58148			4
2026.04.13	00:58:00.064	0.58077				2
2026.04.13	00:58:29.246	0.58074				2
2026.04.13	00:58:34.363	0.58077				2
2026.04.13	00:58:38.574	0.58081				2
2026.04.13	00:58:59.651		0.58148			4
2026.04.13	00:59:00.255	0.58081				2
2026.04.13	00:59:06.867	0.58082				2
2026.04.13	00:59:12.895	0.58080				2
2026.04.13	00:59:13.194	0.58086				2
2026.04.13	00:59:39.677	0.58083				2
2026.04.13	00:59:40.280	0.58082				2
2026.04.13	00:59:42.388	0.58086				2
2026.04.13	00:59:50.515		0.58150			4
2026.04.13	00:59:50.813	0.58084				2
2026.04.13	01:00:00.150	0.58082				2
2026.04.13	01:00:00.446	0.58085	0.58157			6
2026.04.13	01:00:00.748		0.58156			4
2026.04.13	01:00:01.044	0.58082	0.58157			6
2026.04.13	01:00:01.652		0.58162			4
2026.04.13	01:00:01.946	0.58090	0.58156			6
2026.04.13	01:00:02.245	0.58082	0.58113			6
2026.04.13	01:00:03.151		0.58112			4
2026.04.13	01:00:03.450		0.58113			4
2026.04.13	01:00:03.753	0.58072	0.58109			6
2026.04.13	01:00:04.048	0.58071				2
2026.04.13	01:00:04.347	0.58082	0.58108			6
2026.04.13	01:00:04.648	0.58075				2
2026.04.13	01:00:05.251		0.58140			4
2026.04.13	01:00:05.555		0.58119			4
2026.04.13	01:00:05.851	0.58079	0.58137			6
2026.04.13	01:00:06.151	0.58074	0.58107			6
2026.04.13	01:00:06.449		0.58108			4
2026.04.13	01:00:06.757		0.58117			4
2026.04.13	01:00:07.050	0.58075	0.58113			6
2026.04.13	01:00:07.655	0.58074	0.58147			6
2026.04.13	01:00:08.253		0.58132			4
2026.04.13	01:00:08.555	0.58075				2
2026.04.13	01:00:08.853	0.58074	0.58134			6
2026.04.13	01:00:09.152		0.58132			4
2026.04.13	01:00:09.454	0.58075	0.58123			6
2026.04.13	01:00:09.751	0.58076	0.58126			6
2026.04.13	01:00:10.051		0.58148			4
2026.04.13	01:00:10.355		0.58121			4
2026.04.13	01:00:10.653		0.58122			4
2026.04.13	01:00:11.254	0.58079				2
2026.04.13	01:00:11.855		0.58120			4
2026.04.13	01:00:12.455		0.58146			4
2026.04.13	01:00:15.462		0.58147			4
2026.04.13	01:00:15.761		0.58112			4
2026.04.13	01:00:16.060		0.58136			4
2026.04.13	01:00:16.363		0.58117			4
2026.04.13	01:00:17.265	0.58081	0.58135			6
2026.04.13	01:00:17.565	0.58082	0.58136			6
2026.04.13	01:00:18.164	0.58083	0.58134			6
2026.04.13	01:00:19.066		0.58136			4
2026.04.13	01:00:26.573	0.58081	0.58123			6
2026.04.13	01:00:26.876	0.58079				2
2026.04.13	01:00:27.775		0.58120			4
2026.04.13	01:00:29.878	0.58081				2
2026.04.13	01:00:30.477	0.58080				2
2026.04.13	01:00:32.578		0.58116			4
2026.04.13	01:00:32.878	0.58079				2
2026.04.13	01:00:33.479		0.58115			4
2026.04.13	01:00:35.581	0.58073	0.58117			6
2026.04.13	01:00:37.383	0.58074				2
2026.04.13	01:00:38.285	0.58073				2
2026.04.13	01:00:38.585		0.58127			4
2026.04.13	01:00:38.884		0.58121			4
2026.04.13	01:00:39.183	0.58077	0.58126			6
2026.04.13	01:00:40.385		0.58124			4
2026.04.13	01:00:40.685		0.58121			4
2026.04.13	01:00:40.986	0.58071	0.58108			6
2026.04.13	01:00:43.086		0.58109			4
2026.04.13	01:00:43.384	0.58073	0.58107			6
2026.04.13	01:00:43.984	0.58071				2
2026.04.13	01:00:44.287		0.58108			4
2026.04.13	01:00:44.587	0.58069				2
2026.04.13	01:00:45.188	0.58074	0.58107			6
2026.04.13	01:00:45.787	0.58075				2
2026.04.13	01:00:46.692	0.58076				2
2026.04.13	01:00:46.991	0.58068	0.58109			6
2026.04.13	01:00:47.290	0.58072				2
2026.04.13	01:00:47.588	0.58080	0.58120			6
2026.04.13	01:00:47.891	0.58071	0.58119			6
2026.04.13	01:00:48.188	0.58072	0.58116			6
2026.04.13	01:00:49.091	0.58069	0.58114			6
2026.04.13	01:00:49.391		0.58111			4
2026.04.13	01:00:49.692	0.58068	0.58112			6
2026.04.13	01:00:49.992	0.58069	0.58103			6
2026.04.13	01:00:50.293	0.58067				2
2026.04.13	01:00:51.195	0.58066				2
2026.04.13	01:00:51.793		0.58105			4
2026.04.13	01:00:52.094	0.58068	0.58104			6
2026.04.13	01:00:52.394	0.58064	0.58114			6
2026.04.13	01:00:52.695	0.58065	0.58108			6
2026.04.13	01:00:52.992		0.58114			4
2026.04.13	01:00:53.294		0.58107			4
2026.04.13	01:00:53.594		0.58103			4
2026.04.13	01:00:53.896		0.58098			4
2026.04.13	01:00:54.193		0.58103			4
2026.04.13	01:00:54.495		0.58101			4
2026.04.13	01:00:54.796		0.58100			4
2026.04.13	01:00:55.695		0.58102			4
2026.04.13	01:00:56.295		0.58103			4
2026.04.13	01:00:56.596		0.58102			4
2026.04.13	01:00:56.892		0.58100			4
2026.04.13	01:00:57.195	0.58064				2
2026.04.13	01:00:58.098		0.58102			4
2026.04.13	01:00:58.700	0.58065				2
2026.04.13	01:00:59.301		0.58100			4
2026.04.13	01:00:59.602	0.58064				2
2026.04.13	01:00:59.902	0.58063	0.58107			6
2026.04.13	01:01:00.207	0.58061	0.58088			6
2026.04.13	01:01:00.505		0.58087			4
2026.04.13	01:01:00.804	0.58059				2
2026.04.13	01:01:01.103	0.58058				2
2026.04.13	01:01:01.403	0.58062				2
2026.04.13	01:01:01.702	0.58056				2
2026.04.13	01:01:02.004	0.58050	0.58079			6
2026.04.13	01:01:02.303	0.58055	0.58080			6
2026.04.13	01:01:02.605	0.58056	0.58077			6
2026.04.13	01:01:03.204	0.58058				2
2026.04.13	01:01:03.503	0.58056	0.58083			6
2026.04.13	01:01:03.804	0.58053	0.58078			6
2026.04.13	01:01:04.103	0.58056	0.58077			6
2026.04.13	01:01:04.705		0.58084			4
2026.04.13	01:01:05.005	0.58054	0.58077			6
2026.04.13	01:01:05.905		0.58075			4
2026.04.13	01:01:06.207	0.58056				2
2026.04.13	01:01:06.508	0.58061	0.58065			6
2026.04.13	01:01:06.809	0.58041	0.58056			6
2026.04.13	01:01:07.106	0.58040				2
2026.04.13	01:01:07.404	0.58053				2
2026.04.13	01:01:07.708		0.58057			4
2026.04.13	01:01:08.607		0.58056			4
2026.04.13	01:01:08.907	0.58052				2
2026.04.13	01:01:10.410	0.58030	0.58055			6
2026.04.13	01:01:10.709	0.58029	0.58050			6
2026.04.13	01:01:11.608	0.58031				2
2026.04.13	01:01:12.507	0.58038	0.58058			6
2026.04.13	01:01:13.708	0.58036				2
2026.04.13	01:01:14.311	0.58035	0.58055			6
2026.04.13	01:01:14.609		0.58058			4
2026.04.13	01:01:15.210	0.58030	0.58049			6
2026.04.13	01:01:15.814	0.58031				2
2026.04.13	01:01:17.614	0.58029				2
2026.04.13	01:01:17.912		0.58042			4
2026.04.13	01:01:19.713	0.58030	0.58044			6
2026.04.13	01:01:20.613	0.58028				2
2026.04.13	01:01:21.213	0.58029				2
2026.04.13	01:01:21.814	0.58031				2
2026.04.13	01:01:22.115		0.58048			4
2026.04.13	01:01:22.415	0.58025	0.58043			6
2026.04.13	01:01:22.715	0.58023				2
2026.04.13	01:01:23.015	0.58021	0.58038			6
2026.04.13	01:01:25.421	0.58018				2
2026.04.13	01:01:25.717	0.58013	0.58032			6
2026.04.13	01:01:26.919		0.58033			4
2026.04.13	01:01:27.518	0.58014				2
2026.04.13	01:01:29.018	0.58016				2
2026.04.13	01:01:29.619	0.58013				2
2026.04.13	01:01:30.222	0.58012				2
2026.04.13	01:01:30.520	0.58016				2
2026.04.13	01:01:31.422	0.58017				2
2026.04.13	01:01:33.823	0.58011	0.58028			6
2026.04.13	01:01:34.724	0.58010				2
2026.04.13	01:01:35.024		0.58027			4
2026.04.13	01:01:35.625		0.58028			4
2026.04.13	01:01:36.224	0.58048	0.58063			6
2026.04.13	01:01:36.523	0.58049	0.58053			6
2026.04.13	01:01:37.425	0.58046	0.58063			6
2026.04.13	01:01:38.025		0.58060			4
2026.04.13	01:01:38.923	0.58042	0.58061			6
2026.04.13	01:01:39.226	0.58044	0.58048			6
2026.04.13	01:01:39.526	0.58040	0.58057			6
2026.04.13	01:01:39.826	0.58039	0.58056			6
2026.04.13	01:01:40.428	0.58041				2
2026.04.13	01:01:40.728		0.58057			4
2026.04.13	01:01:41.028		0.58056			4
2026.04.13	01:01:41.328	0.58043	0.58047			6
2026.04.13	01:01:42.231	0.58034	0.58053			6
2026.04.13	01:01:42.527		0.58054			4
2026.04.13	01:01:42.830		0.58052			4
2026.04.13	01:01:43.727	0.58035	0.58039			6
2026.04.13	01:01:49.130	0.58034	0.58053			6
2026.04.13	01:01:49.431		0.58054			4
2026.04.13	01:01:49.732		0.58053			4
2026.04.13	01:01:52.136	0.58033	0.58051			6
2026.04.13	01:01:56.036		0.58054			4
2026.04.13	01:01:56.639	0.58029	0.58049			6
2026.04.13	01:01:56.940	0.58028	0.58047			6
2026.04.13	01:01:57.240	0.58026	0.58044			6
2026.04.13	01:01:57.541	0.58027	0.58031			6
2026.04.13	01:02:00.248	0.58024	0.58040			6
2026.04.13	01:02:00.544	0.58022	0.58038			6
2026.04.13	01:02:00.846		0.58037			4
2026.04.13	01:02:01.445	0.58019	0.58033			6
2026.04.13	01:02:02.045	0.58023	0.58027			6
2026.04.13	01:02:05.947	0.58019	0.58033			6
2026.04.13	01:02:06.552	0.58025	0.58026			6
2026.04.13	01:02:06.851		0.58029			4
2026.04.13	01:02:07.151	0.58026				2
2026.04.13	01:02:09.553	0.58028	0.58043			6
2026.04.13	01:02:10.151	0.58027	0.58044			6
2026.04.13	01:02:10.452		0.58031			4
2026.04.13	01:02:11.053		0.58030			4
2026.04.13	01:02:11.356	0.58034	0.58047			6
2026.04.13	01:02:11.656	0.58035	0.58050			6
2026.04.13	01:02:12.255		0.58049			4
2026.04.13	01:02:13.456	0.58034				2
2026.04.13	01:02:14.359		0.58050			4
2026.04.13	01:02:17.663		0.58037			4
2026.04.13	01:02:17.964	0.58041	0.58053			6
2026.04.13	01:02:18.262		0.58042			4
2026.04.13	01:02:22.769	0.58043	0.58044			6
2026.04.13	01:02:23.068		0.58057			4
2026.04.13	01:02:24.569	0.58041				2
2026.04.13	01:02:25.471	0.58043	0.58046			6
2026.04.13	01:02:34.480	0.58045	0.58048			6
2026.04.13	01:02:40.784	0.58044	0.58047			6
2026.04.13	01:02:46.194	0.58040	0.58043			6
2026.04.13	01:02:46.492	0.58039	0.58042			6
2026.04.13	01:02:49.194	0.58037	0.58040			6
2026.04.13	01:02:52.797	0.58019	0.58042			6
2026.04.13	01:02:53.100	0.58028	0.58031			6
2026.04.13	01:02:57.310	0.58022	0.58039			6
2026.04.13	01:02:57.906	0.58023				2
2026.04.13	01:02:58.208	0.58026	0.58029			6
2026.04.13	01:03:00.008	0.58026				2
2026.04.13	01:03:00.608	0.58022	0.58025			6
2026.04.13	01:03:00.909	0.58018	0.58032			6
2026.04.13	01:03:01.211	0.58020	0.58023			6
2026.04.13	01:03:01.509	0.58009	0.58029			6
2026.04.13	01:03:01.809	0.58008				2
2026.04.13	01:03:02.113	0.58009				2
2026.04.13	01:03:02.410	0.58019	0.58022			6
2026.04.13	01:03:02.711	0.58021	0.58024			6
2026.04.13	01:03:05.115	0.58022	0.58025			6
2026.04.13	01:03:05.416	0.58014	0.58034			6
2026.04.13	01:03:06.017		0.58033			4
2026.04.13	01:03:07.517	0.58019				2
2026.04.13	01:03:09.916		0.58034			4
2026.04.13	01:03:10.219	0.58015	0.58030			6
2026.04.13	01:03:10.518	0.58019	0.58021			6
2026.04.13	01:03:11.117	0.58021	0.58023			6
2026.04.13	01:03:11.417	0.58018	0.58035			6
2026.04.13	01:03:12.320	0.58022	0.58024			6
2026.04.13	01:03:13.522	0.58026	0.58028			6
2026.04.13	01:03:15.623	0.58025	0.58027			6
2026.04.13	01:03:17.124	0.58028	0.58030			6
2026.04.13	01:03:17.425	0.58030	0.58032			6
2026.04.13	01:03:20.725	0.58031	0.58033			6
2026.04.13	01:03:21.929	0.58030	0.58032			6
2026.04.13	01:03:27.629	0.58029	0.58031			6
2026.04.13	01:03:28.530	0.58030	0.58032			6
2026.04.13	01:03:29.433	0.58031	0.58033			6
2026.04.13	01:03:29.732	0.58030	0.58032			6
2026.04.13	01:03:34.838	0.58027	0.58029			6
2026.04.13	01:03:36.039	0.58028	0.58030			6
2026.04.13	01:03:36.340	0.58027	0.58029			6
2026.04.13	01:03:37.241	0.58028	0.58030			6
2026.04.13	01:03:40.545	0.58027	0.58029			6
2026.04.13	01:03:42.644	0.58031	0.58033			6
2026.04.13	01:03:42.947	0.58032	0.58034			6
2026.04.13	01:03:46.848	0.58031	0.58033			6
2026.04.13	01:03:49.552	0.58027	0.58029			6
2026.04.13	01:03:49.852	0.58026	0.58028			6
2026.04.13	01:03:50.453	0.58027	0.58029			6
2026.04.13	01:03:51.356	0.58023	0.58025			6
2026.04.13	01:03:54.360	0.58021	0.58023			6
2026.04.13	01:03:54.659	0.58009	0.58030			6
2026.04.13	01:03:54.958	0.58016	0.58018			6
2026.04.13	01:03:55.862	0.58017	0.58019			6
2026.04.13	01:03:57.368	0.58018	0.58020			6
2026.04.13	01:03:57.666	0.58017	0.58019			6
2026.04.13	01:03:58.264	0.58015	0.58017			6
2026.04.13	01:03:59.767	0.58003	0.58025			6
2026.04.13	01:04:00.069	0.58003				2
2026.04.13	01:04:00.370	0.58011	0.58013			6
2026.04.13	01:04:02.469	0.58010	0.58012			6
2026.04.13	01:04:06.078	0.58011	0.58013			6
2026.04.13	01:04:06.978	0.58010	0.58012			6
2026.04.13	01:04:07.578	0.58011	0.58013			6
2026.04.13	01:04:09.079	0.58012	0.58014			6
2026.04.13	01:04:09.380	0.58009	0.58011			6
2026.04.13	01:04:10.587	0.58008	0.58010			6
2026.04.13	01:04:10.888	0.58007	0.58009			6
2026.04.13	01:04:11.188	0.58004	0.58006			6
2026.04.13	01:04:11.788	0.58005	0.58007			6
2026.04.13	01:04:12.686	0.58004	0.58006			6
2026.04.13	01:04:12.988	0.58006	0.58008			6
2026.04.13	01:04:15.092	0.58004	0.58006			6
2026.04.13	01:04:16.291	0.58006	0.58008			6
2026.04.13	01:04:16.594	0.58008	0.58010			6
2026.04.13	01:04:17.194	0.58007	0.58009			6
2026.04.13	01:04:20.500		0.58008			4
2026.04.13	01:04:24.106	0.58008	0.58009			6
2026.04.13	01:04:24.404	0.58013	0.58014			6
2026.04.13	01:04:24.706	0.58021	0.58022			6
2026.04.13	01:04:25.005	0.58020				2
2026.04.13	01:04:25.302	0.58019	0.58021			6
2026.04.13	01:04:25.606	0.58016	0.58018			6
2026.04.13	01:04:26.806	0.58017	0.58019			6
2026.04.13	01:04:30.409	0.58016	0.58017			6
2026.04.13	01:04:30.710	0.58017	0.58018			6
2026.04.13	01:04:31.605		0.58019			4
2026.04.13	01:04:57.146	0.58018	0.58020			6
2026.04.13	01:04:57.446	0.58019	0.58021			6
2026.04.13	01:04:58.046	0.58018	0.58020			6
2026.04.13	01:05:00.152	0.58020	0.58022			6
2026.04.13	01:05:00.748	0.58021	0.58023			6
2026.04.13	01:05:01.050	0.58019	0.58021			6
2026.04.13	01:05:01.650	0.58014	0.58016			6
2026.04.13	01:05:01.950	0.58013	0.58015			6
2026.04.13	01:05:02.552	0.58014	0.58016			6
2026.04.13	01:05:02.851	0.58012	0.58014			6
2026.04.13	01:05:03.153	0.58010	0.58012			6
2026.04.13	01:05:03.451	0.58011	0.58013			6
2026.04.13	01:05:04.654	0.58009	0.58011			6
2026.04.13	01:05:05.258	0.58006	0.58008			6
2026.04.13	01:05:05.555	0.58005	0.58007			6
2026.04.13	01:05:06.758	0.58009	0.58011			6
2026.04.13	01:05:07.055	0.58005	0.58007			6
2026.04.13	01:05:07.358	0.58006	0.58008			6
2026.04.13	01:05:07.958	0.58005	0.58007			6
2026.04.13	01:05:09.157	0.58004	0.58006			6
2026.04.13	01:05:09.457	0.58002	0.58004			6
2026.04.13	01:05:09.760	0.58001	0.58003			6
2026.04.13	01:05:10.360	0.58000	0.58002			6
2026.04.13	01:05:10.660	0.57999	0.58001			6
2026.04.13	01:05:10.958	0.58000	0.58002			6
2026.04.13	01:05:11.259	0.58001	0.58003			6
2026.04.13	01:05:11.559	0.58000	0.58002			6
2026.04.13	01:05:13.664	0.58001	0.58003			6
2026.04.13	01:05:14.263	0.58002				2
2026.04.13	01:05:14.564	0.58006	0.58008			6
2026.04.13	01:05:14.865	0.58003	0.58005			6
2026.04.13	01:05:15.162	0.58002	0.58004			6
2026.04.13	01:05:18.167	0.58003	0.58005			6
2026.04.13	01:05:18.465	0.58004	0.58006			6
2026.04.13	01:05:19.968	0.58003	0.58005			6
2026.04.13	01:05:21.768	0.58000	0.58002			6
2026.04.13	01:05:22.367	0.57999	0.58001			6
2026.04.13	01:05:22.668	0.58001	0.58003			6
2026.04.13	01:05:25.969	0.58000	0.58002			6
2026.04.13	01:05:28.075	0.57998	0.58000			6
2026.04.13	01:05:28.375	0.57999	0.58001			6
2026.04.13	01:05:30.178	0.57998	0.58000			6
2026.04.13	01:05:30.479	0.57999	0.58001			6
2026.04.13	01:05:34.081	0.58001	0.58003			6
2026.04.13	01:05:34.381	0.58003	0.58005			6
2026.04.13	01:05:34.682	0.58002	0.58004			6
2026.04.13	01:05:36.182	0.58003	0.58005			6
2026.04.13	01:05:37.385	0.58004	0.58006			6
2026.04.13	01:05:37.683	0.58003	0.58005			6
2026.04.13	01:05:38.282	0.58002	0.58004			6
2026.04.13	01:05:38.583	0.58001	0.58003			6
2026.04.13	01:05:39.487	0.58002	0.58004			6
2026.04.13	01:05:39.786	0.58003	0.58005			6
2026.04.13	01:05:42.786	0.57999	0.58001			6
2026.04.13	01:05:43.086	0.57998	0.58000			6
2026.04.13	01:05:44.888	0.57999	0.58001			6
2026.04.13	01:05:47.592	0.57998	0.58000			6
2026.04.13	01:05:47.891	0.58000	0.58002			6
2026.04.13	01:05:48.192	0.58001	0.58003			6
2026.04.13	01:05:48.792	0.58002	0.58004			6
2026.04.13	01:05:49.393	0.57999	0.58001			6
2026.04.13	01:05:50.293	0.58003	0.58004			6
2026.04.13	01:05:50.596	0.58004	0.58006			6
2026.04.13	01:05:50.894	0.58005	0.58007			6
2026.04.13	01:05:51.195	0.58012	0.58013			6
2026.04.13	01:05:51.494	0.58016	0.58018			6
2026.04.13	01:05:52.095	0.58018	0.58020			6
2026.04.13	01:05:52.397		0.58021			4
2026.04.13	01:05:52.697	0.58017	0.58020			6
2026.04.13	01:05:52.995	0.58019	0.58022			6
2026.04.13	01:05:53.599	0.58017	0.58019			6
2026.04.13	01:05:53.896	0.58014	0.58017			6
2026.04.13	01:05:55.696	0.58015	0.58018			6
2026.04.13	01:05:55.996	0.58018	0.58021			6
2026.04.13	01:05:56.296	0.58017	0.58020			6
2026.04.13	01:05:56.599	0.58022	0.58025			6
2026.04.13	01:05:56.899	0.58023	0.58026			6
2026.04.13	01:05:57.500	0.58022	0.58025			6
2026.04.13	01:05:57.796	0.58023	0.58026			6
2026.04.13	01:05:58.099	0.58024	0.58027			6
2026.04.13	01:05:58.701	0.58020	0.58022			6
2026.04.13	01:05:58.999	0.58018	0.58021			6
2026.04.13	01:05:59.299	0.58019	0.58022			6
2026.04.13	01:05:59.600	0.58015	0.58018			6
2026.04.13	01:05:59.898	0.58012	0.58015			6
2026.04.13	01:06:00.200	0.58005	0.58008			6
2026.04.13	01:06:00.498	0.58007	0.58010			6
2026.04.13	01:06:00.802	0.58009	0.58012			6
2026.04.13	01:06:01.098	0.58011	0.58014			6
2026.04.13	01:06:01.702	0.58010	0.58013			6
2026.04.13	01:06:02.299	0.58009	0.58012			6
2026.04.13	01:06:02.901	0.58013	0.58016			6
2026.04.13	01:06:03.201	0.58019	0.58022			6
2026.04.13	01:06:03.501	0.58021	0.58024			6
2026.04.13	01:06:03.802	0.58019	0.58022			6
2026.04.13	01:06:04.099	0.58021	0.58024			6
2026.04.13	01:06:04.401	0.58022	0.58025			6
2026.04.13	01:06:04.702	0.58018	0.58021			6
2026.04.13	01:06:05.001	0.58014	0.58017			6
2026.04.13	01:06:05.303	0.58015	0.58018			6
2026.04.13	01:06:05.903	0.58012	0.58015			6
2026.04.13	01:06:06.205	0.58013	0.58016			6
2026.04.13	01:06:06.803	0.58012	0.58015			6
2026.04.13	01:06:07.102	0.58010	0.58013			6
2026.04.13	01:06:08.905	0.58009	0.58012			6
2026.04.13	01:06:09.206	0.58010	0.58013			6
2026.04.13	01:06:09.508	0.58011	0.58014			6
2026.04.13	01:06:10.708	0.58010	0.58013			6
2026.04.13	01:06:11.010	0.58014	0.58015			6
2026.04.13	01:06:11.307	0.58016	0.58017			6
2026.04.13	01:06:11.617	0.58008	0.58011			6
2026.04.13	01:06:12.213	0.58006	0.58009			6
2026.04.13	01:06:16.117	0.58007	0.58010			6
2026.04.13	01:06:17.616	0.58006	0.58009			6
2026.04.13	01:06:18.217	0.58005	0.58008			6
2026.04.13	01:06:18.815	0.58004	0.58007			6
2026.04.13	01:06:20.017	0.58005	0.58008			6
2026.04.13	01:06:20.617	0.58006	0.58009			6
2026.04.13	01:06:23.619	0.58007	0.58010			6
2026.04.13	01:06:23.923	0.58013	0.58014			6
2026.04.13	01:06:24.222		0.58016			4
2026.04.13	01:06:24.524	0.58007	0.58010			6
2026.04.13	01:06:24.822	0.58005	0.58008			6
2026.04.13	01:06:29.323	0.58007	0.58009			6
2026.04.13	01:06:29.624	0.58008	0.58010			6
2026.04.13	01:06:31.429	0.58003	0.58006			6
2026.04.13	01:06:31.726	0.57998	0.58001			6
2026.04.13	01:06:33.530	0.57993	0.57996			6
2026.04.13	01:06:33.830	0.57992	0.57994			6
2026.04.13	01:06:34.129		0.57995			4
2026.04.13	01:06:34.731	0.57990	0.57993			6
2026.04.13	01:06:35.032	0.57988	0.57991			6
2026.04.13	01:06:37.735	0.57991	0.57994			6
2026.04.13	01:06:38.034	0.57992	0.57995			6
2026.04.13	01:06:42.538	0.57991	0.57994			6
2026.04.13	01:06:45.244	0.57993	0.57996			6
2026.04.13	01:06:47.044	0.57994	0.57997			6
2026.04.13	01:06:47.345	0.57995	0.57998			6
2026.04.13	01:06:47.946	0.57996				2
2026.04.13	01:06:48.244		0.57999			4
2026.04.13	01:06:50.947	0.57997	0.58000			6
2026.04.13	01:06:51.247	0.57999	0.58002			6
2026.04.13	01:06:53.650	0.58000	0.58003			6
2026.04.13	01:06:53.950	0.57998	0.58001			6
2026.04.13	01:06:54.549	0.57999	0.58002			6
2026.04.13	01:06:54.853	0.57997	0.58000			6
2026.04.13	01:06:55.152	0.57995	0.57998			6
2026.04.13	01:06:57.256	0.57994	0.57997			6
2026.04.13	01:06:58.157		0.57996			4
2026.04.13	01:07:00.256	0.57994				2
2026.04.13	01:07:03.259	0.57997	0.57998			6
2026.04.13	01:07:03.559	0.57998	0.57999			6
2026.04.13	01:07:04.759		0.58000			4
2026.04.13	01:07:05.664	0.57995	0.57997			6
2026.04.13	01:07:05.962	0.57993	0.57995			6
2026.04.13	01:07:06.263	0.57992	0.57994			6
2026.04.13	01:07:06.862	0.57991	0.57992			6
2026.04.13	01:07:07.162	0.57989	0.57991			6
2026.04.13	01:07:07.764	0.57988	0.57990			6
2026.04.13	01:07:08.065	0.57987	0.57989			6
2026.04.13	01:07:09.565	0.57984	0.57986			6
2026.04.13	01:07:12.270	0.57985	0.57987			6
2026.04.13	01:07:22.187	0.57986	0.57988			6
2026.04.13	01:07:22.483	0.57988	0.57990			6
2026.04.13	01:07:22.785	0.57990	0.57992			6
2026.04.13	01:07:27.292	0.57987	0.57989			6
2026.04.13	01:07:27.594	0.57989	0.57991			6
2026.04.13	01:07:29.396	0.57990	0.57992			6
2026.04.13	01:07:33.000	0.57989	0.57991			6
2026.04.13	01:07:33.301	0.57988	0.57990			6
2026.04.13	01:07:34.204	0.57990	0.57992			6
2026.04.13	01:07:35.405	0.57991	0.57993			6
2026.04.13	01:07:36.308	0.57992	0.57994			6
2026.04.13	01:07:38.415	0.57993	0.57995			6
2026.04.13	01:07:38.710	0.57994	0.57996			6
2026.04.13	01:07:39.008	0.57992	0.57994			6
2026.04.13	01:07:39.310	0.57994	0.57996			6
2026.04.13	01:07:41.411	0.57993	0.57995			6
2026.04.13	01:07:42.013	0.57992	0.57994			6
2026.04.13	01:07:42.914	0.57991	0.57993			6
2026.04.13	01:07:43.514	0.57990	0.57992			6
2026.04.13	01:07:43.813	0.57991	0.57993			6
2026.04.13	01:07:45.313	0.57989	0.57991			6
2026.04.13	01:07:45.617	0.57988	0.57990			6
2026.04.13	01:07:45.914	0.57990	0.57992			6
2026.04.13	01:07:46.217	0.57991	0.57993			6
2026.04.13	01:07:46.817	0.57987	0.57989			6
2026.04.13	01:07:47.418	0.57983	0.57985			6
2026.04.13	01:07:47.718	0.57982	0.57984			6
2026.04.13	01:07:48.318	0.57983	0.57985			6
2026.04.13	01:07:50.724	0.57982	0.57984			6
2026.04.13	01:07:51.323	0.57981	0.57983			6
2026.04.13	01:07:51.920	0.57980	0.57982			6
2026.04.13	01:07:52.521	0.57981	0.57983			6
2026.04.13	01:07:55.526	0.57983	0.57985			6
2026.04.13	01:07:55.824	0.57981	0.57983			6
2026.04.13	01:07:56.124	0.57982	0.57984			6
2026.04.13	01:07:56.724	0.57981	0.57983			6
2026.04.13	01:07:59.725	0.57979	0.57981			6
2026.04.13	01:08:00.026	0.57979				2
2026.04.13	01:08:00.629	0.57976	0.57978			6
2026.04.13	01:08:02.429	0.57977	0.57979			6
2026.04.13	01:08:04.533	0.57978	0.57980			6
2026.04.13	01:08:05.729	0.57979	0.57981			6
2026.04.13	01:08:08.433	0.57977	0.57979			6
2026.04.13	01:08:08.731	0.57979	0.57980			6
2026.04.13	01:08:10.231	0.57980	0.57982			6
2026.04.13	01:08:12.036	0.57982	0.57983			6
2026.04.13	01:08:16.545	0.57981				2
2026.04.13	01:08:18.349	0.57980	0.57982			6
2026.04.13	01:08:24.056	0.57979	0.57981			6
2026.04.13	01:08:25.858	0.57980				2
2026.04.13	01:08:26.159	0.57979				2
2026.04.13	01:08:26.458	0.57978	0.57980			6
2026.04.13	01:08:36.077	0.57977	0.57978			6
2026.04.13	01:08:36.979	0.57979	0.57981			6
2026.04.13	01:08:45.386	0.57980	0.57982			6
2026.04.13	01:08:47.190	0.57978	0.57979			6
2026.04.13	01:08:55.608	0.57977				2
2026.04.13	01:08:56.511	0.57978				2
2026.04.13	01:08:58.615		0.57980			4
2026.04.13	01:08:59.518	0.57980	0.57982			6
2026.04.13	01:08:59.816	0.57981				2
2026.04.13	01:09:00.119	0.57981				2
2026.04.13	01:09:00.417		0.57983			4
2026.04.13	01:09:01.616	0.57982	0.57984			6
2026.04.13	01:09:02.218	0.57983	0.57985			6
2026.04.13	01:09:03.721		0.57984			4
2026.04.13	01:09:04.923		0.57985			4
2026.04.13	01:09:06.726		0.57984			4
2026.04.13	01:09:07.326		0.57985			4
2026.04.13	01:09:07.623		0.57984			4
2026.04.13	01:09:09.124		0.57985			4
2026.04.13	01:09:10.025	0.57990	0.57992			6
2026.04.13	01:09:10.327	0.57992	0.57993			6
2026.04.13	01:09:10.627		0.57994			4
2026.04.13	01:09:11.228	0.57991	0.57993			6
2026.04.13	01:09:13.932	0.57992	0.57994			6
2026.04.13	01:09:14.832	0.57994	0.57996			6
2026.04.13	01:09:15.131	0.57993	0.57995			6
2026.04.13	01:09:18.135	0.57992	0.57994			6
2026.04.13	01:09:19.935	0.57993	0.57995			6
2026.04.13	01:09:20.238	0.57992	0.57994			6
2026.04.13	01:09:20.539	0.57993	0.57995			6
2026.04.13	01:09:20.841	0.57992	0.57994			6
2026.04.13	01:09:21.140	0.57990	0.57992			6
2026.04.13	01:09:22.941	0.57991	0.57993			6
2026.04.13	01:09:23.244	0.57992	0.57994			6
2026.04.13	01:09:27.446	0.57993	0.57995			6
2026.04.13	01:09:28.047	0.57991	0.57993			6
2026.04.13	01:09:31.055	0.57994	0.57996			6
2026.04.13	01:09:31.355	0.57995	0.57997			6
2026.04.13	01:09:31.654	0.57997	0.57999			6
2026.04.13	01:09:31.952	0.57998	0.58000			6
2026.04.13	01:09:32.555	0.57997	0.57999			6
2026.04.13	01:09:36.464	0.57998	0.58000			6
2026.04.13	01:09:40.073	0.58000	0.58001			6
2026.04.13	01:09:40.371	0.58004	0.58006			6
2026.04.13	01:09:40.666	0.58003	0.58005			6
2026.04.13	01:09:50.280	0.58004	0.58006			6
2026.04.13	01:09:51.783	0.58005	0.58007			6
2026.04.13	01:09:52.385	0.58004	0.58006			6
2026.04.13	01:09:54.182	0.58005	0.58007			6
2026.04.13	01:09:54.784	0.58004	0.58006			6
2026.04.13	01:10:00.195	0.58004				2
2026.04.13	01:10:04.396	0.58005	0.58007			6
2026.04.13	01:10:05.301	0.58004	0.58006			6
2026.04.13	01:10:05.600	0.58005	0.58007			6
2026.04.13	01:10:08.005	0.58006				2
2026.04.13	01:10:08.309		0.58008			4
2026.04.13	01:10:08.605		0.58007			4
2026.04.13	01:10:08.905	0.58005				2
2026.04.13	01:10:13.118	0.58004	0.58006			6
2026.04.13	01:10:15.220	0.58005	0.58007			6
2026.04.13	01:10:16.724	0.58004	0.58006			6
2026.04.13	01:10:17.621	0.58006	0.58008			6
2026.04.13	01:10:18.525	0.58004	0.58006			6
2026.04.13	01:10:23.626	0.58001	0.58003			6
2026.04.13	01:10:24.532	0.58002	0.58004			6
2026.04.13	01:10:24.830	0.58001	0.58003			6
2026.04.13	01:10:27.534	0.58002	0.58004			6
2026.04.13	01:10:29.336	0.58001	0.58003			6
2026.04.13	01:10:29.940	0.58002	0.58004			6
2026.04.13	01:10:30.540	0.58001	0.58003			6
2026.04.13	01:10:31.141	0.58000	0.58002			6
2026.04.13	01:10:31.742	0.57999	0.58001			6
2026.04.13	01:10:35.044	0.58000	0.58002			6
2026.04.13	01:10:37.447	0.57999	0.58001			6
2026.04.13	01:10:37.745	0.57996	0.57998			6
2026.04.13	01:10:38.949	0.57997	0.57999			6
2026.04.13	01:10:39.845	0.57999	0.58001			6
2026.04.13	01:10:40.150	0.58000	0.58002			6
2026.04.13	01:10:43.750	0.58001	0.58003			6
2026.04.13	01:10:44.054	0.58002	0.58004			6
2026.04.13	01:10:45.253	0.58001	0.58003			6
2026.04.13	01:10:45.553	0.58002	0.58004			6
2026.04.13	01:10:45.853	0.58001	0.58003			6
2026.04.13	01:10:46.154	0.58002	0.58004			6
2026.04.13	01:10:47.656	0.58003	0.58005			6
2026.04.13	01:10:47.954	0.58001	0.58003			6
2026.04.13	01:10:50.961	0.57999	0.58001			6
2026.04.13	01:10:53.060	0.57997	0.57999			6
2026.04.13	01:10:53.662	0.57999	0.58001			6
2026.04.13	01:10:53.963	0.58000	0.58002			6
2026.04.13	01:10:54.861	0.58001	0.58003			6
2026.04.13	01:10:56.364	0.58002	0.58004			6
2026.04.13	01:10:56.661	0.58001	0.58003			6
2026.04.13	01:10:58.463	0.58002	0.58004			6
2026.04.13	01:10:58.764	0.58001	0.58003			6
2026.04.13	01:10:59.668	0.58003	0.58005			6
2026.04.13	01:10:59.968	0.58002	0.58004			6
2026.04.13	01:11:00.268	0.58002				2
2026.04.13	01:11:00.571	0.58003	0.58005			6
2026.04.13	01:11:00.869	0.58002	0.58004			6
2026.04.13	01:11:01.471	0.58003	0.58005			6
2026.04.13	01:11:02.069	0.58004	0.58006			6
2026.04.13	01:11:02.670	0.58005	0.58007			6
2026.04.13	01:11:03.270	0.58004	0.58006			6
2026.04.13	01:11:03.874	0.58006	0.58008			6
2026.04.13	01:11:05.375	0.58005	0.58007			6
2026.04.13	01:11:05.676	0.58006	0.58008			6
2026.04.13	01:11:06.275	0.58005	0.58007			6
2026.04.13	01:11:09.581	0.58004	0.58006			6
2026.04.13	01:11:10.487	0.58006	0.58008			6
2026.04.13	01:11:11.088	0.58005	0.58007			6
2026.04.13	01:11:11.686	0.58006	0.58008			6
2026.04.13	01:11:11.987	0.58005	0.58007			6
2026.04.13	01:11:13.792	0.58004	0.58006			6
2026.04.13	01:11:16.494	0.58005	0.58007			6
2026.04.13	01:11:16.793	0.58006	0.58008			6
2026.04.13	01:11:17.694	0.58005	0.58007			6
2026.04.13	01:11:19.795	0.58004	0.58006			6
2026.04.13	01:11:21.300	0.58005	0.58007			6
2026.04.13	01:11:22.802	0.58006	0.58008			6
2026.04.13	01:11:25.510	0.58002	0.58004			6
2026.04.13	01:11:25.808	0.58001	0.58003			6
2026.04.13	01:11:26.106	0.58002	0.58004			6
2026.04.13	01:11:28.815	0.58003	0.58005			6
2026.04.13	01:11:29.114	0.58002	0.58004			6
2026.04.13	01:11:29.414	0.58003	0.58005			6
2026.04.13	01:11:30.014	0.58004	0.58006			6
2026.04.13	01:11:30.915	0.58003	0.58005			6
2026.04.13	01:11:31.216	0.58002	0.58004			6
2026.04.13	01:11:31.817	0.58005	0.58007			6
2026.04.13	01:11:33.620	0.58003	0.58005			6
2026.04.13	01:11:34.822	0.58004	0.58006			6
2026.04.13	01:11:35.119	0.58003	0.58005			6
2026.04.13	01:11:37.221	0.58002	0.58004			6
2026.04.13	01:11:37.520	0.58003	0.58005			6
2026.04.13	01:11:39.923	0.58004	0.58006			6
2026.04.13	01:11:43.530	0.58002	0.58004			6
2026.04.13	01:11:43.829	0.58003	0.58005			6
2026.04.13	01:11:44.429	0.58002	0.58004			6
2026.04.13	01:11:46.534	0.58001	0.58003			6
2026.04.13	01:11:46.834	0.58002	0.58004			6
2026.04.13	01:11:48.039	0.58003	0.58005			6
2026.04.13	01:11:48.634	0.58005	0.58007			6
2026.04.13	01:11:49.839	0.58004	0.58006			6
2026.04.13	01:11:50.138	0.58005	0.58007			6
2026.04.13	01:11:50.738	0.58004	0.58006			6
2026.04.13	01:11:51.036	0.58003	0.58005			6
2026.04.13	01:11:51.638	0.58005	0.58007			6
2026.04.13	01:11:51.938	0.58004	0.58006			6
2026.04.13	01:11:52.540	0.58003	0.58005			6
2026.04.13	01:11:52.840	0.58004	0.58006			6
2026.04.13	01:11:53.441	0.58003	0.58005			6
2026.04.13	01:11:53.743	0.58004	0.58006			6
2026.04.13	01:11:54.343	0.58003	0.58005			6
2026.04.13	01:11:54.643		0.58004			4
2026.04.13	01:11:54.944		0.58005			4
2026.04.13	01:11:56.745	0.58001	0.58003			6
2026.04.13	01:11:57.645	0.58003	0.58005			6
2026.04.13	01:11:58.848	0.58002	0.58004			6
2026.04.13	01:12:00.051	0.58002				2
2026.04.13	01:12:01.251	0.58003	0.58005			6
2026.04.13	01:12:01.552	0.58002	0.58004			6
2026.04.13	01:12:02.451	0.58005	0.58007			6
2026.04.13	01:12:03.651	0.58004	0.58006			6
2026.04.13	01:12:04.255	0.58005	0.58007			6
2026.04.13	01:12:05.154	0.58004	0.58006			6
2026.04.13	01:12:05.455	0.58005	0.58007			6
2026.04.13	01:12:06.354	0.58004	0.58006			6
2026.04.13	01:12:06.654	0.58005	0.58007			6
2026.04.13	01:12:07.554	0.58004	0.58006			6
2026.04.13	01:12:09.661	0.58003	0.58005			6
2026.04.13	01:12:09.957	0.58004	0.58006			6
2026.04.13	01:12:11.161	0.58003	0.58005			6
2026.04.13	01:12:11.459	0.58004	0.58006			6
2026.04.13	01:12:14.162	0.58005	0.58007			6
2026.04.13	01:12:16.264	0.58004	0.58006			6
2026.04.13	01:12:18.069	0.58005	0.58007			6
2026.04.13	01:12:18.366	0.58004	0.58006			6
2026.04.13	01:12:22.882	0.58005	0.58007			6
2026.04.13	01:12:23.178	0.58006	0.58008			6
2026.04.13	01:12:23.480	0.58007	0.58009			6
2026.04.13	01:12:24.080	0.58006	0.58008			6
2026.04.13	01:12:24.381	0.58005	0.58007			6
2026.04.13	01:12:27.382	0.58004	0.58006			6
2026.04.13	01:12:28.281	0.58003	0.58005			6
2026.04.13	01:12:28.582	0.58005	0.58007			6
2026.04.13	01:12:28.884	0.58004	0.58006			6
2026.04.13	01:12:31.591	0.58005	0.58007			6
2026.04.13	01:12:32.189	0.58004	0.58006			6
2026.04.13	01:12:32.491	0.58003	0.58005			6
2026.04.13	01:12:33.092	0.58004	0.58006			6
2026.04.13	01:12:33.392	0.58006	0.58008			6
2026.04.13	01:12:34.595	0.58005	0.58007			6
2026.04.13	01:12:35.194	0.58006	0.58008			6
2026.04.13	01:12:35.792	0.58005	0.58007			6
2026.04.13	01:12:36.095	0.58007	0.58009			6
2026.04.13	01:12:36.397	0.58005	0.58007			6
2026.04.13	01:12:36.696	0.58006	0.58008			6
2026.04.13	01:12:37.895	0.58005	0.58007			6
2026.04.13	01:12:38.198	0.58004	0.58006			6
2026.04.13	01:12:43.001	0.58005	0.58007			6
2026.04.13	01:12:44.804	0.58006	0.58008			6
2026.04.13	01:12:45.104	0.58005	0.58007			6
2026.04.13	01:12:49.613	0.58006	0.58008			6
2026.04.13	01:12:53.219	0.58007	0.58009			6
2026.04.13	01:12:53.521	0.58006	0.58008			6
2026.04.13	01:12:53.821	0.58005	0.58007			6
2026.04.13	01:12:57.424	0.58004	0.58006			6
2026.04.13	01:13:00.125	0.58004				2
2026.04.13	01:13:00.426	0.58005	0.58007			6
2026.04.13	01:13:00.724	0.58006	0.58008			6
2026.04.13	01:13:01.026	0.58004	0.58006			6
2026.04.13	01:13:01.328	0.58005	0.58007			6
2026.04.13	01:13:03.126	0.58004	0.58006			6
2026.04.13	01:13:03.428	0.58005	0.58007			6
2026.04.13	01:13:04.931	0.58009	0.58011			6
2026.04.13	01:13:05.530	0.58007	0.58009			6
2026.04.13	01:13:07.934	0.58006	0.58008			6
2026.04.13	01:13:08.235	0.58004	0.58006			6
2026.04.13	01:13:08.532	0.58006	0.58008			6
2026.04.13	01:13:10.632	0.58007	0.58009			6
2026.04.13	01:13:11.234	0.58006	0.58008			6
2026.04.13	01:13:11.533	0.58007	0.58009			6
2026.04.13	01:13:13.634	0.58005	0.58007			6
2026.04.13	01:13:13.936	0.58006	0.58008			6
2026.04.13	01:13:14.235	0.58007	0.58009			6
2026.04.13	01:13:14.538	0.58006	0.58008			6
2026.04.13	01:13:15.736	0.58005	0.58007			6
2026.04.13	01:13:16.636	0.58006	0.58008			6
2026.04.13	01:13:20.242	0.58007	0.58009			6
2026.04.13	01:13:20.845	0.58002	0.58004			6
2026.04.13	01:13:21.146	0.58000	0.58002			6
2026.04.13	01:13:21.444	0.58001	0.58003			6
2026.04.13	01:13:21.745	0.58000	0.58002			6
2026.04.13	01:13:23.846	0.58001	0.58003			6
2026.04.13	01:13:24.142	0.58002	0.58004			6
2026.04.13	01:13:24.444	0.58001	0.58003			6
2026.04.13	01:13:25.646	0.58002	0.58004			6
2026.04.13	01:13:27.147	0.58001	0.58003			6
2026.04.13	01:13:28.951	0.57999	0.58001			6
2026.04.13	01:13:29.554	0.58000	0.58002			6
2026.04.13	01:13:29.850	0.58002	0.58004			6
2026.04.13	01:13:30.152	0.58001	0.58003			6
2026.04.13	01:13:30.452	0.58000	0.58002			6
2026.04.13	01:13:31.051	0.58002	0.58004			6
2026.04.13	01:13:31.351	0.58001	0.58003			6
2026.04.13	01:13:31.652	0.58002	0.58004			6
2026.04.13	01:13:32.252	0.58000	0.58002			6
2026.04.13	01:13:32.852	0.58001	0.58003			6
2026.04.13	01:13:33.453	0.58000	0.58002			6
2026.04.13	01:13:34.353	0.58001	0.58003			6
2026.04.13	01:13:35.555	0.58002	0.58004			6
2026.04.13	01:13:35.852	0.58001	0.58003			6
2026.04.13	01:13:37.660	0.58000	0.58002			6
2026.04.13	01:13:37.959	0.58001	0.58003			6
2026.04.13	01:13:38.257	0.58000	0.58002			6
2026.04.13	01:13:39.457	0.57999	0.58001			6
2026.04.13	01:13:39.761	0.58000	0.58002			6
2026.04.13	01:13:40.960	0.57998	0.58000			6
2026.04.13	01:13:42.458	0.57999	0.58001			6
2026.04.13	01:13:43.965	0.58000	0.58002			6
2026.04.13	01:13:46.366	0.58001	0.58003			6
2026.04.13	01:13:46.968	0.58000	0.58002			6
2026.04.13	01:13:48.467	0.58001	0.58003			6
2026.04.13	01:13:50.568	0.57999	0.58001			6
2026.04.13	01:13:50.869	0.58000	0.58002			6
2026.04.13	01:13:51.171	0.57999	0.58001			6
2026.04.13	01:13:51.772	0.58001	0.58003			6
2026.04.13	01:13:52.374	0.58000	0.58002			6
2026.04.13	01:13:52.672	0.58001	0.58003			6
2026.04.13	01:13:53.576	0.58000	0.58002			6
2026.04.13	01:13:54.177	0.57996	0.57998			6
2026.04.13	01:13:55.378	0.57995				2
2026.04.13	01:13:57.781	0.57998	0.58001			6
2026.04.13	01:13:58.981	0.57997	0.58000			6
2026.04.13	01:13:59.281	0.57998	0.58001			6
2026.04.13	01:14:00.185	0.57998				2
2026.04.13	01:14:00.484	0.57999	0.58002			6
2026.04.13	01:14:02.286	0.58001	0.58004			6
2026.04.13	01:14:02.584	0.58000	0.58003			6
2026.04.13	01:14:02.884	0.57999	0.58002			6
2026.04.13	01:14:04.989	0.57996	0.57999			6
2026.04.13	01:14:12.193		0.57998			4
2026.04.13	01:14:14.295	0.57997	0.57999			6
2026.04.13	01:14:14.595	0.57996	0.57998			6
2026.04.13	01:14:23.609	0.57994	0.57996			6
2026.04.13	01:14:23.909	0.57995	0.57997			6
2026.04.13	01:14:25.409	0.57996	0.57998			6
2026.04.13	01:14:29.015	0.57995	0.57997			6
2026.04.13	01:14:30.516	0.57996	0.57998			6
2026.04.13	01:14:31.122	0.57994	0.57996			6
2026.04.13	01:14:31.422	0.57995	0.57997			6
2026.04.13	01:14:33.822	0.57997	0.57999			6
2026.04.13	01:14:34.124	0.57998	0.58000			6
2026.04.13	01:14:34.420	0.57999	0.58001			6
2026.04.13	01:14:34.721	0.57998	0.58000			6
2026.04.13	01:14:47.638	0.57995	0.57997			6
2026.04.13	01:14:48.243	0.57996	0.57998			6
2026.04.13	01:14:48.543	0.57995	0.57997			6
2026.04.13	01:14:53.348	0.57994	0.57996			6
2026.04.13	01:14:54.845	0.57993	0.57995			6
2026.04.13	01:14:55.146	0.57992	0.57994			6
2026.04.13	01:14:58.449	0.57995	0.57997			6
2026.04.13	01:14:58.747	0.57996	0.57998			6
2026.04.13	01:15:00.256	0.57996				2
2026.04.13	01:15:01.152	0.57995	0.57997			6
2026.04.13	01:15:01.750	0.57996	0.57998			6
2026.04.13	01:15:02.054	0.57997	0.57999			6
2026.04.13	01:15:02.354	0.57990	0.57992			6
2026.04.13	01:15:03.255		0.57993			4
2026.04.13	01:15:04.158	0.57991	0.57994			6
2026.04.13	01:15:05.359	0.57998	0.58001			6
2026.04.13	01:15:05.658	0.58000	0.58003			6
2026.04.13	01:15:05.959	0.57999	0.58002			6
2026.04.13	01:15:06.260	0.57998				2
2026.04.13	01:15:07.160	0.57999	0.58003			6
2026.04.13	01:15:08.361		0.58002			4
2026.04.13	01:15:15.571	0.58000	0.58003			6
2026.04.13	01:15:21.878	0.57999	0.58002			6
2026.04.13	01:15:30.591	0.58000				2
2026.04.13	01:15:30.892		0.58003			4
2026.04.13	01:15:37.204	0.58001	0.58004			6
2026.04.13	01:15:38.406	0.58003	0.58006			6
2026.04.13	01:15:38.705	0.58004	0.58007			6
2026.04.13	01:15:39.907	0.58000	0.58002			6
2026.04.13	01:15:40.212	0.57998	0.58001			6
2026.04.13	01:15:42.913	0.57999				2
2026.04.13	01:15:43.215	0.57998				2
2026.04.13	01:15:45.020	0.57999				2
2026.04.13	01:15:45.916	0.57998				2
2026.04.13	01:15:46.216	0.57999				2
2026.04.13	01:15:46.518	0.58000	0.58003			6
2026.04.13	01:15:46.818		0.58002			4
2026.04.13	01:15:47.120	0.58002	0.58004			6
2026.04.13	01:15:47.419		0.58005			4
2026.04.13	01:15:48.019	0.58001	0.58004			6
2026.04.13	01:15:52.222	0.58000	0.58003			6
2026.04.13	01:16:00.030	0.58000				2
2026.04.13	01:16:03.330	0.58001	0.58004			6
2026.04.13	01:16:04.531	0.58000	0.58003			6
2026.04.13	01:16:07.540	0.58001	0.58004			6
2026.04.13	01:16:09.943	0.58000	0.58003			6
2026.04.13	01:16:10.242		0.58002			4
2026.04.13	01:16:10.545	0.57999				2
2026.04.13	01:16:13.848	0.57998	0.58001			6
2026.04.13	01:16:14.146	0.57999	0.58002			6
2026.04.13	01:16:14.447	0.58000	0.58003			6
2026.04.13	01:16:21.952	0.58001	0.58004			6
2026.04.13	01:16:23.459	0.58004	0.58007			6
2026.04.13	01:16:24.360	0.58003	0.58006			6
2026.04.13	01:16:26.161	0.58004	0.58007			6
2026.04.13	01:16:30.662	0.58005	0.58008			6
2026.04.13	01:16:31.868	0.58003	0.58006			6
2026.04.13	01:16:32.164	0.58002	0.58005			6
2026.04.13	01:16:33.965	0.58003	0.58006			6
2026.04.13	01:16:34.567	0.58004	0.58007			6
2026.04.13	01:16:35.468	0.58003	0.58006			6
2026.04.13	01:16:36.067	0.58004	0.58007			6
2026.04.13	01:16:36.368	0.58005	0.58008			6
2026.04.13	01:16:39.674	0.58008	0.58011			6
2026.04.13	01:16:39.971	0.58005	0.58008			6
2026.04.13	01:16:40.273	0.58006	0.58009			6
2026.04.13	01:16:41.176	0.58005	0.58008			6
2026.04.13	01:16:45.979	0.58009	0.58012			6
2026.04.13	01:16:46.282	0.58006	0.58009			6
2026.04.13	01:16:47.185	0.58008	0.58011			6
2026.04.13	01:16:47.483	0.58006	0.58009			6
2026.04.13	01:16:50.184	0.58005	0.58008			6
2026.04.13	01:16:51.088	0.58004	0.58007			6
2026.04.13	01:16:54.699	0.58005	0.58008			6
2026.04.13	01:16:54.999	0.58004	0.58007			6
2026.04.13	01:16:55.301	0.58005	0.58008			6
2026.04.13	01:17:00.110	0.58005				2
2026.04.13	01:17:00.708	0.58006	0.58009			6
2026.04.13	01:17:01.308	0.58007				2
2026.04.13	01:17:05.815	0.58006	0.58008			6
2026.04.13	01:17:09.120	0.58005	0.58007			6
2026.04.13	01:17:09.720	0.58006	0.58008			6
2026.04.13	01:17:15.124	0.58007	0.58009			6
2026.04.13	01:17:15.427	0.58006	0.58008			6
2026.04.13	01:17:15.727	0.58007	0.58009			6
2026.04.13	01:17:16.030	0.58008	0.58010			6
2026.04.13	01:17:16.330	0.58007	0.58009			6
2026.04.13	01:17:16.929	0.58005	0.58007			6
2026.04.13	01:17:17.231	0.58006	0.58008			6
2026.04.13	01:17:18.733	0.58007	0.58009			6
2026.04.13	01:17:19.939	0.58008	0.58010			6
2026.04.13	01:17:20.538	0.58007	0.58009			6
2026.04.13	01:17:21.137	0.58008	0.58010			6
2026.04.13	01:17:21.438	0.58007	0.58009			6
2026.04.13	01:17:24.140	0.58006	0.58008			6
2026.04.13	01:17:27.745	0.58005	0.58007			6
2026.04.13	01:17:31.650	0.58007	0.58009			6
2026.04.13	01:17:33.153	0.58008	0.58010			6
2026.04.13	01:17:33.754	0.58007	0.58009			6
2026.04.13	01:17:37.656	0.58013	0.58014			6
2026.04.13	01:17:37.954	0.58020	0.58022			6
2026.04.13	01:17:38.555	0.58019	0.58021			6
2026.04.13	01:17:39.158	0.58018	0.58022			6
2026.04.13	01:17:39.457	0.58019	0.58023			6
2026.04.13	01:17:39.757	0.58018	0.58022			6
2026.04.13	01:17:40.058	0.58019	0.58023			6
2026.04.13	01:17:40.961	0.58018	0.58022			6
2026.04.13	01:17:41.566	0.58019	0.58023			6
2026.04.13	01:17:41.859	0.58020	0.58024			6
2026.04.13	01:17:42.158	0.58019	0.58023			6
2026.04.13	01:17:43.064	0.58020	0.58024			6
2026.04.13	01:17:43.360	0.58023	0.58027			6
2026.04.13	01:17:44.262	0.58025	0.58028			6
2026.04.13	01:17:44.562	0.58026	0.58030			6
2026.04.13	01:17:45.763	0.58028				2
2026.04.13	01:17:46.062		0.58032			4
2026.04.13	01:17:46.362	0.58027	0.58031			6
2026.04.13	01:17:46.664	0.58028	0.58032			6
2026.04.13	01:17:46.964	0.58029	0.58033			6
2026.04.13	01:17:50.567	0.58028	0.58032			6
2026.04.13	01:17:52.667	0.58025	0.58029			6
2026.04.13	01:17:53.870	0.58024	0.58028			6
2026.04.13	01:17:54.774	0.58025	0.58029			6
2026.04.13	01:17:55.075	0.58024	0.58028			6
2026.04.13	01:17:55.375	0.58029	0.58033			6
2026.04.13	01:17:55.674	0.58030	0.58034			6
2026.04.13	01:17:55.976	0.58031	0.58035			6
2026.04.13	01:17:56.875	0.58032	0.58036			6
2026.04.13	01:17:57.175	0.58031	0.58035			6
2026.04.13	01:17:59.277	0.58030	0.58034			6
2026.04.13	01:17:59.878		0.58033			4
2026.04.13	01:18:00.177	0.58030				2
2026.04.13	01:18:00.478		0.58034			4
2026.04.13	01:18:00.778		0.58033			4
2026.04.13	01:18:01.979	0.58031				2
2026.04.13	01:18:02.280	0.58032	0.58036			6
2026.04.13	01:18:04.382	0.58031	0.58035			6
2026.04.13	01:18:04.984	0.58029	0.58033			6
2026.04.13	01:18:05.281	0.58027	0.58031			6
2026.04.13	01:18:05.581	0.58028	0.58032			6
2026.04.13	01:18:06.183	0.58027	0.58031			6
2026.04.13	01:18:06.480	0.58026	0.58030			6
2026.04.13	01:18:06.780	0.58027	0.58031			6
2026.04.13	01:18:07.686	0.58028	0.58032			6
2026.04.13	01:18:07.984	0.58027	0.58031			6
2026.04.13	01:18:08.585	0.58029	0.58033			6
2026.04.13	01:18:09.786	0.58028	0.58032			6
2026.04.13	01:18:10.984	0.58026	0.58030			6
2026.04.13	01:18:11.287	0.58025	0.58029			6
2026.04.13	01:18:11.889	0.58028	0.58032			6
2026.04.13	01:18:12.490	0.58029	0.58033			6
2026.04.13	01:18:13.092	0.58027	0.58031			6
2026.04.13	01:18:14.904	0.58026	0.58030			6
2026.04.13	01:18:15.204	0.58025	0.58029			6
2026.04.13	01:18:15.805	0.58024	0.58028			6
2026.04.13	01:18:16.703	0.58023	0.58027			6
2026.04.13	01:18:17.304		0.58026			4
2026.04.13	01:18:17.606		0.58027			4
2026.04.13	01:18:19.710		0.58026			4
2026.04.13	01:18:20.010		0.58027			4
2026.04.13	01:18:20.315	0.58024	0.58028			6
2026.04.13	01:18:20.612	0.58023	0.58027			6
2026.04.13	01:18:20.912	0.58021	0.58025			6
2026.04.13	01:18:21.213	0.58018	0.58022			6
2026.04.13	01:18:21.811	0.58020	0.58024			6
2026.04.13	01:18:22.413	0.58019	0.58023			6
2026.04.13	01:18:22.714	0.58018	0.58022			6
2026.04.13	01:18:23.918	0.58016	0.58020			6
2026.04.13	01:18:24.513	0.58018	0.58022			6
2026.04.13	01:18:26.320	0.58017	0.58021			6
2026.04.13	01:18:26.617	0.58018	0.58022			6
2026.04.13	01:18:26.918	0.58020	0.58024			6
2026.04.13	01:18:27.220	0.58019	0.58023			6
2026.04.13	01:18:27.520	0.58018	0.58022			6
2026.04.13	01:18:29.022	0.58019	0.58023			6
2026.04.13	01:18:30.821	0.58020	0.58024			6
2026.04.13	01:18:31.123	0.58019	0.58023			6
2026.04.13	01:18:32.023	0.58020	0.58024			6
2026.04.13	01:18:34.124	0.58019	0.58023			6
2026.04.13	01:18:34.425	0.58020	0.58024			6
2026.04.13	01:18:35.925	0.58019	0.58023			6
2026.04.13	01:18:36.526	0.58020	0.58024			6
2026.04.13	01:18:37.124	0.58021				2
2026.04.13	01:18:39.528	0.58020	0.58023			6
2026.04.13	01:18:39.831	0.58021	0.58024			6
2026.04.13	01:18:40.430	0.58020	0.58023			6
2026.04.13	01:18:40.730	0.58019	0.58022			6
2026.04.13	01:18:41.330	0.58021	0.58024			6
2026.04.13	01:18:43.130	0.58020	0.58023			6
2026.04.13	01:18:43.735	0.58018	0.58021			6
2026.04.13	01:18:44.033	0.58019	0.58022			6
2026.04.13	01:18:48.537	0.58018	0.58021			6
2026.04.13	01:18:48.838	0.58019	0.58022			6
2026.04.13	01:18:50.341		0.58021			4
2026.04.13	01:18:50.641	0.58018	0.58020			6
2026.04.13	01:18:51.842	0.58019	0.58022			6
2026.04.13	01:18:52.444	0.58020	0.58023			6
2026.04.13	01:18:53.947	0.58016	0.58019			6
2026.04.13	01:18:55.449	0.58015	0.58018			6
2026.04.13	01:18:55.745	0.58014	0.58017			6
2026.04.13	01:18:58.453	0.58013	0.58016			6
2026.04.13	01:18:59.952	0.58014	0.58017			6
2026.04.13	01:19:00.252	0.58015	0.58018			6
2026.04.13	01:19:01.455	0.58017	0.58020			6
2026.04.13	01:19:01.754	0.58019	0.58022			6
2026.04.13	01:19:02.052	0.58020	0.58023			6
2026.04.13	01:19:02.353	0.58019	0.58022			6
2026.04.13	01:19:04.757	0.58018	0.58021			6
2026.04.13	01:19:05.956	0.58019	0.58022			6
2026.04.13	01:19:06.257	0.58018	0.58021			6
2026.04.13	01:19:08.665	0.58016	0.58019			6
2026.04.13	01:19:08.965	0.58015	0.58018			6
2026.04.13	01:19:09.265	0.58017				2
2026.04.13	01:19:09.560	0.58019	0.58021			6
2026.04.13	01:19:09.862	0.58015	0.58018			6
2026.04.13	01:19:10.464	0.58014	0.58017			6
2026.04.13	01:19:11.965	0.58013	0.58016			6
2026.04.13	01:19:17.673	0.58010	0.58013			6
2026.04.13	01:19:17.971	0.58009	0.58012			6
2026.04.13	01:19:18.270	0.58010	0.58013			6
2026.04.13	01:19:18.871	0.58008	0.58011			6
2026.04.13	01:19:20.077	0.58002	0.58005			6
2026.04.13	01:19:20.373	0.58003	0.58006			6
2026.04.13	01:19:21.876	0.58004				2
2026.04.13	01:19:22.475	0.58003				2
2026.04.13	01:19:24.281	0.58002	0.58005			6
2026.04.13	01:19:24.582	0.58001	0.58004			6
2026.04.13	01:19:28.781	0.57998	0.58001			6
2026.04.13	01:19:29.084	0.57999	0.58002			6
2026.04.13	01:19:29.383	0.58000	0.58003			6
2026.04.13	01:19:32.383		0.58002			4
2026.04.13	01:19:32.987	0.57999	0.58000			6
2026.04.13	01:19:33.587		0.58002			4
2026.04.13	01:19:33.887	0.57998	0.58001			6
2026.04.13	01:19:34.186	0.57999	0.58002			6
2026.04.13	01:19:36.893	0.58002	0.58005			6
2026.04.13	01:19:37.191	0.57999	0.58002			6
2026.04.13	01:19:40.196		0.58001			4
2026.04.13	01:19:40.496	0.57998				2
2026.04.13	01:19:40.796	0.57999	0.58002			6
2026.04.13	01:19:42.897		0.58001			4
2026.04.13	01:19:43.497	0.57998				2
2026.04.13	01:19:43.798	0.57997	0.58000			6
2026.04.13	01:19:44.099	0.57998	0.58001			6
2026.04.13	01:19:44.999	0.57999	0.58002			6
2026.04.13	01:19:45.300	0.58000	0.58003			6
2026.04.13	01:19:49.808	0.58001	0.58004			6
2026.04.13	01:19:50.410	0.58000	0.58003			6
2026.04.13	01:19:51.615	0.58002	0.58005			6
2026.04.13	01:19:53.716	0.58001	0.58004			6
2026.04.13	01:19:56.721	0.57999	0.58002			6
2026.04.13	01:20:00.021	0.57999				2
2026.04.13	01:20:01.523	0.58002	0.58005			6
2026.04.13	01:20:02.123	0.58001	0.58004			6
2026.04.13	01:20:02.424	0.58000	0.58003			6
2026.04.13	01:20:03.322	0.58001	0.58004			6
2026.04.13	01:20:03.922	0.58000	0.58003			6
2026.04.13	01:20:07.227	0.57999	0.58002			6
2026.04.13	01:20:08.430	0.58000	0.58003			6
2026.04.13	01:20:08.725	0.57999	0.58002			6
2026.04.13	01:20:09.931	0.57993	0.57994			6
2026.04.13	01:20:10.230	0.57987	0.57990			6
2026.04.13	01:20:10.532	0.57990	0.57993			6
2026.04.13	01:20:11.129		0.57994			4
2026.04.13	01:20:12.337	0.57989	0.57993			6
2026.04.13	01:20:12.634	0.57988	0.57992			6
2026.04.13	01:20:14.132	0.57989	0.57993			6
2026.04.13	01:20:14.432	0.57988	0.57992			6
2026.04.13	01:20:14.731	0.57989	0.57993			6
2026.04.13	01:20:15.036		0.57991			4
2026.04.13	01:20:15.332	0.57986	0.57990			6
2026.04.13	01:20:15.633	0.57985	0.57989			6
2026.04.13	01:20:18.038	0.57984	0.57988			6
2026.04.13	01:20:18.637	0.57982	0.57986			6
2026.04.13	01:20:18.938	0.57981	0.57985			6
2026.04.13	01:20:19.838	0.57979	0.57983			6
2026.04.13	01:20:20.441	0.57980	0.57984			6
2026.04.13	01:20:21.045	0.57978	0.57981			6
2026.04.13	01:20:21.341	0.57977				2
2026.04.13	01:20:23.143	0.57979	0.57983			6
2026.04.13	01:20:24.649	0.57983	0.57987			6
2026.04.13	01:20:25.247	0.57982	0.57986			6
2026.04.13	01:20:25.550	0.57981	0.57985			6
2026.04.13	01:20:26.749	0.57980	0.57984			6
2026.04.13	01:20:27.349	0.57981	0.57985			6
2026.04.13	01:20:27.951	0.57983	0.57987			6
2026.04.13	01:20:29.450	0.57982	0.57986			6
2026.04.13	01:20:30.052	0.57983	0.57987			6
2026.04.13	01:20:33.052	0.57984	0.57988			6
2026.04.13	01:20:33.355	0.57989	0.57993			6
2026.04.13	01:20:36.656	0.57988	0.57992			6
2026.04.13	01:20:37.563	0.57989	0.57993			6
2026.04.13	01:20:37.858	0.57990	0.57994			6
2026.04.13	01:20:38.459	0.57989	0.57993			6
2026.04.13	01:20:39.360	0.57988	0.57992			6
2026.04.13	01:20:39.663	0.57989	0.57993			6
2026.04.13	01:20:40.264	0.57988	0.57992			6
2026.04.13	01:20:40.563	0.57989	0.57993			6
2026.04.13	01:20:48.973	0.57990	0.57994			6
2026.04.13	01:20:51.675	0.57989	0.57993			6
2026.04.13	01:20:53.477	0.57988	0.57992			6
2026.04.13	01:20:54.080	0.57984	0.57988			6
2026.04.13	01:20:55.582	0.57982	0.57986			6
2026.04.13	01:20:56.182	0.57980	0.57984			6
2026.04.13	01:20:59.182	0.57981	0.57985			6
2026.04.13	01:20:59.479	0.57980	0.57984			6
2026.04.13	01:21:00.083	0.57980				2
2026.04.13	01:21:00.381	0.57983	0.57987			6
2026.04.13	01:21:00.682	0.57982	0.57986			6
2026.04.13	01:21:01.284	0.57984	0.57988			6
2026.04.13	01:21:01.583	0.57983	0.57987			6
2026.04.13	01:21:01.885	0.57984	0.57988			6
2026.04.13	01:21:02.185	0.57983	0.57987			6
2026.04.13	01:21:02.786	0.57984	0.57988			6
2026.04.13	01:21:03.088	0.57983	0.57987			6
2026.04.13	01:21:08.209		0.57986			4
2026.04.13	01:21:09.112	0.57985	0.57988			6
2026.04.13	01:21:09.412	0.57984	0.57987			6
2026.04.13	01:21:10.918	0.57994	0.57997			6
2026.04.13	01:21:11.218	0.57995	0.57999			6
2026.04.13	01:21:11.519	0.57996	0.58000			6
2026.04.13	01:21:13.019	0.57995	0.57999			6
2026.04.13	01:21:14.220	0.57994	0.57998			6
2026.04.13	01:21:16.322	0.58000	0.58004			6
2026.04.13	01:21:16.620	0.58002	0.58005			6
2026.04.13	01:21:36.148	0.58000	0.58004			6
2026.04.13	01:21:39.749	0.58001	0.58005			6
2026.04.13	01:21:46.361		0.58004			4
2026.04.13	01:21:53.271	0.58002	0.58005			6
2026.04.13	01:21:53.571	0.58001	0.58004			6
2026.04.13	01:22:00.179	0.58001				2
2026.04.13	01:22:02.578	0.58002	0.58005			6
2026.04.13	01:22:02.877	0.58001	0.58004			6
2026.04.13	01:22:11.289	0.58000	0.58001			6
2026.04.13	01:22:11.586	0.57999				2
2026.04.13	01:22:12.190	0.57997	0.58000			6
2026.04.13	01:22:12.491	0.57994	0.57995			6
2026.04.13	01:22:12.788	0.57993				2
2026.04.13	01:22:13.085	0.57992				2
2026.04.13	01:22:14.290	0.57993	0.57996			6
2026.04.13	01:22:14.587	0.57991	0.57994			6
2026.04.13	01:22:17.597	0.57993				2
2026.04.13	01:22:17.897	0.57994	0.57997			6
2026.04.13	01:22:18.495	0.57993	0.57996			6
2026.04.13	01:22:19.998	0.57994	0.57997			6
2026.04.13	01:22:20.299	0.57995	0.57998			6
2026.04.13	01:22:20.600	0.57994	0.57997			6
2026.04.13	01:22:23.000	0.57995	0.57998			6
2026.04.13	01:22:23.301	0.57993	0.57996			6
2026.04.13	01:22:24.501	0.57992	0.57995			6
2026.04.13	01:22:24.803	0.57991	0.57994			6
2026.04.13	01:22:25.404	0.57996	0.57999			6
2026.04.13	01:22:26.004	0.57994	0.57997			6
2026.04.13	01:22:27.802	0.57992	0.57995			6
2026.04.13	01:22:28.105	0.57991	0.57994			6
2026.04.13	01:22:33.215	0.57990	0.57993			6
2026.04.13	01:22:33.513	0.57987	0.57990			6
2026.04.13	01:22:34.116	0.57986	0.57989			6
2026.04.13	01:22:34.719	0.57985	0.57988			6
2026.04.13	01:22:39.526	0.57986	0.57989			6
2026.04.13	01:22:42.224	0.57987	0.57990			6
2026.04.13	01:22:42.826	0.57986	0.57989			6
2026.04.13	01:22:43.728	0.57985	0.57988			6
2026.04.13	01:22:44.027	0.57986	0.57989			6
2026.04.13	01:22:44.925	0.57985	0.57988			6
2026.04.13	01:22:48.834	0.57987	0.57990			6
2026.04.13	01:22:49.131	0.57986	0.57989			6
2026.04.13	01:22:54.536	0.57987	0.57990			6
2026.04.13	01:22:54.836	0.57986	0.57989			6
2026.04.13	01:22:55.136	0.57987	0.57990			6
2026.04.13	01:22:57.238	0.57988	0.57991			6
2026.04.13	01:22:58.141	0.57987	0.57990			6
2026.04.13	01:22:59.345	0.57986	0.57989			6
2026.04.13	01:23:00.246	0.57986				2
2026.04.13	01:23:00.543	0.57988	0.57991			6
2026.04.13	01:23:00.844	0.57989	0.57992			6
2026.04.13	01:23:01.144	0.57991	0.57994			6
2026.04.13	01:23:02.647	0.57990	0.57993			6
2026.04.13	01:23:03.547	0.57987	0.57990			6
2026.04.13	01:23:04.446	0.57989	0.57992			6
2026.04.13	01:23:05.948	0.57990	0.57993			6
2026.04.13	01:23:06.852	0.57992	0.57995			6
2026.04.13	01:23:07.153	0.57993	0.57996			6
2026.04.13	01:23:07.452	0.57992	0.57995			6
2026.04.13	01:23:07.751	0.57993	0.57996			6
2026.04.13	01:23:08.052	0.57994	0.57997			6
2026.04.13	01:23:08.655	0.57995	0.57998			6
2026.04.13	01:23:08.956	0.57994	0.57997			6
2026.04.13	01:23:09.253	0.57993	0.57996			6
2026.04.13	01:23:09.556	0.57992	0.57995			6
2026.04.13	01:23:10.753	0.57993	0.57996			6
2026.04.13	01:23:14.960	0.57991	0.57994			6
2026.04.13	01:23:16.762	0.57992	0.57995			6
2026.04.13	01:23:17.665	0.57993	0.57996			6
2026.04.13	01:23:17.965	0.57994	0.57997			6
2026.04.13	01:23:18.268	0.57995	0.57998			6
2026.04.13	01:23:19.167	0.57994	0.57997			6
2026.04.13	01:23:21.567	0.57995	0.57998			6
2026.04.13	01:23:25.174	0.57993	0.57996			6
2026.04.13	01:23:26.669	0.57992	0.57995			6
2026.04.13	01:23:26.970	0.57993	0.57996			6
2026.04.13	01:23:28.471	0.57990	0.57993			6
2026.04.13	01:23:29.074	0.57989	0.57992			6
2026.04.13	01:23:29.373	0.57990	0.57993			6
2026.04.13	01:23:29.670	0.57989	0.57992			6
2026.04.13	01:23:32.378	0.57991	0.57994			6
2026.04.13	01:23:32.677	0.57992	0.57995			6
2026.04.13	01:23:32.979	0.57993	0.57996			6
2026.04.13	01:23:33.277	0.57992	0.57995			6
2026.04.13	01:23:34.181	0.57993	0.57996			6
2026.04.13	01:23:35.078	0.57991	0.57994			6
2026.04.13	01:23:35.684	0.57995	0.57998			6
2026.04.13	01:23:35.979	0.57996	0.57999			6
2026.04.13	01:23:36.881	0.57994	0.57997			6
2026.04.13	01:23:37.184	0.57993	0.57996			6
2026.04.13	01:23:38.383	0.57992				2
2026.04.13	01:23:39.281		0.57995			4
2026.04.13	01:23:41.680	0.57993	0.57996			6
2026.04.13	01:23:41.982	0.57992	0.57995			6
2026.04.13	01:23:42.882	0.57993	0.57996			6
2026.04.13	01:23:43.187	0.57991	0.57994			6
2026.04.13	01:23:44.090	0.57993	0.57996			6
2026.04.13	01:23:50.096	0.57992	0.57995			6
2026.04.13	01:23:51.298	0.57995	0.57998			6
2026.04.13	01:23:51.897	0.57997	0.58000			6
2026.04.13	01:23:52.498	0.57996	0.57999			6
2026.04.13	01:23:53.098	0.57997				2
2026.04.13	01:23:54.598	0.57996				2
2026.04.13	01:23:54.898	0.57997				2
2026.04.13	01:23:55.201	0.57996				2
2026.04.13	01:23:55.499	0.57997				2
2026.04.13	01:23:56.696		0.58000			4
2026.04.13	01:23:57.004	0.57998	0.58001			6
2026.04.13	01:24:00.013	0.57998				2
2026.04.13	01:24:02.108		0.58000			4
2026.04.13	01:24:02.407	0.57994	0.57997			6
2026.04.13	01:24:02.707	0.57993	0.57996			6
2026.04.13	01:24:06.312	0.57994	0.57997			6
2026.04.13	01:24:11.423	0.57995	0.57998			6
2026.04.13	01:24:12.623	0.57994	0.57997			6
2026.04.13	01:24:14.423	0.57995	0.57998			6
2026.04.13	01:24:15.328	0.57996	0.57999			6
2026.04.13	01:24:19.228		0.57998			4
2026.04.13	01:24:25.234	0.57995	0.57997			6
2026.04.13	01:24:27.038	0.57996	0.57998			6
2026.04.13	01:24:30.039	0.57995	0.57997			6
2026.04.13	01:24:31.538	0.57996	0.57998			6
2026.04.13	01:24:33.038	0.57995	0.57997			6
2026.04.13	01:24:33.639	0.57996	0.57998			6
2026.04.13	01:24:33.941	0.57997	0.57999			6
2026.04.13	01:24:36.343	0.57995	0.57997			6
2026.04.13	01:24:38.445	0.57998	0.58000			6
2026.04.13	01:24:38.743	0.57999	0.58001			6
2026.04.13	01:24:39.346	0.57998	0.58000			6
2026.04.13	01:24:41.749	0.57997	0.57999			6
2026.04.13	01:24:47.150	0.57998	0.58000			6
2026.04.13	01:24:54.661	0.57997	0.57999			6
2026.04.13	01:24:54.961	0.57998	0.58000			6
2026.04.13	01:24:58.568		0.57999			4
2026.04.13	01:24:58.869	0.57994	0.57996			6
2026.04.13	01:24:59.767	0.57993	0.57995			6
2026.04.13	01:25:00.071	0.57993				2
2026.04.13	01:25:00.366	0.57994	0.57996			6
2026.04.13	01:25:02.172	0.57995	0.57997			6
2026.04.13	01:25:05.184	0.57996	0.57998			6
2026.04.13	01:25:05.481	0.57997	0.57999			6
2026.04.13	01:25:10.292	0.57996	0.57998			6
2026.04.13	01:25:10.889	0.57995	0.57997			6
2026.04.13	01:25:18.708	0.57996	0.57998			6
2026.04.13	01:25:19.608	0.57994	0.57996			6
2026.04.13	01:25:20.811	0.57992	0.57994			6
2026.04.13	01:25:28.321	0.57991	0.57993			6
2026.04.13	01:25:30.423	0.57992	0.57994			6
2026.04.13	01:25:34.323	0.57991	0.57993			6
2026.04.13	01:25:39.430	0.57990	0.57992			6
2026.04.13	01:25:40.937	0.57991				2
2026.04.13	01:25:42.441		0.57993			4
2026.04.13	01:25:45.145	0.57990	0.57992			6
2026.04.13	01:25:48.147	0.57991	0.57993			6
2026.04.13	01:25:49.050	0.57988	0.57990			6
2026.04.13	01:25:50.252		0.57989			4
2026.04.13	01:25:51.752		0.57990			4
2026.04.13	01:26:00.161	0.57988				2
2026.04.13	01:26:02.565	0.57989	0.57991			6
2026.04.13	01:26:02.864	0.57988	0.57990			6
2026.04.13	01:26:09.177	0.57987	0.57989			6
2026.04.13	01:26:09.776	0.57986	0.57988			6
2026.04.13	01:26:10.677	0.57987	0.57989			6
2026.04.13	01:26:11.279		0.57988			4
2026.04.13	01:26:12.479	0.57983	0.57985			6
2026.04.13	01:26:13.381	0.57982	0.57984			6
2026.04.13	01:26:13.677	0.57983	0.57985			6
2026.04.13	01:26:13.980	0.57985	0.57987			6
2026.04.13	01:26:16.084	0.57984	0.57986			6
2026.04.13	01:26:16.382	0.57985	0.57987			6
2026.04.13	01:26:18.790	0.57986	0.57988			6
2026.04.13	01:26:19.389	0.57987	0.57989			6
2026.04.13	01:26:20.892	0.57990	0.57992			6
2026.04.13	01:26:21.189	0.57991	0.57993			6
2026.04.13	01:26:21.790	0.57990	0.57992			6
2026.04.13	01:26:22.390		0.57993			4
2026.04.13	01:26:23.294	0.57991				2
2026.04.13	01:26:25.096	0.57992	0.57994			6
2026.04.13	01:26:27.204		0.57993			4
2026.04.13	01:26:27.504		0.57994			4
2026.04.13	01:26:33.819	0.57990	0.57992			6
2026.04.13	01:26:35.019	0.57989	0.57991			6
2026.04.13	01:26:35.919	0.57986	0.57988			6
2026.04.13	01:26:36.520	0.57985	0.57987			6
2026.04.13	01:26:37.120	0.57984				2
2026.04.13	01:26:41.326	0.57985				2
2026.04.13	01:26:43.424	0.57984	0.57985			6
2026.04.13	01:26:43.726	0.57982	0.57984			6
2026.04.13	01:26:44.323	0.57981				2
2026.04.13	01:26:48.233	0.57980	0.57983			6
2026.04.13	01:26:49.134	0.57981				2
2026.04.13	01:26:56.945	0.57980	0.57982			6
2026.04.13	01:27:00.254	0.57980				2
2026.04.13	01:27:01.755	0.57981	0.57983			6
2026.04.13	01:27:11.966	0.57985	0.57987			6
2026.04.13	01:27:12.269	0.57984	0.57986			6
2026.04.13	01:27:13.169	0.57985	0.57987			6
2026.04.13	01:27:14.370	0.57983	0.57985			6
2026.04.13	01:27:14.666	0.57982	0.57984			6
2026.04.13	01:27:16.775	0.57981	0.57983			6
2026.04.13	01:27:19.477	0.57978	0.57980			6
2026.04.13	01:27:19.776	0.57977	0.57979			6
2026.04.13	01:27:20.382		0.57980			4
2026.04.13	01:27:21.879		0.57979			4
2026.04.13	01:27:24.583	0.57979	0.57982			6
2026.04.13	01:27:26.688	0.57977	0.57980			6
2026.04.13	01:27:36.900	0.57976	0.57979			6
2026.04.13	01:27:37.200	0.57977				2
2026.04.13	01:27:41.407	0.57976	0.57978			6
2026.04.13	01:27:42.309	0.57977	0.57979			6
2026.04.13	01:27:44.708	0.57976	0.57978			6
2026.04.13	01:27:45.010	0.57973	0.57975			6
2026.04.13	01:27:45.309	0.57976	0.57978			6
2026.04.13	01:27:55.222	0.57975	0.57977			6
2026.04.13	01:27:56.425	0.57974	0.57976			6
2026.04.13	01:27:57.626	0.57972	0.57974			6
2026.04.13	01:27:57.923	0.57971	0.57973			6
2026.04.13	01:27:58.522	0.57970	0.57972			6
2026.04.13	01:27:59.726	0.57962	0.57964			6
2026.04.13	01:28:00.033	0.57959	0.57961			6
2026.04.13	01:28:00.329		0.57963			4
2026.04.13	01:28:00.625	0.57964	0.57968			6
2026.04.13	01:28:00.925	0.57965	0.57969			6
2026.04.13	01:28:01.225	0.57964	0.57968			6
2026.04.13	01:28:08.436	0.57962	0.57966			6
2026.04.13	01:28:08.733	0.57963	0.57967			6
2026.04.13	01:28:10.838	0.57960	0.57964			6
2026.04.13	01:28:11.134	0.57959	0.57963			6
2026.04.13	01:28:16.244	0.57960	0.57964			6
2026.04.13	01:28:16.540	0.57962	0.57966			6
2026.04.13	01:28:16.844	0.57960	0.57964			6
2026.04.13	01:28:21.049	0.57961	0.57965			6
2026.04.13	01:28:22.248	0.57959	0.57963			6
2026.04.13	01:28:25.851	0.57958	0.57962			6
2026.04.13	01:28:26.154	0.57960	0.57964			6
2026.04.13	01:28:33.362	0.57961				2
2026.04.13	01:28:35.167	0.57959	0.57962			6
2026.04.13	01:28:35.465	0.57958	0.57961			6
2026.04.13	01:28:35.766	0.57959	0.57962			6
2026.04.13	01:28:36.069	0.57958	0.57961			6
2026.04.13	01:28:36.366	0.57959	0.57962			6
2026.04.13	01:28:36.668	0.57960	0.57963			6
2026.04.13	01:28:36.965	0.57961	0.57964			6
2026.04.13	01:28:38.470	0.57960	0.57963			6
2026.04.13	01:28:41.477	0.57961	0.57964			6
2026.04.13	01:28:43.578	0.57959	0.57962			6
2026.04.13	01:28:43.880	0.57960	0.57963			6
2026.04.13	01:28:44.180	0.57961	0.57964			6
2026.04.13	01:28:45.683	0.57964	0.57967			6
2026.04.13	01:28:45.978	0.57963	0.57966			6
2026.04.13	01:28:46.578	0.57964	0.57967			6
2026.04.13	01:28:48.385	0.57963	0.57966			6
2026.04.13	01:28:48.683	0.57964	0.57967			6
2026.04.13	01:28:48.983	0.57962	0.57965			6
2026.04.13	01:28:49.280	0.57961	0.57964			6
2026.04.13	01:28:49.583	0.57963	0.57966			6
2026.04.13	01:28:51.996	0.57964	0.57967			6
2026.04.13	01:28:53.202	0.57963	0.57966			6
2026.04.13	01:28:53.502	0.57964	0.57967			6
2026.04.13	01:28:54.404	0.57963	0.57966			6
2026.04.13	01:28:54.703	0.57962	0.57965			6
2026.04.13	01:28:55.607	0.57960	0.57963			6
2026.04.13	01:28:56.206	0.57961	0.57964			6
2026.04.13	01:28:56.504	0.57960	0.57963			6
2026.04.13	01:28:57.708	0.57961	0.57964			6
2026.04.13	01:29:00.115	0.57961				2
2026.04.13	01:29:00.414	0.57963	0.57966			6
2026.04.13	01:29:00.715	0.57965	0.57968			6
2026.04.13	01:29:01.315		0.57969			4
2026.04.13	01:29:02.212		0.57968			4
2026.04.13	01:29:02.515	0.57964	0.57967			6
2026.04.13	01:29:02.815	0.57963	0.57966			6
2026.04.13	01:29:03.118		0.57967			4
2026.04.13	01:29:04.315	0.57964				2
2026.04.13	01:29:04.918	0.57965	0.57968			6
2026.04.13	01:29:05.218		0.57969			4
2026.04.13	01:29:06.418		0.57968			4
2026.04.13	01:29:07.619	0.57964	0.57967			6
2026.04.13	01:29:07.917	0.57965	0.57968			6
2026.04.13	01:29:10.021	0.57964	0.57967			6
2026.04.13	01:29:10.320	0.57962	0.57965			6
2026.04.13	01:29:10.620	0.57961	0.57964			6
2026.04.13	01:29:10.921	0.57960	0.57963			6
2026.04.13	01:29:11.222		0.57964			4
2026.04.13	01:29:13.325		0.57963			4
2026.04.13	01:29:18.431	0.57959	0.57962			6
2026.04.13	01:29:19.327	0.57960	0.57963			6
2026.04.13	01:29:19.626	0.57959	0.57962			6
2026.04.13	01:29:19.928	0.57960	0.57963			6
2026.04.13	01:29:20.528	0.57961	0.57964			6
2026.04.13	01:29:20.837	0.57956	0.57959			6
2026.04.13	01:29:21.134	0.57953	0.57957			6
2026.04.13	01:29:21.428	0.57955	0.57959			6
2026.04.13	01:29:22.033	0.57954	0.57958			6
2026.04.13	01:29:22.332	0.57953	0.57957			6
2026.04.13	01:29:22.629	0.57954	0.57958			6
2026.04.13	01:29:23.227	0.57955	0.57959			6
2026.04.13	01:29:23.834	0.57954	0.57958			6
2026.04.13	01:29:25.330	0.57955	0.57959			6
2026.04.13	01:29:26.236	0.57957	0.57961			6
2026.04.13	01:29:27.432	0.57960	0.57964			6
2026.04.13	01:29:28.035	0.57961	0.57965			6
2026.04.13	01:29:29.534	0.57960	0.57964			6
2026.04.13	01:29:30.135	0.57962	0.57966			6
2026.04.13	01:29:31.037	0.57964	0.57968			6
2026.04.13	01:29:31.338	0.57966	0.57970			6
2026.04.13	01:29:31.640	0.57967	0.57971			6
2026.04.13	01:29:31.936	0.57964	0.57968			6
2026.04.13	01:29:32.537	0.57966	0.57970			6
2026.04.13	01:29:33.441	0.57967	0.57971			6
2026.04.13	01:29:33.738	0.57968	0.57972			6
2026.04.13	01:29:34.343	0.57967	0.57971			6
2026.04.13	01:29:34.644	0.57968	0.57972			6
2026.04.13	01:29:35.540	0.57967	0.57971			6
2026.04.13	01:29:35.845	0.57968	0.57972			6
2026.04.13	01:29:36.745	0.57967	0.57971			6
2026.04.13	01:29:39.748	0.57965	0.57969			6
2026.04.13	01:29:40.348	0.57966	0.57970			6
2026.04.13	01:29:40.952	0.57965	0.57969			6
2026.04.13	01:29:41.550	0.57963	0.57967			6
2026.04.13	01:29:43.054	0.57962	0.57966			6
2026.04.13	01:29:43.350	0.57963	0.57967			6
2026.04.13	01:29:46.055	0.57964	0.57968			6
2026.04.13	01:29:46.660	0.57965	0.57969			6
2026.04.13	01:29:46.956	0.57964	0.57968			6
2026.04.13	01:29:47.258		0.57967			4
2026.04.13	01:29:47.860	0.57965	0.57968			6
2026.04.13	01:29:48.763	0.57966	0.57969			6
2026.04.13	01:29:56.569	0.57965	0.57968			6
2026.04.13	01:29:56.867	0.57966	0.57969			6
2026.04.13	01:30:00.180	0.57966				2
2026.04.13	01:30:00.479	0.57968	0.57971			6
2026.04.13	01:30:00.780	0.57970	0.57973			6
2026.04.13	01:30:02.583	0.57972	0.57975			6
2026.04.13	01:30:02.882	0.57968	0.57971			6
2026.04.13	01:30:03.182	0.57965	0.57968			6
2026.04.13	01:30:03.483	0.57964	0.57967			6
2026.04.13	01:30:03.782	0.57966	0.57969			6
2026.04.13	01:30:04.085	0.57965	0.57968			6
2026.04.13	01:30:04.386	0.57966	0.57969			6
2026.04.13	01:30:05.288	0.57964	0.57967			6
2026.04.13	01:30:06.489	0.57965	0.57968			6
2026.04.13	01:30:06.786	0.57966	0.57969			6
2026.04.13	01:30:10.699	0.57962	0.57965			6
2026.04.13	01:30:12.202	0.57960	0.57964			6
2026.04.13	01:30:13.104	0.57961	0.57965			6
2026.04.13	01:30:14.303	0.57963				2
2026.04.13	01:30:14.607	0.57965	0.57969			6
2026.04.13	01:30:15.206	0.57966				2
2026.04.13	01:30:16.407		0.57970			4
2026.04.13	01:30:17.005	0.57965	0.57969			6
2026.04.13	01:30:17.307	0.57966	0.57970			6
2026.04.13	01:30:17.910	0.57965	0.57969			6
2026.04.13	01:30:18.206	0.57966	0.57970			6
2026.04.13	01:30:19.110	0.57967	0.57971			6
2026.04.13	01:30:20.310	0.57968				2
2026.04.13	01:30:20.613	0.57970	0.57974			6
2026.04.13	01:30:20.913	0.57969	0.57973			6
2026.04.13	01:30:21.211	0.57970	0.57974			6
2026.04.13	01:30:21.811	0.57971	0.57975			6
2026.04.13	01:30:23.312	0.57973	0.57977			6
2026.04.13	01:30:24.815	0.57971	0.57975			6
2026.04.13	01:30:25.114	0.57969	0.57973			6
2026.04.13	01:30:25.418	0.57968	0.57972			6
2026.04.13	01:30:26.617	0.57969	0.57973			6
2026.04.13	01:30:27.516	0.57965	0.57969			6
2026.04.13	01:30:28.418	0.57966				2
2026.04.13	01:30:29.322	0.57963	0.57967			6
2026.04.13	01:30:29.625	0.57964	0.57968			6
2026.04.13	01:30:30.227	0.57965	0.57969			6
2026.04.13	01:30:34.728	0.57966	0.57970			6
2026.04.13	01:30:35.036	0.57965	0.57966			6
2026.04.13	01:30:35.329	0.57961	0.57965			6
2026.04.13	01:30:36.231	0.57960	0.57964			6
2026.04.13	01:30:37.134		0.57963			4
2026.04.13	01:30:37.431	0.57958	0.57962			6
2026.04.13	01:30:38.032	0.57959	0.57963			6
2026.04.13	01:30:38.331	0.57958	0.57962			6
2026.04.13	01:30:40.135	0.57959	0.57963			6
2026.04.13	01:30:40.736	0.57961	0.57964			6
2026.04.13	01:30:41.037	0.57963	0.57967			6
2026.04.13	01:30:41.334	0.57962	0.57966			6
2026.04.13	01:30:41.638	0.57963	0.57967			6
2026.04.13	01:30:41.935	0.57961	0.57965			6
2026.04.13	01:30:42.238	0.57959	0.57963			6
2026.04.13	01:30:44.938	0.57960	0.57964			6
2026.04.13	01:30:47.038	0.57959	0.57963			6
2026.04.13	01:30:47.943	0.57958	0.57962			6
2026.04.13	01:30:49.144	0.57959	0.57963			6
2026.04.13	01:30:50.044	0.57958	0.57962			6
2026.04.13	01:30:50.643	0.57959	0.57963			6
2026.04.13	01:30:51.547	0.57958	0.57962			6
2026.04.13	01:30:51.847	0.57957	0.57961			6
2026.04.13	01:30:52.441	0.57956	0.57960			6
2026.04.13	01:30:52.744	0.57957	0.57961			6
2026.04.13	01:30:53.646	0.57958	0.57962			6
2026.04.13	01:30:53.946	0.57959	0.57963			6
2026.04.13	01:30:56.050	0.57958	0.57962			6
2026.04.13	01:30:56.346	0.57960	0.57964			6
2026.04.13	01:30:56.647	0.57959	0.57963			6
2026.04.13	01:30:56.949	0.57960	0.57964			6
2026.04.13	01:30:57.250	0.57959	0.57963			6
2026.04.13	01:30:59.351	0.57960	0.57964			6
2026.04.13	01:31:00.255	0.57961	0.57965			6
2026.04.13	01:31:00.552	0.57957	0.57961			6
2026.04.13	01:31:00.852	0.57956	0.57960			6
2026.04.13	01:31:01.157	0.57955	0.57959			6
2026.04.13	01:31:01.455	0.57958	0.57962			6
2026.04.13	01:31:01.753	0.57959	0.57963			6
2026.04.13	01:31:02.055	0.57958	0.57962			6
2026.04.13	01:31:02.350	0.57959	0.57963			6
2026.04.13	01:31:02.955	0.57957	0.57961			6
2026.04.13	01:31:04.153	0.57958	0.57962			6
2026.04.13	01:31:04.754	0.57957	0.57961			6
2026.04.13	01:31:05.056	0.57958	0.57962			6
2026.04.13	01:31:05.355	0.57959	0.57963			6
2026.04.13	01:31:05.657	0.57958	0.57962			6
2026.04.13	01:31:06.557	0.57960	0.57964			6
2026.04.13	01:31:06.858	0.57961	0.57965			6
2026.04.13	01:31:09.865	0.57960	0.57964			6
2026.04.13	01:31:11.063	0.57961	0.57965			6
2026.04.13	01:31:11.363	0.57960	0.57964			6
2026.04.13	01:31:11.662	0.57961				2
2026.04.13	01:31:11.961	0.57960				2
2026.04.13	01:31:14.967	0.57959	0.57963			6
2026.04.13	01:31:16.166	0.57960	0.57964			6
2026.04.13	01:31:17.370	0.57961	0.57965			6
2026.04.13	01:31:17.667	0.57962	0.57966			6
2026.04.13	01:31:17.968	0.57963	0.57967			6
2026.04.13	01:31:18.269	0.57962	0.57966			6
2026.04.13	01:31:18.869		0.57965			4
2026.04.13	01:31:19.168		0.57966			4
2026.04.13	01:31:19.772	0.57961	0.57965			6
2026.04.13	01:31:20.073	0.57962	0.57966			6
2026.04.13	01:31:20.673	0.57963				2
2026.04.13	01:31:20.974	0.57964	0.57968			6
2026.04.13	01:31:21.578	0.57963	0.57966			6
2026.04.13	01:31:21.878	0.57962				2
2026.04.13	01:31:22.173	0.57961	0.57965			6
2026.04.13	01:31:22.477	0.57962	0.57966			6
2026.04.13	01:31:25.780	0.57963				2
2026.04.13	01:31:26.079	0.57962				2
2026.04.13	01:31:27.285	0.57963	0.57967			6
2026.04.13	01:31:29.081	0.57964	0.57968			6
2026.04.13	01:31:29.383	0.57962	0.57966			6
2026.04.13	01:31:29.684	0.57965	0.57969			6
2026.04.13	01:31:29.986	0.57964	0.57968			6
2026.04.13	01:31:31.790	0.57965	0.57969			6
2026.04.13	01:31:32.092	0.57966	0.57970			6
2026.04.13	01:31:32.688	0.57965	0.57969			6
2026.04.13	01:31:34.489		0.57968			4
2026.04.13	01:31:35.094		0.57969			4
2026.04.13	01:31:36.891	0.57963	0.57967			6
2026.04.13	01:31:38.996	0.57964	0.57968			6
2026.04.13	01:31:39.296	0.57965				2
2026.04.13	01:31:39.897	0.57964	0.57967			6
2026.04.13	01:31:43.202	0.57963	0.57966			6
2026.04.13	01:31:44.100	0.57964	0.57967			6
2026.04.13	01:31:44.401	0.57965	0.57968			6
2026.04.13	01:31:45.603	0.57964	0.57967			6
2026.04.13	01:31:47.403	0.57963	0.57966			6
2026.04.13	01:31:48.607	0.57964	0.57967			6
2026.04.13	01:31:48.904	0.57965	0.57968			6
2026.04.13	01:31:49.203	0.57964	0.57967			6
2026.04.13	01:31:49.801	0.57965	0.57968			6
2026.04.13	01:31:52.205	0.57966	0.57969			6
2026.04.13	01:31:52.507	0.57967	0.57970			6
2026.04.13	01:31:53.106	0.57968	0.57971			6
2026.04.13	01:31:53.407	0.57970	0.57973			6
2026.04.13	01:31:54.006	0.57969	0.57972			6
2026.04.13	01:31:54.910	0.57968	0.57971			6
2026.04.13	01:31:56.410	0.57967	0.57970			6
2026.04.13	01:31:57.919	0.57966	0.57969			6
2026.04.13	01:31:58.215	0.57968	0.57971			6
2026.04.13	01:31:59.117	0.57969	0.57972			6
2026.04.13	01:32:00.018	0.57969				2
2026.04.13	01:32:02.731	0.57968	0.57971			6
2026.04.13	01:32:03.018	0.57966	0.57969			6
2026.04.13	01:32:09.326	0.57969	0.57972			6
2026.04.13	01:32:09.623	0.57968	0.57971			6
2026.04.13	01:32:09.926	0.57970	0.57973			6
2026.04.13	01:32:11.425	0.57971	0.57974			6
2026.04.13	01:32:11.725	0.57973	0.57976			6
2026.04.13	01:32:12.027	0.57974	0.57977			6
2026.04.13	01:32:12.327	0.57972	0.57975			6
2026.04.13	01:32:15.932	0.57971	0.57974			6
2026.04.13	01:32:16.233	0.57970	0.57973			6
2026.04.13	01:32:18.034	0.57973	0.57976			6
2026.04.13	01:32:21.348	0.57974				2
2026.04.13	01:32:21.644	0.57975	0.57978			6
2026.04.13	01:32:21.944	0.57974	0.57977			6
2026.04.13	01:32:22.245	0.57973	0.57976			6
2026.04.13	01:32:22.544	0.57974				2
2026.04.13	01:32:22.845	0.57975	0.57978			6
2026.04.13	01:32:23.142	0.57974	0.57977			6
2026.04.13	01:32:23.449	0.57975				2
2026.04.13	01:32:23.745		0.57978			4
2026.04.13	01:32:24.347	0.57974	0.57977			6
2026.04.13	01:32:24.645	0.57975	0.57978			6
2026.04.13	01:32:25.548	0.57974	0.57977			6
2026.04.13	01:32:26.747	0.57975	0.57978			6
2026.04.13	01:32:29.446	0.57978	0.57981			6
2026.04.13	01:32:30.948	0.57977	0.57980			6
2026.04.13	01:32:31.548	0.57976	0.57979			6
2026.04.13	01:32:32.149	0.57977	0.57980			6
2026.04.13	01:32:32.450	0.57978	0.57981			6
2026.04.13	01:32:33.351	0.57969	0.57972			6
2026.04.13	01:32:34.254	0.57968				2
2026.04.13	01:32:35.755	0.57967	0.57971			6
2026.04.13	01:32:36.052	0.57964	0.57968			6
2026.04.13	01:32:36.353	0.57963	0.57967			6
2026.04.13	01:32:37.556	0.57962	0.57966			6
2026.04.13	01:32:39.063	0.57963	0.57967			6
2026.04.13	01:32:40.558	0.57962	0.57966			6
2026.04.13	01:32:41.162	0.57963	0.57967			6
2026.04.13	01:32:41.762		0.57965			4
2026.04.13	01:32:42.063		0.57967			4
2026.04.13	01:32:48.969	0.57964	0.57968			6
2026.04.13	01:32:52.872	0.57963	0.57967			6
2026.04.13	01:32:53.172	0.57964	0.57968			6
2026.04.13	01:32:55.573	0.57965	0.57969			6
2026.04.13	01:32:56.176	0.57969	0.57973			6
2026.04.13	01:32:56.477	0.57971	0.57975			6
2026.04.13	01:32:56.774	0.57970	0.57974			6
2026.04.13	01:33:00.079	0.57970				2
2026.04.13	01:33:01.583	0.57971	0.57975			6
2026.04.13	01:33:02.181	0.57970	0.57974			6
2026.04.13	01:33:03.082		0.57971			4
2026.04.13	01:33:03.383		0.57974			4
2026.04.13	01:33:07.590	0.57971	0.57975			6
2026.04.13	01:33:08.793	0.57970	0.57974			6
2026.04.13	01:33:11.195	0.57971	0.57975			6
2026.04.13	01:33:11.797	0.57972	0.57976			6
2026.04.13	01:33:12.695	0.57973	0.57977			6
2026.04.13	01:33:12.998	0.57974	0.57978			6
2026.04.13	01:33:13.296	0.57975	0.57979			6
2026.04.13	01:33:14.505	0.57971	0.57975			6
2026.04.13	01:33:18.708	0.57973	0.57976			6
2026.04.13	01:33:19.012	0.57974	0.57978			6
2026.04.13	01:33:19.316	0.57975	0.57979			6
2026.04.13	01:33:19.612	0.57973	0.57977			6
2026.04.13	01:33:19.914	0.57972	0.57976			6
2026.04.13	01:33:20.215	0.57973	0.57977			6
2026.04.13	01:33:21.115	0.57974	0.57978			6
2026.04.13	01:33:21.716	0.57975	0.57979			6
2026.04.13	01:33:22.319	0.57974	0.57978			6
2026.04.13	01:33:22.615		0.57977			4
2026.04.13	01:33:22.917		0.57978			4
2026.04.13	01:33:23.216	0.57975	0.57979			6
2026.04.13	01:33:25.022	0.57976	0.57980			6
2026.04.13	01:33:25.319	0.57978	0.57982			6
2026.04.13	01:33:27.122	0.57977	0.57981			6
2026.04.13	01:33:29.527	0.57975	0.57979			6
2026.04.13	01:33:31.324	0.57974	0.57977			6
2026.04.13	01:33:31.626	0.57972	0.57976			6
2026.04.13	01:33:31.928	0.57971	0.57975			6
2026.04.13	01:33:32.228	0.57973	0.57977			6
2026.04.13	01:33:33.132	0.57972	0.57976			6
2026.04.13	01:33:34.933	0.57973	0.57977			6
2026.04.13	01:33:37.336	0.57974				2
2026.04.13	01:33:39.134		0.57976			4
2026.04.13	01:33:39.737		0.57977			4
2026.04.13	01:33:40.938	0.57976	0.57979			6
2026.04.13	01:33:42.140		0.57980			4
2026.04.13	01:33:42.444	0.57977	0.57981			6
2026.04.13	01:33:43.048	0.57981	0.57985			6
2026.04.13	01:33:43.342		0.57984			4
2026.04.13	01:33:43.644	0.57982	0.57985			6
2026.04.13	01:33:44.243	0.57981				2
2026.04.13	01:33:44.846	0.57982	0.57986			6
2026.04.13	01:33:45.744	0.57981	0.57985			6
2026.04.13	01:33:46.647	0.57982	0.57986			6
2026.04.13	01:33:48.752	0.57983	0.57987			6
2026.04.13	01:33:50.252	0.57982	0.57986			6
2026.04.13	01:33:53.255	0.57983				2
2026.04.13	01:33:54.456	0.57986	0.57989			6
2026.04.13	01:33:55.056	0.57987	0.57990			6
2026.04.13	01:33:55.357		0.57991			4
2026.04.13	01:33:56.262	0.57986	0.57990			6
2026.04.13	01:33:56.856	0.57985	0.57989			6
2026.04.13	01:33:57.159	0.57986	0.57990			6
2026.04.13	01:33:57.458	0.57985	0.57989			6
2026.04.13	01:33:58.358	0.57986	0.57990			6
2026.04.13	01:33:59.863	0.57987	0.57991			6
2026.04.13	01:34:00.160	0.57987				2
2026.04.13	01:34:00.462	0.57986	0.57990			6
2026.04.13	01:34:01.062	0.57985	0.57989			6
2026.04.13	01:34:03.165	0.57981	0.57985			6
2026.04.13	01:34:03.464	0.57980	0.57984			6
2026.04.13	01:34:04.664	0.57981	0.57985			6
2026.04.13	01:34:05.264	0.57983	0.57987			6
2026.04.13	01:34:05.864	0.57985	0.57989			6
2026.04.13	01:34:07.965	0.57982	0.57986			6
2026.04.13	01:34:09.769	0.57983	0.57987			6
2026.04.13	01:34:10.066	0.57982	0.57986			6
2026.04.13	01:34:11.270	0.57983	0.57987			6
2026.04.13	01:34:11.569	0.57985	0.57989			6
2026.04.13	01:34:13.373	0.57986				2
2026.04.13	01:34:13.969	0.57985				2
2026.04.13	01:34:17.875	0.57986				2
2026.04.13	01:34:18.177		0.57990			4
2026.04.13	01:34:18.776	0.57987	0.57991			6
2026.04.13	01:34:19.977	0.57982	0.57986			6
2026.04.13	01:34:20.577	0.57983	0.57987			6
2026.04.13	01:34:20.877	0.57982	0.57986			6
2026.04.13	01:34:21.479	0.57983	0.57987			6
2026.04.13	01:34:21.777	0.57982	0.57986			6
2026.04.13	01:34:22.078	0.57983	0.57987			6
2026.04.13	01:34:22.678	0.57982	0.57986			6
2026.04.13	01:34:24.179	0.57983	0.57987			6
