<DATE>	<TIME>	<BID>	<ASK>	<LAST>	<VOLUME>	<FLAGS>
2026.04.02	00:03:30.454	0.57517	0.57544			6
2026.04.02	00:04:00.271	0.57517				2
2026.04.02	00:04:30.688		0.57544			4
2026.04.02	00:05:00.194	0.57517				2
2026.04.02	00:05:10.418	0.57514				2
2026.04.02	00:05:12.828	0.57517				2
2026.04.02	00:05:30.906		0.57544			4
2026.04.02	00:06:00.092	0.57517				2
2026.04.02	00:06:06.414	0.57510	0.57535			6
2026.04.02	00:07:01.420	0.57510				2
2026.04.02	00:07:17.327		0.57535			4
2026.04.02	00:08:01.424	0.57510				2
2026.04.02	00:08:17.078	0.57513				2
2026.04.02	00:08:17.379		0.57535			4
2026.04.02	00:08:17.679	0.57510	0.57534			6
2026.04.02	00:08:17.981		0.57535			4
2026.04.02	00:08:18.281		0.57531			4
2026.04.02	00:08:18.582	0.57513	0.57535			6
2026.04.02	00:08:19.083	0.57510				2
2026.04.02	00:08:20.086	0.57513				2
2026.04.02	00:08:20.583	0.57510				2
2026.04.02	00:09:01.281	0.57510				2
2026.04.02	00:09:19.776		0.57535			4
2026.04.02	00:09:50.622		0.57531			4
2026.04.02	00:09:52.157	0.57513	0.57536			6
2026.04.02	00:09:53.624	0.57510	0.57531			6
2026.04.02	00:09:54.125		0.57535			4
2026.04.02	00:10:00.072	0.57510	0.57536			6
2026.04.02	00:10:07.617		0.57535			4
2026.04.02	00:10:07.922		0.57536			4
2026.04.02	00:11:02.623	0.57510				2
2026.04.02	00:11:08.778		0.57536			4
2026.04.02	00:11:20.045		0.57537			4
2026.04.02	00:11:44.304		0.57538			4
2026.04.02	00:12:01.279	0.57510				2
2026.04.02	00:12:30.554		0.57537			4
2026.04.02	00:13:04.689	0.57510				2
2026.04.02	00:13:31.536		0.57537			4
2026.04.02	00:13:38.618		0.57536			4
2026.04.02	00:14:00.809	0.57510				2
2026.04.02	00:14:13.775		0.57537			4
2026.04.02	00:14:15.445	0.57515				2
2026.04.02	00:14:15.748	0.57518	0.57543			6
2026.04.02	00:14:26.739		0.57542			4
2026.04.02	00:14:36.738		0.57544			4
2026.04.02	00:14:37.238		0.57543			4
2026.04.02	00:14:40.537		0.57544			4
2026.04.02	00:14:46.440		0.57543			4
2026.04.02	00:15:00.160	0.57518				2
2026.04.02	00:15:00.460		0.57542			4
2026.04.02	00:15:02.736		0.57543			4
2026.04.02	00:15:06.677		0.57542			4
2026.04.02	00:15:10.318		0.57543			4
2026.04.02	00:15:14.136		0.57542			4
2026.04.02	00:15:24.076		0.57543			4
2026.04.02	00:15:37.904		0.57544			4
2026.04.02	00:15:38.205		0.57543			4
2026.04.02	00:16:03.721	0.57518				2
2026.04.02	00:16:04.023		0.57542			4
2026.04.02	00:16:05.235		0.57543			4
2026.04.02	00:16:06.106	0.57517				2
2026.04.02	00:16:06.406	0.57509				2
2026.04.02	00:16:07.935	0.57517				2
2026.04.02	00:16:12.036		0.57544			4
2026.04.02	00:16:13.706		0.57540			4
2026.04.02	00:16:14.026	0.57521	0.57544			6
2026.04.02	00:16:14.380	0.57517	0.57540			6
2026.04.02	00:16:14.691	0.57521	0.57544			6
2026.04.02	00:16:15.079	0.57517	0.57540			6
2026.04.02	00:16:15.381	0.57521	0.57544			6
2026.04.02	00:16:15.987	0.57517	0.57540			6
2026.04.02	00:16:16.292	0.57521	0.57544			6
2026.04.02	00:16:16.592	0.57517	0.57540			6
2026.04.02	00:16:16.892	0.57521	0.57544			6
2026.04.02	00:16:17.193	0.57517	0.57540			6
2026.04.02	00:16:17.494	0.57521	0.57544			6
2026.04.02	00:16:17.796	0.57517				2
2026.04.02	00:16:34.376		0.57543			4
2026.04.02	00:16:44.535	0.57521				2
2026.04.02	00:16:44.837	0.57517				2
2026.04.02	00:16:45.137	0.57521	0.57544			6
2026.04.02	00:16:45.438	0.57517	0.57543			6
2026.04.02	00:16:45.738	0.57521				2
2026.04.02	00:16:46.038	0.57517				2
2026.04.02	00:16:46.341	0.57521				2
2026.04.02	00:16:46.641	0.57517				2
2026.04.02	00:16:46.945	0.57521				2
2026.04.02	00:16:47.301	0.57517				2
2026.04.02	00:16:47.613	0.57521				2
2026.04.02	00:16:48.213	0.57517				2
2026.04.02	00:16:48.514		0.57544			4
2026.04.02	00:16:50.194		0.57543			4
2026.04.02	00:16:50.801		0.57544			4
2026.04.02	00:16:51.104		0.57543			4
2026.04.02	00:16:52.588		0.57544			4
2026.04.02	00:16:54.748		0.57543			4
2026.04.02	00:17:00.229	0.57517				2
2026.04.02	00:17:01.280	0.57518				2
2026.04.02	00:17:06.336		0.57544			4
2026.04.02	00:17:08.437		0.57543			4
2026.04.02	00:17:11.070		0.57544			4
2026.04.02	00:17:46.745		0.57543			4
2026.04.02	00:17:48.557		0.57544			4
2026.04.02	00:18:03.336	0.57518				2
2026.04.02	00:18:28.237		0.57545			4
2026.04.02	00:18:34.377		0.57544			4
2026.04.02	00:18:56.241		0.57543			4
2026.04.02	00:18:57.628		0.57544			4
2026.04.02	00:19:03.236	0.57518	0.57543			6
2026.04.02	00:19:06.439		0.57545			4
2026.04.02	00:19:06.738		0.57544			4
2026.04.02	00:19:14.077		0.57543			4
2026.04.02	00:19:16.744		0.57544			4
2026.04.02	00:19:20.752		0.57543			4
2026.04.02	00:19:21.725		0.57544			4
2026.04.02	00:19:29.738		0.57543			4
2026.04.02	00:19:31.898		0.57544			4
2026.04.02	00:19:53.437		0.57543			4
2026.04.02	00:20:12.545	0.57518				2
2026.04.02	00:20:19.537		0.57544			4
2026.04.02	00:20:39.336		0.57543			4
2026.04.02	00:21:00.797	0.57506	0.57551			6
2026.04.02	00:21:24.266		0.57550			4
2026.04.02	00:21:27.272		0.57551			4
2026.04.02	00:21:42.312	0.57517	0.57550			6
2026.04.02	00:21:43.315	0.57518	0.57544			6
2026.04.02	00:21:45.037		0.57543			4
2026.04.02	00:21:46.111	0.57520				2
2026.04.02	00:21:46.411	0.57525	0.57553			6
2026.04.02	00:21:50.406		0.57554			4
2026.04.02	00:21:56.816	0.57527				2
2026.04.02	00:21:57.963	0.57531	0.57556			6
2026.04.02	00:21:59.658	0.57529				2
2026.04.02	00:22:00.362	0.57529				2
2026.04.02	00:22:04.749		0.57557			4
2026.04.02	00:22:05.049		0.57556			4
2026.04.02	00:22:05.387		0.57555			4
2026.04.02	00:22:12.084		0.57556			4
2026.04.02	00:22:27.236		0.57555			4
2026.04.02	00:22:45.991		0.57556			4
2026.04.02	00:22:46.294		0.57555			4
2026.04.02	00:23:01.420	0.57529				2
2026.04.02	00:23:03.095	0.57532	0.57560			6
2026.04.02	00:23:15.637	0.57533				2
2026.04.02	00:23:40.838	0.57532				2
2026.04.02	00:23:45.819	0.57533				2
2026.04.02	00:23:49.752	0.57532				2
2026.04.02	00:23:50.974	0.57531				2
2026.04.02	00:23:52.866	0.57530				2
2026.04.02	00:24:01.837	0.57531				2
2026.04.02	00:24:05.738	0.57532	0.57560			6
2026.04.02	00:24:12.036	0.57525	0.57558			6
2026.04.02	00:24:15.337	0.57524				2
2026.04.02	00:25:04.760	0.57524				2
2026.04.02	00:25:15.678		0.57558			4
2026.04.02	00:26:01.738	0.57524				2
2026.04.02	00:26:20.436		0.57558			4
2026.04.02	00:26:37.838	0.57523				2
2026.04.02	00:27:01.420	0.57523				2
2026.04.02	00:27:10.267	0.57518	0.57544			6
2026.04.02	00:27:11.710		0.57543			4
2026.04.02	00:27:24.620		0.57542			4
2026.04.02	00:27:38.675		0.57541			4
2026.04.02	00:27:53.106	0.57515				2
2026.04.02	00:27:55.516		0.57540			4
2026.04.02	00:28:01.063	0.57515				2
2026.04.02	00:28:03.153	0.57517				2
2026.04.02	00:28:06.657	0.57513				2
2026.04.02	00:28:16.494	0.57515				2
2026.04.02	00:28:32.438		0.57539			4
2026.04.02	00:28:36.881		0.57540			4
2026.04.02	00:28:54.914		0.57541			4
2026.04.02	00:29:01.420	0.57515				2
2026.04.02	00:29:04.271		0.57540			4
2026.04.02	00:29:06.656	0.57514				2
2026.04.02	00:29:12.830		0.57541			4
2026.04.02	00:29:14.620		0.57540			4
2026.04.02	00:29:16.518	0.57515				2
2026.04.02	00:29:16.819		0.57541			4
2026.04.02	00:29:21.656	0.57514				2
2026.04.02	00:29:23.723	0.57515	0.57542			6
2026.04.02	00:30:00.037	0.57515				2
2026.04.02	00:30:00.337	0.57514				2
2026.04.02	00:30:15.039		0.57541			4
2026.04.02	00:30:15.643	0.57513				2
2026.04.02	00:30:26.451	0.57514	0.57542			6
2026.04.02	00:30:31.099		0.57541			4
2026.04.02	00:30:37.632	0.57513	0.57540			6
2026.04.02	00:30:40.899		0.57541			4
2026.04.02	00:30:44.056		0.57540			4
2026.04.02	00:30:44.361		0.57541			4
2026.04.02	00:31:01.420	0.57513				2
2026.04.02	00:31:02.309		0.57540			4
2026.04.02	00:31:26.227	0.57515				2
2026.04.02	00:31:41.129	0.57513				2
2026.04.02	00:31:51.364	0.57515				2
2026.04.02	00:31:56.194	0.57513				2
2026.04.02	00:31:56.496		0.57539			4
2026.04.02	00:32:06.037	0.57513				2
2026.04.02	00:32:06.337	0.57514				2
2026.04.02	00:32:06.637	0.57515				2
2026.04.02	00:32:08.455	0.57514	0.57540			6
2026.04.02	00:32:10.533		0.57539			4
2026.04.02	00:32:20.885	0.57516	0.57541			6
2026.04.02	00:32:21.187	0.57518	0.57542			6
2026.04.02	00:32:36.586	0.57516	0.57541			6
2026.04.02	00:32:46.837		0.57540			4
2026.04.02	00:32:47.619	0.57515				2
2026.04.02	00:33:07.369	0.57515				2
2026.04.02	00:33:21.281	0.57514				2
2026.04.02	00:33:30.467		0.57541			4
2026.04.02	00:33:30.767		0.57542			4
2026.04.02	00:33:31.068	0.57515				2
2026.04.02	00:34:05.736	0.57515				2
2026.04.02	00:34:32.319		0.57542			4
2026.04.02	00:34:35.277	0.57516	0.57543			6
2026.04.02	00:34:38.316		0.57542			4
2026.04.02	00:34:51.636		0.57543			4
2026.04.02	00:35:00.033	0.57516				2
2026.04.02	00:35:00.634		0.57542			4
2026.04.02	00:35:04.978	0.57514				2
2026.04.02	00:35:06.296	0.57513				2
2026.04.02	00:35:16.079	0.57514				2
2026.04.02	00:35:36.229	0.57513				2
2026.04.02	00:35:43.415	0.57514				2
2026.04.02	00:35:43.716		0.57541			4
2026.04.02	00:35:44.015		0.57542			4
2026.04.02	00:35:54.080	0.57515	0.57541			6
2026.04.02	00:35:57.576		0.57542			4
2026.04.02	00:35:57.881	0.57514				2
2026.04.02	00:36:01.290	0.57514				2
2026.04.02	00:36:01.591	0.57516	0.57543			6
2026.04.02	00:36:05.328	0.57514	0.57542			6
2026.04.02	00:36:06.532		0.57541			4
2026.04.02	00:36:07.370	0.57513				2
2026.04.02	00:36:11.368		0.57542			4
2026.04.02	00:36:11.969		0.57541			4
2026.04.02	00:36:18.032		0.57542			4
2026.04.02	00:36:18.633		0.57541			4
2026.04.02	00:36:18.934	0.57514				2
2026.04.02	00:36:19.233	0.57513				2
2026.04.02	00:36:35.923		0.57540			4
2026.04.02	00:36:46.431		0.57542			4
2026.04.02	00:36:47.332		0.57541			4
2026.04.02	00:36:47.633		0.57542			4
2026.04.02	00:36:48.807		0.57541			4
2026.04.02	00:36:49.106		0.57542			4
2026.04.02	00:36:52.592		0.57541			4
2026.04.02	00:37:00.022	0.57513				2
2026.04.02	00:37:02.590		0.57542			4
2026.04.02	00:37:12.555	0.57514				2
2026.04.02	00:37:27.972		0.57541			4
2026.04.02	00:37:29.968		0.57542			4
2026.04.02	00:37:32.603	0.57513				2
2026.04.02	00:37:33.204		0.57543			4
2026.04.02	00:37:42.881	0.57514				2
2026.04.02	00:37:43.182	0.57513				2
2026.04.02	00:37:43.483	0.57514	0.57542			6
2026.04.02	00:37:47.606		0.57543			4
2026.04.02	00:37:52.058		0.57542			4
2026.04.02	00:37:53.137	0.57513				2
2026.04.02	00:37:57.591	0.57514				2
2026.04.02	00:38:00.072	0.57514				2
2026.04.02	00:38:15.356		0.57543			4
2026.04.02	00:38:30.637		0.57542			4
2026.04.02	00:39:01.280	0.57514				2
2026.04.02	00:39:31.383		0.57542			4
2026.04.02	00:39:56.241	0.57523	0.57559			6
2026.04.02	00:39:59.553	0.57525				2
2026.04.02	00:40:00.153	0.57525				2
2026.04.02	00:40:03.819	0.57524				2
2026.04.02	00:40:04.122	0.57521	0.57560			6
2026.04.02	00:40:04.423	0.57522				2
2026.04.02	00:40:12.002		0.57556			4
2026.04.02	00:40:12.401		0.57560			4
2026.04.02	00:40:14.324		0.57559			4
2026.04.02	00:40:14.624	0.57520				2
2026.04.02	00:40:19.122	0.57522	0.57560			6
2026.04.02	00:40:19.426	0.57521				2
2026.04.02	00:40:19.727	0.57522				2
2026.04.02	00:40:20.027	0.57521				2
2026.04.02	00:40:20.651	0.57522				2
2026.04.02	00:40:20.950	0.57520				2
2026.04.02	00:40:21.251	0.57522				2
2026.04.02	00:40:38.736	0.57521				2
2026.04.02	00:40:56.281	0.57520	0.57559			6
2026.04.02	00:41:02.136	0.57520				2
2026.04.02	00:41:04.788		0.57560			4
2026.04.02	00:41:05.088		0.57559			4
2026.04.02	00:41:19.177	0.57521	0.57560			6
2026.04.02	00:41:19.476		0.57559			4
2026.04.02	00:41:28.651	0.57520				2
2026.04.02	00:41:39.376	0.57523				2
2026.04.02	00:41:39.678	0.57524				2
2026.04.02	00:41:43.727	0.57523				2
2026.04.02	00:41:45.036	0.57522				2
2026.04.02	00:41:47.320	0.57521	0.57560			6
2026.04.02	00:41:59.219	0.57522				2
2026.04.02	00:42:07.326	0.57522				2
2026.04.02	00:42:37.285	0.57523				2
2026.04.02	00:42:37.585	0.57524				2
2026.04.02	00:42:37.885	0.57523				2
2026.04.02	00:42:38.186	0.57522				2
2026.04.02	00:42:47.663		0.57560			4
2026.04.02	00:42:47.964	0.57521				2
2026.04.02	00:42:48.265		0.57559			4
2026.04.02	00:43:07.709	0.57521				2
2026.04.02	00:43:11.740		0.57558			4
2026.04.02	00:43:12.041		0.57559			4
2026.04.02	00:43:38.953	0.57523	0.57560			6
2026.04.02	00:43:45.344	0.57522				2
2026.04.02	00:44:03.678	0.57522				2
2026.04.02	00:44:03.980	0.57523				2
2026.04.02	00:44:35.399	0.57524				2
2026.04.02	00:44:41.421		0.57560			4
2026.04.02	00:44:57.508	0.57525				2
2026.04.02	00:45:00.163	0.57525				2
2026.04.02	00:45:00.464	0.57526				2
2026.04.02	00:45:01.066	0.57524				2
2026.04.02	00:45:02.238	0.57518				2
2026.04.02	00:45:04.939	0.57524				2
2026.04.02	00:45:07.804	0.57525				2
2026.04.02	00:45:08.705	0.57524				2
2026.04.02	00:45:14.136	0.57525				2
2026.04.02	00:45:25.032	0.57526				2
2026.04.02	00:45:32.006	0.57525				2
2026.04.02	00:45:32.606	0.57526				2
2026.04.02	00:45:33.207	0.57525				2
2026.04.02	00:45:36.097	0.57524				2
2026.04.02	00:45:37.854	0.57523				2
2026.04.02	00:45:39.220		0.57559			4
2026.04.02	00:45:39.861		0.57558			4
2026.04.02	00:45:40.468	0.57524	0.57559			6
2026.04.02	00:45:44.633	0.57523				2
2026.04.02	00:45:51.160	0.57524				2
2026.04.02	00:45:52.115		0.57560			4
2026.04.02	00:45:56.505	0.57526				2
2026.04.02	00:45:56.806	0.57525				2
2026.04.02	00:46:01.362	0.57525				2
2026.04.02	00:46:03.349	0.57524				2
2026.04.02	00:46:03.650	0.57525				2
2026.04.02	00:46:08.564	0.57526				2
2026.04.02	00:46:16.236	0.57525				2
2026.04.02	00:46:26.058	0.57526				2
2026.04.02	00:46:36.069	0.57528				2
2026.04.02	00:46:36.372	0.57527				2
2026.04.02	00:46:45.603	0.57526				2
2026.04.02	00:46:46.203	0.57525				2
2026.04.02	00:46:47.376	0.57526				2
2026.04.02	00:46:55.489		0.57560			4
2026.04.02	00:46:56.390	0.57525				2
2026.04.02	00:47:00.118	0.57525				2
2026.04.02	00:47:02.190	0.57519				2
2026.04.02	00:47:03.998	0.57525				2
2026.04.02	00:47:11.001	0.57524	0.57559			6
2026.04.02	00:47:11.303	0.57525				2
2026.04.02	00:47:12.324		0.57560			4
2026.04.02	00:47:21.710	0.57526				2
2026.04.02	00:47:26.136	0.57527				2
2026.04.02	00:47:31.118		0.57559			4
2026.04.02	00:47:31.420	0.57525				2
2026.04.02	00:47:37.515	0.57526				2
2026.04.02	00:47:38.117		0.57560			4
2026.04.02	00:47:42.930	0.57527				2
2026.04.02	00:47:51.937	0.57526				2
2026.04.02	00:47:53.248	0.57527				2
2026.04.02	00:47:53.549	0.57528				2
2026.04.02	00:47:58.363	0.57529				2
2026.04.02	00:47:58.665	0.57528				2
2026.04.02	00:47:59.737	0.57527				2
2026.04.02	00:48:00.041	0.57527				2
2026.04.02	00:48:00.341	0.57528				2
2026.04.02	00:48:00.942	0.57529				2
2026.04.02	00:48:07.434	0.57528				2
2026.04.02	00:48:13.237	0.57529				2
2026.04.02	00:48:14.738	0.57530				2
2026.04.02	00:48:15.338	0.57531	0.57561			6
2026.04.02	00:48:15.639	0.57529	0.57560			6
2026.04.02	00:48:17.750	0.57531				2
2026.04.02	00:48:30.397	0.57530				2
2026.04.02	00:48:30.697	0.57531				2
2026.04.02	00:48:35.210		0.57561			4
2026.04.02	00:48:35.810	0.57532				2
2026.04.02	00:48:37.614	0.57533	0.57558			6
2026.04.02	00:48:42.252	0.57532				2
2026.04.02	00:48:43.207	0.57533				2
2026.04.02	00:48:44.618	0.57532				2
2026.04.02	00:48:48.225	0.57531				2
2026.04.02	00:48:50.822	0.57532				2
2026.04.02	00:48:53.494	0.57533				2
2026.04.02	00:48:53.793	0.57534				2
2026.04.02	00:48:54.094	0.57536				2
2026.04.02	00:48:57.065	0.57535				2
2026.04.02	00:49:00.077	0.57536				2
2026.04.02	00:49:12.709	0.57534				2
2026.04.02	00:49:23.120	0.57535				2
2026.04.02	00:49:24.924	0.57537				2
2026.04.02	00:49:25.224	0.57535				2
2026.04.02	00:49:25.527	0.57537				2
2026.04.02	00:49:26.733		0.57561			4
2026.04.02	00:49:28.536	0.57538				2
2026.04.02	00:49:39.934	0.57537				2
2026.04.02	00:49:44.623	0.57538				2
2026.04.02	00:49:44.925	0.57537				2
2026.04.02	00:49:56.016	0.57538				2
2026.04.02	00:49:57.213		0.57544			4
2026.04.02	00:49:57.817		0.57561			4
2026.04.02	00:49:58.117		0.57544			4
2026.04.02	00:49:58.417		0.57561			4
2026.04.02	00:49:58.719		0.57544			4
2026.04.02	00:49:59.019		0.57561			4
2026.04.02	00:49:59.319		0.57544			4
2026.04.02	00:49:59.622		0.57561			4
2026.04.02	00:49:59.926		0.57544			4
2026.04.02	00:50:00.229	0.57538	0.57561			6
2026.04.02	00:50:00.529		0.57544			4
2026.04.02	00:50:00.830		0.57561			4
2026.04.02	00:50:07.961	0.57537				2
2026.04.02	00:50:10.805	0.57538				2
2026.04.02	00:50:13.233	0.57540				2
2026.04.02	00:50:14.277	0.57538				2
2026.04.02	00:50:15.937	0.57539				2
2026.04.02	00:50:21.337	0.57538				2
2026.04.02	00:50:23.621	0.57539				2
2026.04.02	00:50:26.842		0.57553			4
2026.04.02	00:50:27.155		0.57561			4
2026.04.02	00:50:27.505		0.57553			4
2026.04.02	00:50:27.807		0.57561			4
2026.04.02	00:50:28.156		0.57553			4
2026.04.02	00:50:28.469		0.57561			4
2026.04.02	00:50:28.779		0.57553			4
2026.04.02	00:50:29.110		0.57561			4
2026.04.02	00:50:29.435		0.57553			4
2026.04.02	00:50:29.764		0.57561			4
2026.04.02	00:50:30.093		0.57553			4
2026.04.02	00:50:30.464		0.57561			4
2026.04.02	00:50:33.587	0.57537				2
2026.04.02	00:50:33.888	0.57536				2
2026.04.02	00:50:34.191	0.57538				2
2026.04.02	00:50:39.037	0.57537				2
2026.04.02	00:50:39.638	0.57538				2
2026.04.02	00:50:40.659	0.57539				2
2026.04.02	00:50:40.959	0.57538				2
2026.04.02	00:50:50.003	0.57537				2
2026.04.02	00:50:50.604	0.57539				2
2026.04.02	00:50:53.017	0.57538				2
2026.04.02	00:50:57.727		0.57562			4
2026.04.02	00:51:00.132	0.57538				2
2026.04.02	00:51:00.432	0.57539				2
2026.04.02	00:51:03.136		0.57560			4
2026.04.02	00:51:23.011		0.57562			4
2026.04.02	00:51:30.225	0.57540				2
2026.04.02	00:51:30.826	0.57541	0.57561			6
2026.04.02	00:51:31.427	0.57540	0.57563			6
2026.04.02	00:51:32.436	0.57541				2
2026.04.02	00:51:35.918	0.57542				2
2026.04.02	00:51:46.453	0.57540				2
2026.04.02	00:51:46.754	0.57541				2
2026.04.02	00:51:56.175	0.57542				2
2026.04.02	00:51:57.726		0.57561			4
2026.04.02	00:52:02.814	0.57542				2
2026.04.02	00:52:05.020	0.57543				2
2026.04.02	00:52:05.961	0.57542				2
2026.04.02	00:52:13.254		0.57563			4
2026.04.02	00:52:13.555	0.57540	0.57562			6
2026.04.02	00:52:14.156		0.57561			4
2026.04.02	00:52:15.963	0.57539				2
2026.04.02	00:52:17.166	0.57543	0.57563			6
2026.04.02	00:52:18.669	0.57542				2
2026.04.02	00:52:27.407	0.57543				2
2026.04.02	00:52:27.708	0.57539	0.57562			6
2026.04.02	00:52:30.111	0.57526	0.57546			6
2026.04.02	00:52:30.413	0.57527	0.57545			6
2026.04.02	00:52:31.716	0.57526	0.57546			6
2026.04.02	00:52:37.991	0.57527				2
2026.04.02	00:52:42.799		0.57545			4
2026.04.02	00:52:51.880	0.57526	0.57546			6
2026.04.02	00:52:52.180	0.57527				2
2026.04.02	00:52:55.151	0.57530	0.57560			6
2026.04.02	00:52:55.452	0.57531				2
2026.04.02	00:53:00.271	0.57531				2
2026.04.02	00:53:05.999	0.57533				2
2026.04.02	00:53:06.602	0.57534				2
2026.04.02	00:53:13.513	0.57553	0.57646			6
2026.04.02	00:53:13.814	0.57551	0.57638			6
2026.04.02	00:53:14.115	0.57549	0.57640			6
2026.04.02	00:53:14.715	0.57547	0.57628			6
2026.04.02	00:53:15.016		0.57634			4
2026.04.02	00:53:15.619		0.57618			4
2026.04.02	00:53:15.920	0.57543				2
2026.04.02	00:53:16.521	0.57545				2
2026.04.02	00:53:16.821	0.57542				2
2026.04.02	00:53:17.121	0.57540				2
2026.04.02	00:53:17.422	0.57538				2
2026.04.02	00:53:17.722	0.57539				2
2026.04.02	00:53:18.023	0.57540				2
2026.04.02	00:53:18.325	0.57542	0.57616			6
2026.04.02	00:53:18.629	0.57539	0.57617			6
2026.04.02	00:53:20.432		0.57611			4
2026.04.02	00:53:20.732	0.57541	0.57618			6
2026.04.02	00:53:21.032	0.57540				2
2026.04.02	00:53:21.332	0.57539				2
2026.04.02	00:53:23.080	0.57538				2
2026.04.02	00:53:23.681	0.57540				2
2026.04.02	00:53:23.982	0.57538				2
2026.04.02	00:53:24.283	0.57537				2
2026.04.02	00:53:24.582	0.57536				2
2026.04.02	00:53:25.530	0.57537				2
2026.04.02	00:53:27.034	0.57536				2
2026.04.02	00:53:27.334	0.57502	0.57558			6
2026.04.02	00:53:27.636	0.57496	0.57551			6
2026.04.02	00:53:28.630		0.57544			4
2026.04.02	00:53:29.638	0.57491	0.57541			6
2026.04.02	00:53:29.938		0.57539			4
2026.04.02	00:53:30.538		0.57541			4
2026.04.02	00:53:32.483	0.57486	0.57537			6
2026.04.02	00:53:33.699		0.57539			4
2026.04.02	00:53:34.374		0.57538			4
2026.04.02	00:53:35.630	0.57489				2
2026.04.02	00:53:35.930		0.57539			4
2026.04.02	00:53:36.230	0.57490				2
2026.04.02	00:53:37.564		0.57540			4
2026.04.02	00:53:39.336		0.57541			4
2026.04.02	00:53:42.516		0.57540			4
2026.04.02	00:53:44.383	0.57488	0.57543			6
2026.04.02	00:53:44.683		0.57544			4
2026.04.02	00:53:45.284		0.57545			4
2026.04.02	00:53:46.313		0.57547			4
2026.04.02	00:53:47.514	0.57490	0.57546			6
2026.04.02	00:53:47.814		0.57547			4
2026.04.02	00:53:49.621		0.57543			4
2026.04.02	00:53:50.222	0.57489	0.57545			6
2026.04.02	00:53:50.522		0.57543			4
2026.04.02	00:53:52.192		0.57546			4
2026.04.02	00:53:52.492		0.57547			4
2026.04.02	00:53:53.394		0.57544			4
2026.04.02	00:53:55.490		0.57543			4
2026.04.02	00:53:57.588	0.57490	0.57542			6
2026.04.02	00:54:00.401	0.57490				2
2026.04.02	00:54:00.702		0.57543			4
2026.04.02	00:54:02.677	0.57489	0.57540			6
2026.04.02	00:54:02.977		0.57544			4
2026.04.02	00:54:03.684		0.57542			4
2026.04.02	00:54:04.287		0.57543			4
2026.04.02	00:54:07.204		0.57545			4
2026.04.02	00:54:10.169		0.57544			4
2026.04.02	00:54:10.470		0.57542			4
2026.04.02	00:54:16.536		0.57541			4
2026.04.02	00:54:18.015		0.57540			4
2026.04.02	00:54:18.317		0.57541			4
2026.04.02	00:54:22.350		0.57540			4
2026.04.02	00:54:24.036		0.57539			4
2026.04.02	00:54:24.761		0.57543			4
2026.04.02	00:54:25.061		0.57542			4
2026.04.02	00:54:25.362		0.57543			4
2026.04.02	00:54:25.666	0.57487	0.57540			6
2026.04.02	00:54:25.966		0.57541			4
2026.04.02	00:54:26.580		0.57540			4
2026.04.02	00:54:26.880	0.57482	0.57538			6
2026.04.02	00:54:27.180	0.57486	0.57537			6
2026.04.02	00:54:31.245		0.57535			4
2026.04.02	00:54:31.545		0.57537			4
2026.04.02	00:54:32.636		0.57538			4
2026.04.02	00:54:36.036	0.57487				2
2026.04.02	00:54:37.027		0.57539			4
2026.04.02	00:54:37.326		0.57538			4
2026.04.02	00:54:37.627		0.57540			4
2026.04.02	00:54:38.227		0.57539			4
2026.04.02	00:54:39.936		0.57540			4
2026.04.02	00:54:44.328	0.57486				2
2026.04.02	00:54:52.469	0.57488				2
2026.04.02	00:54:54.937		0.57539			4
2026.04.02	00:54:55.838		0.57540			4
2026.04.02	00:54:59.137		0.57539			4
2026.04.02	00:54:59.437		0.57538			4
2026.04.02	00:55:00.044	0.57487	0.57532			6
2026.04.02	00:55:00.344	0.57482	0.57538			6
2026.04.02	00:55:00.647		0.57539			4
2026.04.02	00:55:06.916		0.57538			4
2026.04.02	00:55:09.452		0.57545			4
2026.04.02	00:55:09.752		0.57539			4
2026.04.02	00:55:13.505	0.57503				2
2026.04.02	00:55:15.656	0.57498	0.57538			6
2026.04.02	00:55:16.561		0.57534			4
2026.04.02	00:55:16.858	0.57491				2
2026.04.02	00:55:17.771	0.57495	0.57535			6
2026.04.02	00:55:18.070		0.57533			4
2026.04.02	00:55:20.476		0.57535			4
2026.04.02	00:55:20.779		0.57539			4
2026.04.02	00:55:21.077		0.57537			4
2026.04.02	00:55:27.682		0.57536			4
2026.04.02	00:55:36.097		0.57537			4
2026.04.02	00:55:39.104		0.57536			4
2026.04.02	00:55:40.605		0.57537			4
2026.04.02	00:55:52.930		0.57538			4
2026.04.02	00:55:55.635		0.57537			4
2026.04.02	00:55:57.137		0.57538			4
2026.04.02	00:56:00.142	0.57495				2
2026.04.02	00:56:04.344	0.57493	0.57537			6
2026.04.02	00:56:04.640	0.57491	0.57535			6
2026.04.02	00:56:04.943	0.57493	0.57537			6
2026.04.02	00:56:14.563		0.57536			4
2026.04.02	00:56:16.372		0.57535			4
2026.04.02	00:56:16.671	0.57492				2
2026.04.02	00:56:16.972	0.57493				2
2026.04.02	00:56:28.091		0.57536			4
2026.04.02	00:56:38.311		0.57535			4
2026.04.02	00:56:47.026		0.57536			4
2026.04.02	00:56:59.035		0.57537			4
2026.04.02	00:57:00.238	0.57493				2
2026.04.02	00:57:09.844	0.57492	0.57538			6
2026.04.02	00:57:10.447	0.57495	0.57537			6
2026.04.02	00:57:10.744		0.57536			4
2026.04.02	00:57:20.073	0.57492	0.57538			6
2026.04.02	00:57:20.378	0.57498	0.57539			6
2026.04.02	00:57:20.683		0.57538			4
2026.04.02	00:57:20.983		0.57539			4
2026.04.02	00:57:27.896		0.57540			4
2026.04.02	00:57:32.404		0.57538			4
2026.04.02	00:57:32.703		0.57540			4
2026.04.02	00:57:33.603		0.57539			4
2026.04.02	00:57:34.204		0.57540			4
2026.04.02	00:57:36.009	0.57492				2
2026.04.02	00:57:39.912	0.57498	0.57543			6
2026.04.02	00:57:40.516		0.57542			4
2026.04.02	00:57:42.016		0.57541			4
2026.04.02	00:57:42.314		0.57542			4
2026.04.02	00:57:44.418		0.57541			4
2026.04.02	00:57:54.334		0.57542			4
2026.04.02	00:57:54.634		0.57543			4
2026.04.02	00:58:00.042	0.57498				2
2026.04.02	00:58:31.906		0.57544			4
2026.04.02	00:58:33.108		0.57543			4
2026.04.02	00:58:34.908		0.57544			4
2026.04.02	00:58:35.206		0.57545			4
2026.04.02	00:58:36.109		0.57544			4
2026.04.02	00:58:41.217		0.57545			4
2026.04.02	00:59:00.145	0.57498				2
2026.04.02	00:59:06.152		0.57546			4
2026.04.02	00:59:23.006		0.57547			4
2026.04.02	00:59:24.211		0.57548			4
2026.04.02	00:59:39.842	0.57496	0.57550			6
2026.04.02	00:59:40.141	0.57498				2
2026.04.02	00:59:41.042		0.57549			4
2026.04.02	00:59:41.943		0.57548			4
2026.04.02	00:59:42.552		0.57546			4
2026.04.02	00:59:42.852		0.57545			4
2026.04.02	00:59:47.965		0.57546			4
2026.04.02	00:59:51.880		0.57545			4
2026.04.02	00:59:53.082		0.57546			4
2026.04.02	00:59:56.996		0.57547			4
2026.04.02	01:00:00.299	0.57498	0.57548			6
2026.04.02	01:00:00.898		0.57547			4
2026.04.02	01:00:01.201		0.57544			4
2026.04.02	01:00:01.500		0.57547			4
2026.04.02	01:00:06.907	0.57501				2
2026.04.02	01:00:07.508	0.57498				2
2026.04.02	01:00:07.807	0.57500				2
2026.04.02	01:00:08.106	0.57502	0.57537			6
2026.04.02	01:00:09.910	0.57504	0.57538			6
2026.04.02	01:00:10.207		0.57537			4
2026.04.02	01:00:10.510	0.57503				2
2026.04.02	01:00:11.709	0.57498	0.57538			6
2026.04.02	01:00:12.311	0.57503				2
2026.04.02	01:00:12.614	0.57498				2
2026.04.02	01:00:13.515	0.57504				2
2026.04.02	01:00:13.815		0.57536			4
2026.04.02	01:00:15.914		0.57537			4
2026.04.02	01:00:19.218	0.57505				2
2026.04.02	01:00:20.420	0.57498	0.57538			6
2026.04.02	01:00:21.623	0.57499				2
2026.04.02	01:00:23.728	0.57498	0.57540			6
2026.04.02	01:00:36.362	0.57533	0.57553			6
2026.04.02	01:00:39.676	0.57520	0.57550			6
2026.04.02	01:00:40.282	0.57527	0.57544			6
2026.04.02	01:00:40.883	0.57537				2
2026.04.02	01:00:41.181	0.57531	0.57543			6
2026.04.02	01:00:41.480	0.57532	0.57542			6
2026.04.02	01:00:44.181	0.57533				2
2026.04.02	01:00:44.784	0.57531	0.57547			6
2026.04.02	01:00:45.684	0.57530	0.57553			6
2026.04.02	01:00:46.586	0.57533				2
2026.04.02	01:00:56.500	0.57529				2
2026.04.02	01:00:59.800	0.57530	0.57562			6
2026.04.02	01:01:00.101	0.57540	0.57543			6
2026.04.02	01:01:00.402	0.57541	0.57544			6
2026.04.02	01:01:00.702	0.57542	0.57545			6
2026.04.02	01:01:05.810	0.57538	0.57556			6
2026.04.02	01:01:06.408		0.57557			4
2026.04.02	01:01:07.609		0.57552			4
2026.04.02	01:01:07.909		0.57541			4
2026.04.02	01:01:08.210		0.57540			4
2026.04.02	01:01:09.109	0.57540	0.57543			6
2026.04.02	01:01:17.220	0.57538	0.57555			6
2026.04.02	01:01:21.126		0.57556			4
2026.04.02	01:01:24.427		0.57555			4
2026.04.02	01:01:35.838	0.57540	0.57543			6
2026.04.02	01:01:36.139	0.57539	0.57542			6
2026.04.02	01:01:38.240	0.57536	0.57539			6
2026.04.02	01:01:45.455	0.57529	0.57551			6
2026.04.02	01:01:45.756	0.57530				2
2026.04.02	01:01:48.466		0.57552			4
2026.04.02	01:02:00.205	0.57530				2
2026.04.02	01:02:02.911	0.57531	0.57554			6
2026.04.02	01:02:08.313	0.57536	0.57538			6
2026.04.02	01:02:11.920	0.57531	0.57533			6
2026.04.02	01:02:14.321	0.57534	0.57536			6
2026.04.02	01:02:16.425	0.57533	0.57535			6
2026.04.02	01:02:49.793	0.57523	0.57542			6
2026.04.02	01:02:50.094	0.57527	0.57529			6
2026.04.02	01:02:50.696	0.57526	0.57528			6
2026.04.02	01:03:00.014	0.57526				2
2026.04.02	01:03:04.816	0.57528	0.57529			6
2026.04.02	01:03:05.119	0.57529	0.57531			6
2026.04.02	01:03:09.923	0.57530	0.57532			6
2026.04.02	01:03:11.123	0.57529	0.57531			6
2026.04.02	01:03:12.322	0.57530	0.57532			6
2026.04.02	01:03:15.325	0.57526	0.57528			6
2026.04.02	01:03:19.530	0.57527	0.57529			6
2026.04.02	01:03:20.430	0.57526	0.57528			6
2026.04.02	01:03:27.041	0.57524	0.57542			6
2026.04.02	01:03:30.945		0.57541			4
2026.04.02	01:03:31.245	0.57523	0.57540			6
2026.04.02	01:03:41.168		0.57539			4
2026.04.02	01:03:42.374	0.57520	0.57522			6
2026.04.02	01:03:42.672	0.57521	0.57537			6
2026.04.02	01:03:42.977		0.57538			4
2026.04.02	01:03:43.275	0.57522				2
2026.04.02	01:03:43.576	0.57521				2
2026.04.02	01:03:43.877	0.57522	0.57537			6
2026.04.02	01:03:45.377	0.57523				2
2026.04.02	01:03:52.283	0.57520	0.57536			6
2026.04.02	01:03:53.484	0.57523				2
2026.04.02	01:04:00.102	0.57523				2
2026.04.02	01:04:02.504	0.57524	0.57537			6
2026.04.02	01:04:10.611	0.57522	0.57536			6
2026.04.02	01:04:10.907	0.57523	0.57524			6
2026.04.02	01:04:21.423	0.57522				2
2026.04.02	01:04:21.719	0.57523	0.57525			6
2026.04.02	01:04:22.322	0.57525	0.57526			6
2026.04.02	01:04:39.745	0.57526	0.57528			6
2026.04.02	01:04:41.844		0.57527			4
2026.04.02	01:04:44.250	0.57528	0.57529			6
2026.04.02	01:04:45.450	0.57526	0.57528			6
2026.04.02	01:04:45.752		0.57527			4
2026.04.02	01:04:47.553	0.57525				2
2026.04.02	01:04:47.853	0.57526	0.57528			6
2026.04.02	01:04:49.056	0.57525	0.57527			6
2026.04.02	01:04:50.854		0.57526			4
2026.04.02	01:04:56.263	0.57526	0.57527			6
2026.04.02	01:04:58.074	0.57525	0.57526			6
2026.04.02	01:04:58.674	0.57526	0.57527			6
2026.04.02	01:04:58.971	0.57530	0.57532			6
2026.04.02	01:04:59.277	0.57528	0.57530			6
2026.04.02	01:05:00.180	0.57528				2
2026.04.02	01:05:01.379	0.57527	0.57529			6
2026.04.02	01:05:01.982	0.57528	0.57530			6
2026.04.02	01:05:04.084	0.57527	0.57529			6
2026.04.02	01:05:04.385	0.57524	0.57540			6
2026.04.02	01:05:04.683		0.57541			4
2026.04.02	01:05:11.293	0.57528	0.57530			6
2026.04.02	01:05:23.011	0.57527	0.57529			6
2026.04.02	01:05:41.934	0.57523	0.57540			6
2026.04.02	01:05:44.637		0.57537			4
2026.04.02	01:05:49.444		0.57538			4
2026.04.02	01:05:57.256		0.57539			4
2026.04.02	01:06:00.261	0.57523				2
2026.04.02	01:06:05.371	0.57520	0.57538			6
2026.04.02	01:06:10.478		0.57536			4
2026.04.02	01:06:10.778		0.57537			4
2026.04.02	01:06:11.677		0.57538			4
2026.04.02	01:06:12.580	0.57523	0.57539			6
2026.04.02	01:06:12.880		0.57538			4
2026.04.02	01:06:24.906	0.57529	0.57531			6
2026.04.02	01:06:25.200	0.57523	0.57540			6
2026.04.02	01:06:41.420	0.57529	0.57531			6
2026.04.02	01:06:47.128	0.57530	0.57532			6
2026.04.02	01:06:56.731	0.57529	0.57531			6
2026.04.02	01:07:00.035	0.57529				2
2026.04.02	01:07:06.040	0.57530	0.57532			6
2026.04.02	01:08:00.140	0.57530				2
2026.04.02	01:08:02.541	0.57529	0.57531			6
2026.04.02	01:08:17.863	0.57528	0.57530			6
2026.04.02	01:08:35.909	0.57530	0.57532			6
2026.04.02	01:08:36.208	0.57528	0.57530			6
2026.04.02	01:08:36.508	0.57523	0.57525			6
2026.04.02	01:08:47.617	0.57529	0.57531			6
2026.04.02	01:08:47.921	0.57528	0.57530			6
2026.04.02	01:08:56.324	0.57524	0.57526			6
2026.04.02	01:08:57.528	0.57523	0.57525			6
2026.04.02	01:09:00.238	0.57523				2
2026.04.02	01:09:08.346	0.57527	0.57529			6
2026.04.02	01:09:29.093	0.57528	0.57530			6
2026.04.02	01:09:31.800	0.57529	0.57531			6
2026.04.02	01:09:34.210	0.57531	0.57533			6
2026.04.02	01:09:34.505	0.57528	0.57530			6
2026.04.02	01:09:36.909	0.57527	0.57529			6
2026.04.02	01:09:46.216	0.57529	0.57531			6
2026.04.02	01:09:46.514	0.57530	0.57532			6
2026.04.02	01:09:46.817	0.57531	0.57533			6
2026.04.02	01:10:00.033	0.57531				2
2026.04.02	01:10:08.145	0.57532	0.57534			6
2026.04.02	01:10:22.868	0.57533	0.57535			6
2026.04.02	01:10:29.485	0.57532	0.57534			6
2026.04.02	01:10:40.906	0.57531	0.57533			6
2026.04.02	01:10:43.612	0.57532	0.57534			6
2026.04.02	01:11:00.142	0.57532				2
2026.04.02	01:11:11.255	0.57531	0.57533			6
2026.04.02	01:11:11.559	0.57527	0.57529			6
2026.04.02	01:11:12.158	0.57526				2
2026.04.02	01:11:12.760	0.57525	0.57528			6
2026.04.02	01:11:19.079	0.57526	0.57529			6
2026.04.02	01:11:21.185	0.57525	0.57528			6
2026.04.02	01:11:32.600	0.57530	0.57533			6
2026.04.02	01:12:00.235	0.57530				2
2026.04.02	01:12:10.745	0.57531	0.57534			6
2026.04.02	01:12:38.107		0.57533			4
2026.04.02	01:12:53.115	0.57530	0.57532			6
2026.04.02	01:12:53.416	0.57528	0.57530			6
2026.04.02	01:12:54.315		0.57531			4
2026.04.02	01:12:57.018	0.57527	0.57530			6
2026.04.02	01:12:58.219	0.57528				2
2026.04.02	01:13:00.023	0.57528				2
2026.04.02	01:13:11.444	0.57527	0.57529			6
2026.04.02	01:13:16.551	0.57528	0.57530			6
2026.04.02	01:13:19.264	0.57527	0.57529			6
2026.04.02	01:13:21.068	0.57528	0.57530			6
2026.04.02	01:13:34.290	0.57527	0.57529			6
2026.04.02	01:13:37.305	0.57528	0.57530			6
2026.04.02	01:13:46.616	0.57529	0.57531			6
2026.04.02	01:13:49.920	0.57530	0.57532			6
2026.04.02	01:13:50.227	0.57531	0.57533			6
2026.04.02	01:13:50.530	0.57530	0.57532			6
2026.04.02	01:13:52.637	0.57531	0.57533			6
2026.04.02	01:14:00.163	0.57531				2
2026.04.02	01:14:13.401	0.57530	0.57532			6
2026.04.02	01:14:14.001	0.57531	0.57533			6
2026.04.02	01:14:17.609	0.57530	0.57532			6
2026.04.02	01:14:28.428	0.57531	0.57533			6
2026.04.02	01:14:37.143	0.57530	0.57532			6
2026.04.02	01:14:39.547	0.57531	0.57533			6
2026.04.02	01:14:48.277	0.57530	0.57532			6
2026.04.02	01:14:52.184	0.57532	0.57534			6
2026.04.02	01:14:58.196	0.57534	0.57536			6
2026.04.02	01:15:00.005	0.57534				2
2026.04.02	01:15:05.109	0.57533	0.57535			6
2026.04.02	01:15:20.735	0.57531	0.57533			6
2026.04.02	01:15:21.336	0.57530				2
2026.04.02	01:15:26.436	0.57528	0.57531			6
2026.04.02	01:15:27.940	0.57529	0.57532			6
2026.04.02	01:15:38.762	0.57528	0.57531			6
2026.04.02	01:15:39.359	0.57529	0.57532			6
2026.04.02	01:16:00.095	0.57529				2
2026.04.02	01:16:12.418	0.57530	0.57533			6
2026.04.02	01:16:25.036	0.57529	0.57532			6
2026.04.02	01:16:50.279	0.57530				2
2026.04.02	01:16:51.177		0.57533			4
2026.04.02	01:16:57.203	0.57531				2
2026.04.02	01:17:00.209	0.57531				2
2026.04.02	01:17:00.509	0.57529	0.57531			6
2026.04.02	01:17:00.807	0.57528	0.57530			6
2026.04.02	01:17:01.110	0.57527				2
2026.04.02	01:17:01.412	0.57526	0.57529			6
2026.04.02	01:17:07.120	0.57528	0.57530			6
2026.04.02	01:17:07.422	0.57527				2
2026.04.02	01:17:15.537	0.57526	0.57529			6
2026.04.02	01:17:19.441	0.57525	0.57528			6
2026.04.02	01:17:23.045	0.57526	0.57529			6
2026.04.02	01:17:54.619	0.57528	0.57531			6
2026.04.02	01:18:00.028	0.57528				2
2026.04.02	01:18:00.331	0.57529	0.57532			6
2026.04.02	01:18:00.632	0.57528	0.57531			6
2026.04.02	01:18:03.037	0.57527	0.57530			6
2026.04.02	01:18:03.934	0.57526	0.57529			6
2026.04.02	01:18:04.838	0.57527	0.57530			6
2026.04.02	01:18:05.439	0.57525	0.57528			6
2026.04.02	01:18:24.067	0.57524	0.57527			6
2026.04.02	01:18:26.169	0.57523	0.57526			6
2026.04.02	01:19:00.130	0.57523				2
2026.04.02	01:19:00.428	0.57522	0.57525			6
2026.04.02	01:19:12.442	0.57523	0.57526			6
2026.04.02	01:19:13.645	0.57522	0.57525			6
2026.04.02	01:19:13.948	0.57523	0.57526			6
2026.04.02	01:19:16.058	0.57522	0.57525			6
2026.04.02	01:19:36.808	0.57524	0.57527			6
2026.04.02	01:19:37.409	0.57522	0.57525			6
2026.04.02	01:19:41.311	0.57521	0.57524			6
2026.04.02	01:19:41.610	0.57522	0.57525			6
2026.04.02	01:19:44.315		0.57524			4
2026.04.02	01:19:59.037	0.57523	0.57525			6
2026.04.02	01:20:00.240	0.57523				2
2026.04.02	01:20:03.542	0.57522	0.57524			6
2026.04.02	01:20:04.140	0.57521	0.57523			6
2026.04.02	01:20:04.743	0.57523	0.57525			6
2026.04.02	01:20:05.647	0.57521	0.57523			6
2026.04.02	01:20:07.757	0.57522	0.57524			6
2026.04.02	01:20:26.717	0.57521	0.57523			6
2026.04.02	01:20:27.917	0.57522	0.57524			6
2026.04.02	01:20:34.224	0.57521	0.57523			6
2026.04.02	01:20:37.235	0.57522	0.57524			6
2026.04.02	01:20:42.039	0.57521	0.57523			6
2026.04.02	01:20:42.941	0.57522	0.57524			6
2026.04.02	01:20:43.538	0.57521	0.57523			6
2026.04.02	01:20:44.744	0.57520	0.57522			6
2026.04.02	01:20:54.066	0.57521	0.57523			6
2026.04.02	01:20:56.172	0.57522	0.57524			6
2026.04.02	01:20:56.470	0.57521	0.57523			6
2026.04.02	01:20:57.073	0.57522	0.57524			6
2026.04.02	01:20:57.372	0.57521	0.57523			6
2026.04.02	01:21:00.086	0.57521				2
2026.04.02	01:21:01.590	0.57520	0.57522			6
2026.04.02	01:21:10.612	0.57521	0.57523			6
2026.04.02	01:21:16.316	0.57520	0.57522			6
2026.04.02	01:21:22.631	0.57519	0.57521			6
2026.04.02	01:21:22.929	0.57518	0.57520			6
2026.04.02	01:21:23.231	0.57517	0.57519			6
2026.04.02	01:21:25.336	0.57516				2
2026.04.02	01:21:28.342	0.57517				2
2026.04.02	01:21:28.642		0.57520			4
2026.04.02	01:21:34.353		0.57519			4
2026.04.02	01:21:35.557	0.57519	0.57520			6
2026.04.02	01:21:35.858	0.57518				2
2026.04.02	01:21:36.164	0.57517				2
2026.04.02	01:21:37.364	0.57518				2
2026.04.02	01:21:39.169	0.57519				2
2026.04.02	01:21:39.470	0.57518				2
2026.04.02	01:21:45.790		0.57519			4
2026.04.02	01:21:46.094		0.57520			4
2026.04.02	01:21:46.395		0.57519			4
2026.04.02	01:21:46.698		0.57520			4
2026.04.02	01:21:46.998		0.57519			4
2026.04.02	01:21:47.302		0.57520			4
2026.04.02	01:21:47.603		0.57519			4
2026.04.02	01:21:47.904		0.57520			4
2026.04.02	01:21:48.806	0.57519	0.57521			6
2026.04.02	01:21:49.706	0.57518				2
2026.04.02	01:21:50.608	0.57519	0.57522			6
2026.04.02	01:21:55.408	0.57520				2
2026.04.02	01:21:56.311	0.57519				2
2026.04.02	01:21:58.416	0.57520				2
2026.04.02	01:21:58.718	0.57519	0.57521			6
2026.04.02	01:21:59.318		0.57522			4
2026.04.02	01:22:00.220	0.57519	0.57521			6
2026.04.02	01:22:06.827	0.57520	0.57522			6
2026.04.02	01:22:07.126	0.57519				2
2026.04.02	01:22:15.241		0.57521			4
2026.04.02	01:22:15.539	0.57520				2
2026.04.02	01:22:15.844	0.57519				2
2026.04.02	01:22:16.142	0.57520				2
2026.04.02	01:22:16.443	0.57519				2
2026.04.02	01:22:16.743	0.57520				2
2026.04.02	01:22:17.044	0.57519				2
2026.04.02	01:22:17.340	0.57520				2
2026.04.02	01:22:17.644	0.57519				2
2026.04.02	01:22:18.244	0.57520				2
2026.04.02	01:22:18.543	0.57519				2
2026.04.02	01:22:18.845	0.57520				2
2026.04.02	01:22:19.145	0.57519	0.57522			6
2026.04.02	01:22:32.390	0.57520				2
2026.04.02	01:22:55.825	0.57524	0.57526			6
2026.04.02	01:22:56.727	0.57523				2
2026.04.02	01:22:57.027	0.57522	0.57525			6
2026.04.02	01:22:57.933	0.57524	0.57526			6
2026.04.02	01:22:59.736	0.57522				2
2026.04.02	01:23:00.034	0.57522				2
2026.04.02	01:23:03.942	0.57524				2
2026.04.02	01:23:04.238	0.57522				2
2026.04.02	01:23:05.143	0.57523				2
2026.04.02	01:23:05.443	0.57524	0.57527			6
2026.04.02	01:23:09.349		0.57526			4
2026.04.02	01:23:09.646		0.57527			4
2026.04.02	01:23:14.169	0.57525	0.57528			6
2026.04.02	01:23:16.274	0.57524				2
2026.04.02	01:23:17.182	0.57525				2
2026.04.02	01:23:18.983	0.57524	0.57527			6
2026.04.02	01:23:22.890	0.57525	0.57528			6
2026.04.02	01:23:26.499	0.57524	0.57527			6
2026.04.02	01:23:36.712	0.57525	0.57528			6
2026.04.02	01:23:49.633	0.57524	0.57526			6
2026.04.02	01:23:49.932	0.57523				2
2026.04.02	01:23:55.339	0.57524	0.57527			6
2026.04.02	01:23:56.239		0.57526			4
2026.04.02	01:23:56.541		0.57527			4
2026.04.02	01:23:59.541		0.57526			4
2026.04.02	01:24:00.146	0.57525				2
2026.04.02	01:24:01.950	0.57523				2
2026.04.02	01:24:07.361	0.57522	0.57525			6
2026.04.02	01:24:07.960	0.57523	0.57526			6
2026.04.02	01:24:10.071	0.57522	0.57525			6
2026.04.02	01:24:10.977	0.57523	0.57526			6
2026.04.02	01:24:51.563	0.57522	0.57525			6
2026.04.02	01:25:00.288	0.57522				2
2026.04.02	01:25:00.587	0.57521	0.57524			6
2026.04.02	01:25:03.297	0.57520	0.57523			6
2026.04.02	01:25:06.304	0.57521	0.57524			6
2026.04.02	01:25:07.807	0.57522	0.57525			6
2026.04.02	01:25:16.220	0.57524	0.57526			6
2026.04.02	01:25:16.517	0.57523				2
2026.04.02	01:25:16.819	0.57524				2
2026.04.02	01:25:18.623	0.57523				2
2026.04.02	01:25:30.337	0.57525	0.57528			6
2026.04.02	01:25:32.444	0.57526	0.57529			6
2026.04.02	01:25:33.641	0.57525	0.57528			6
2026.04.02	01:25:36.945	0.57527	0.57530			6
2026.04.02	01:25:37.243	0.57528	0.57531			6
2026.04.02	01:25:37.546	0.57527	0.57530			6
2026.04.02	01:25:38.142		0.57531			4
2026.04.02	01:25:47.181	0.57528				2
2026.04.02	01:26:00.112	0.57528				2
2026.04.02	01:26:01.311	0.57527	0.57530			6
2026.04.02	01:26:01.910	0.57528	0.57531			6
2026.04.02	01:26:06.719	0.57529	0.57532			6
2026.04.02	01:26:12.730	0.57527	0.57530			6
2026.04.02	01:27:00.210	0.57527				2
2026.04.02	01:27:00.810	0.57526	0.57529			6
2026.04.02	01:27:01.108	0.57525	0.57528			6
2026.04.02	01:27:05.312	0.57530	0.57533			6
2026.04.02	01:27:06.213		0.57534			4
2026.04.02	01:27:52.207		0.57533			4
2026.04.02	01:28:00.016	0.57530				2
2026.04.02	01:28:01.217	0.57532				2
2026.04.02	01:28:01.517	0.57534	0.57537			6
2026.04.02	01:28:02.418		0.57538			4
2026.04.02	01:28:12.931	0.57533	0.57537			6
2026.04.02	01:28:18.940	0.57534	0.57538			6
2026.04.02	01:28:31.289		0.57537			4
2026.04.02	01:28:42.415	0.57535	0.57538			6
2026.04.02	01:29:00.138	0.57535				2
2026.04.02	01:29:08.253		0.57537			4
2026.04.02	01:29:08.555	0.57533	0.57536			6
2026.04.02	01:29:10.061	0.57532	0.57535			6
2026.04.02	01:29:13.364	0.57533	0.57536			6
2026.04.02	01:29:25.401		0.57535			4
2026.04.02	01:29:38.615	0.57532	0.57534			6
2026.04.02	01:29:39.216	0.57531				2
2026.04.02	01:29:44.322	0.57532				2
2026.04.02	01:29:44.922		0.57535			4
2026.04.02	01:29:45.825	0.57533	0.57536			6
2026.04.02	01:29:46.130	0.57534	0.57537			6
2026.04.02	01:29:47.326	0.57535	0.57538			6
2026.04.02	01:30:00.254	0.57534	0.57537			6
2026.04.02	01:30:04.156	0.57535	0.57538			6
2026.04.02	01:30:17.392	0.57536				2
2026.04.02	01:30:18.295	0.57535				2
2026.04.02	01:30:19.198	0.57536				2
2026.04.02	01:30:26.111	0.57535	0.57537			6
2026.04.02	01:30:31.219	0.57536	0.57538			6
2026.04.02	01:30:44.142	0.57538	0.57539			6
2026.04.02	01:30:44.443	0.57540	0.57542			6
2026.04.02	01:30:45.348	0.57539	0.57543			6
2026.04.02	01:30:48.357	0.57540	0.57544			6
2026.04.02	01:30:52.569	0.57539	0.57543			6
2026.04.02	01:30:54.084	0.57540	0.57544			6
2026.04.02	01:30:54.686	0.57539	0.57543			6
2026.04.02	01:30:57.089	0.57540				2
2026.04.02	01:30:59.196	0.57539				2
2026.04.02	01:30:59.497	0.57540	0.57544			6
2026.04.02	01:31:00.100	0.57540				2
2026.04.02	01:31:04.304		0.57543			4
2026.04.02	01:31:19.029	0.57539	0.57542			6
2026.04.02	01:31:19.326	0.57536	0.57540			6
2026.04.02	01:31:20.228		0.57539			4
2026.04.02	01:31:20.526	0.57538	0.57542			6
2026.04.02	01:31:20.826	0.57537	0.57541			6
2026.04.02	01:31:21.726	0.57538				2
2026.04.02	01:31:25.639	0.57537				2
2026.04.02	01:31:29.843	0.57538				2
2026.04.02	01:31:30.442		0.57542			4
2026.04.02	01:31:39.175		0.57541			4
2026.04.02	01:31:39.775		0.57540			4
2026.04.02	01:31:40.078	0.57541	0.57542			6
2026.04.02	01:31:40.677	0.57540	0.57543			6
2026.04.02	01:31:41.281	0.57539				2
2026.04.02	01:31:43.385	0.57540				2
2026.04.02	01:31:54.508	0.57539	0.57542			6
2026.04.02	01:32:00.219	0.57539				2
2026.04.02	01:32:21.239	0.57540				2
2026.04.02	01:32:27.844	0.57539	0.57541			6
2026.04.02	01:32:41.966	0.57540	0.57542			6
2026.04.02	01:33:00.009	0.57540				2
2026.04.02	01:33:07.519	0.57539	0.57541			6
2026.04.02	01:33:09.330	0.57537	0.57539			6
2026.04.02	01:33:09.625	0.57535	0.57537			6
2026.04.02	01:33:10.226	0.57534				2
2026.04.02	01:33:11.128	0.57533				2
2026.04.02	01:33:13.534	0.57534				2
2026.04.02	01:33:15.935		0.57538			4
2026.04.02	01:33:21.643	0.57535	0.57539			6
2026.04.02	01:33:27.963	0.57531	0.57535			6
2026.04.02	01:33:38.797	0.57530	0.57534			6
2026.04.02	01:34:00.129	0.57530				2
2026.04.02	01:34:24.186	0.57531				2
2026.04.02	01:34:26.894	0.57530	0.57533			6
2026.04.02	01:34:27.194	0.57528	0.57531			6
2026.04.02	01:34:28.394		0.57532			4
2026.04.02	01:34:48.225	0.57530	0.57534			6
2026.04.02	01:34:49.728	0.57529	0.57533			6
2026.04.02	01:35:00.241	0.57529				2
2026.04.02	01:35:09.248		0.57532			4
2026.04.02	01:35:10.748	0.57528	0.57531			6
2026.04.02	01:35:11.349		0.57532			4
2026.04.02	01:35:12.252		0.57531			4
2026.04.02	01:35:16.158	0.57525	0.57528			6
2026.04.02	01:35:16.457	0.57523	0.57526			6
2026.04.02	01:35:17.365	0.57522				2
2026.04.02	01:35:22.177	0.57523	0.57527			6
2026.04.02	01:35:30.292	0.57522	0.57526			6
2026.04.02	01:35:32.997	0.57523	0.57527			6
2026.04.02	01:35:38.708	0.57522	0.57526			6
2026.04.02	01:35:41.412	0.57523	0.57527			6
2026.04.02	01:35:57.943	0.57522	0.57526			6
2026.04.02	01:36:00.059	0.57522				2
2026.04.02	01:36:05.475	0.57530	0.57534			6
2026.04.02	01:36:06.977	0.57526	0.57530			6
2026.04.02	01:36:09.085	0.57530	0.57533			6
2026.04.02	01:36:09.384	0.57528	0.57532			6
2026.04.02	01:36:16.909	0.57530	0.57533			6
2026.04.02	01:36:24.716	0.57529				2
2026.04.02	01:36:26.819	0.57530	0.57534			6
2026.04.02	01:36:32.223	0.57531				2
2026.04.02	01:37:00.192	0.57531	0.57535			6
2026.04.02	01:37:02.593	0.57530	0.57534			6
2026.04.02	01:37:33.271	0.57529	0.57533			6
2026.04.02	01:37:34.176		0.57532			4
2026.04.02	01:37:45.890	0.57528				2
2026.04.02	01:37:49.200	0.57529				2
2026.04.02	01:38:00.011	0.57529				2
2026.04.02	01:38:20.145	0.57530				2
2026.04.02	01:38:21.348	0.57529	0.57531			6
2026.04.02	01:38:46.308	0.57530	0.57532			6
2026.04.02	01:38:53.814	0.57529	0.57531			6
2026.04.02	01:38:55.917	0.57530	0.57532			6
2026.04.02	01:39:00.122	0.57529	0.57531			6
2026.04.02	01:39:08.237	0.57530	0.57532			6
2026.04.02	01:39:19.061	0.57529	0.57531			6
2026.04.02	01:39:22.676	0.57530	0.57532			6
2026.04.02	01:39:28.391	0.57529	0.57531			6
2026.04.02	01:39:28.992	0.57530				2
2026.04.02	01:39:30.501		0.57532			4
2026.04.02	01:39:34.411	0.57529	0.57531			6
2026.04.02	01:39:36.812	0.57530				2
2026.04.02	01:39:42.524		0.57532			4
2026.04.02	01:39:56.942	0.57529	0.57531			6
2026.04.02	01:40:00.253	0.57529				2
2026.04.02	01:40:15.574		0.57530			4
2026.04.02	01:40:16.175		0.57531			4
2026.04.02	01:40:17.680	0.57528	0.57530			6
2026.04.02	01:40:21.889	0.57529				2
2026.04.02	01:40:22.186	0.57530	0.57532			6
2026.04.02	01:40:23.394	0.57535	0.57536			6
2026.04.02	01:40:23.690		0.57537			4
2026.04.02	01:40:24.290	0.57534	0.57538			6
2026.04.02	01:40:25.499	0.57535	0.57539			6
2026.04.02	01:40:27.007		0.57538			4
2026.04.02	01:40:27.608	0.57534				2
2026.04.02	01:40:30.611	0.57535				2
2026.04.02	01:40:31.513		0.57539			4
2026.04.02	01:40:32.113	0.57534	0.57538			6
2026.04.02	01:40:32.413	0.57535	0.57539			6
2026.04.02	01:40:37.217		0.57538			4
2026.04.02	01:40:40.524	0.57537	0.57540			6
2026.04.02	01:40:41.126	0.57536				2
2026.04.02	01:40:58.875	0.57535	0.57539			6
2026.04.02	01:41:00.078	0.57535				2
2026.04.02	01:41:05.183		0.57538			4
2026.04.02	01:41:13.009	0.57533	0.57536			6
2026.04.02	01:41:13.305	0.57534	0.57537			6
2026.04.02	01:41:26.522	0.57535				2
2026.04.02	01:41:26.819	0.57536	0.57539			6
2026.04.02	01:41:30.723	0.57543	0.57544			6
2026.04.02	01:41:31.024	0.57544	0.57546			6
2026.04.02	01:41:31.324		0.57547			4
2026.04.02	01:41:32.224		0.57548			4
2026.04.02	01:41:33.427		0.57547			4
2026.04.02	01:41:40.639	0.57543				2
2026.04.02	01:41:43.041	0.57550	0.57551			6
2026.04.02	01:41:43.341	0.57548	0.57552			6
2026.04.02	01:41:43.941		0.57551			4
2026.04.02	01:41:44.239	0.57547				2
2026.04.02	01:41:45.143	0.57545	0.57549			6
2026.04.02	01:41:53.561	0.57546	0.57550			6
2026.04.02	01:41:54.160	0.57545	0.57549			6
2026.04.02	01:41:55.067	0.57546				2
2026.04.02	01:41:55.365		0.57550			4
2026.04.02	01:41:56.268	0.57545	0.57549			6
2026.04.02	01:41:56.869	0.57546				2
2026.04.02	01:41:57.170	0.57545				2
2026.04.02	01:41:58.072	0.57546				2
2026.04.02	01:41:58.372	0.57545				2
2026.04.02	01:42:00.179	0.57545				2
2026.04.02	01:42:00.479	0.57543	0.57546			6
2026.04.02	01:42:01.078	0.57542				2
2026.04.02	01:42:21.511	0.57541	0.57545			6
2026.04.02	01:42:21.811	0.57542	0.57546			6
2026.04.02	01:42:23.914	0.57540	0.57544			6
2026.04.02	01:42:27.819		0.57543			4
2026.04.02	01:42:35.332	0.57539				2
2026.04.02	01:42:41.037	0.57540				2
2026.04.02	01:42:44.639	0.57539				2
2026.04.02	01:42:45.843	0.57540				2
2026.04.02	01:42:50.357	0.57538	0.57542			6
2026.04.02	01:42:54.262		0.57541			4
2026.04.02	01:42:55.163		0.57542			4
2026.04.02	01:42:56.666		0.57541			4
2026.04.02	01:42:59.972	0.57537				2
2026.04.02	01:43:00.271	0.57537				2
2026.04.02	01:43:04.180	0.57538				2
2026.04.02	01:43:04.477	0.57537				2
2026.04.02	01:43:05.984	0.57538				2
2026.04.02	01:43:06.281	0.57539	0.57542			6
2026.04.02	01:43:07.188		0.57543			4
2026.04.02	01:43:19.204	0.57540				2
2026.04.02	01:43:27.011	0.57541	0.57544			6
2026.04.02	01:43:33.623	0.57542	0.57545			6
2026.04.02	01:43:50.750	0.57543	0.57546			6
2026.04.02	01:43:54.364	0.57544				2
2026.04.02	01:43:58.574	0.57543	0.57545			6
2026.04.02	01:44:00.085	0.57543				2
2026.04.02	01:44:00.681	0.57544	0.57546			6
2026.04.02	01:44:05.488	0.57543	0.57545			6
2026.04.02	01:44:05.793		0.57544			4
2026.04.02	01:44:06.091		0.57545			4
2026.04.02	01:44:09.699	0.57544	0.57546			6
2026.04.02	01:44:21.413		0.57545			4
2026.04.02	01:44:23.216		0.57546			4
2026.04.02	01:44:34.631		0.57545			4
2026.04.02	01:44:37.334		0.57546			4
2026.04.02	01:44:39.437		0.57545			4
2026.04.02	01:44:39.738		0.57546			4
2026.04.02	01:44:41.539	0.57543	0.57545			6
2026.04.02	01:44:42.738	0.57544				2
2026.04.02	01:44:43.038		0.57546			4
2026.04.02	01:44:52.651	0.57545				2
2026.04.02	01:44:54.759	0.57544				2
2026.04.02	01:44:56.565		0.57545			4
2026.04.02	01:44:57.165		0.57546			4
2026.04.02	01:44:57.462	0.57543	0.57545			6
2026.04.02	01:45:00.173	0.57543				2
2026.04.02	01:45:01.378	0.57544				2
2026.04.02	01:45:01.979		0.57546			4
2026.04.02	01:45:03.181		0.57545			4
2026.04.02	01:45:07.991		0.57546			4
2026.04.02	01:45:10.101		0.57545			4
2026.04.02	01:45:22.098		0.57546			4
2026.04.02	01:45:41.650		0.57545			4
2026.04.02	01:45:44.060		0.57546			4
2026.04.02	01:45:45.866		0.57545			4
2026.04.02	01:45:46.468		0.57546			4
2026.04.02	01:45:52.183		0.57545			4
2026.04.02	01:45:52.482		0.57546			4
2026.04.02	01:45:57.903	0.57542	0.57544			6
2026.04.02	01:45:59.109		0.57543			4
2026.04.02	01:46:00.012	0.57542				2
2026.04.02	01:46:02.411		0.57544			4
2026.04.02	01:46:05.115		0.57543			4
2026.04.02	01:46:06.913		0.57544			4
2026.04.02	01:46:08.419		0.57543			4
2026.04.02	01:46:10.816	0.57541	0.57542			6
2026.04.02	01:46:12.022		0.57543			4
2026.04.02	01:46:12.921		0.57542			4
2026.04.02	01:46:14.726		0.57543			4
2026.04.02	01:46:16.524	0.57540	0.57541			6
2026.04.02	01:46:18.032		0.57542			4
2026.04.02	01:46:18.630		0.57541			4
2026.04.02	01:46:19.833		0.57542			4
2026.04.02	01:46:22.236	0.57541				2
2026.04.02	01:46:25.240		0.57543			4
2026.04.02	01:46:36.664		0.57542			4
2026.04.02	01:46:37.866		0.57543			4
2026.04.02	01:46:38.162		0.57542			4
2026.04.02	01:46:39.366		0.57543			4
2026.04.02	01:46:40.870		0.57542			4
2026.04.02	01:46:43.883		0.57543			4
2026.04.02	01:46:45.380		0.57542			4
2026.04.02	01:46:45.682	0.57542	0.57544			6
2026.04.02	01:46:48.988	0.57541	0.57543			6
2026.04.02	01:46:49.891		0.57542			4
2026.04.02	01:46:55.908		0.57543			4
2026.04.02	01:46:56.809		0.57542			4
2026.04.02	01:47:00.113	0.57541				2
2026.04.02	01:47:02.516		0.57543			4
2026.04.02	01:47:06.719	0.57540	0.57542			6
2026.04.02	01:47:07.020		0.57541			4
2026.04.02	01:47:07.318	0.57539	0.57540			6
2026.04.02	01:47:07.921		0.57541			4
2026.04.02	01:47:29.561	0.57537	0.57539			6
2026.04.02	01:47:37.374	0.57536	0.57538			6
2026.04.02	01:47:38.279	0.57537	0.57539			6
2026.04.02	01:47:44.283	0.57538	0.57540			6
2026.04.02	01:47:45.186	0.57537	0.57539			6
2026.04.02	01:47:50.295		0.57538			4
2026.04.02	01:47:59.613		0.57539			4
2026.04.02	01:48:00.217	0.57537				2
2026.04.02	01:48:02.615		0.57538			4
2026.04.02	01:48:09.821		0.57539			4
2026.04.02	01:48:11.027		0.57538			4
2026.04.02	01:48:13.432		0.57539			4
2026.04.02	01:48:15.236		0.57538			4
2026.04.02	01:48:23.047		0.57539			4
2026.04.02	01:48:35.683	0.57538				2
2026.04.02	01:48:37.186	0.57542	0.57543			6
2026.04.02	01:48:37.485		0.57544			4
2026.04.02	01:48:38.088	0.57543	0.57545			6
2026.04.02	01:48:38.387	0.57542	0.57546			6
2026.04.02	01:48:38.687		0.57545			4
2026.04.02	01:48:40.791		0.57546			4
2026.04.02	01:48:46.637	0.57543				2
2026.04.02	01:48:57.663	0.57544	0.57547			6
2026.04.02	01:48:57.964	0.57543	0.57546			6
2026.04.02	01:49:00.165	0.57543	0.57545			6
2026.04.02	01:49:00.465		0.57546			4
2026.04.02	01:49:04.994		0.57545			4
2026.04.02	01:49:05.294	0.57542				2
2026.04.02	01:49:05.594	0.57541	0.57544			6
2026.04.02	01:49:06.196	0.57540				2
2026.04.02	01:49:06.497	0.57539	0.57543			6
2026.04.02	01:49:09.203	0.57540				2
2026.04.02	01:49:10.405	0.57539				2
2026.04.02	01:49:11.005	0.57541	0.57545			6
2026.04.02	01:49:12.150	0.57542				2
2026.04.02	01:49:12.450	0.57543	0.57546			6
2026.04.02	01:49:12.750	0.57541	0.57545			6
2026.04.02	01:49:22.676	0.57540	0.57544			6
2026.04.02	01:49:28.041		0.57542			4
2026.04.02	01:49:28.941		0.57543			4
2026.04.02	01:49:29.240	0.57541	0.57545			6
2026.04.02	01:49:30.204	0.57540	0.57544			6
2026.04.02	01:49:33.998		0.57543			4
2026.04.02	01:49:35.497		0.57544			4
2026.04.02	01:49:37.314		0.57543			4
2026.04.02	01:49:41.164	0.57539				2
2026.04.02	01:49:41.464	0.57543	0.57546			6
2026.04.02	01:49:42.365	0.57542				2
2026.04.02	01:49:42.667	0.57543				2
2026.04.02	01:49:45.072	0.57551	0.57554			6
2026.04.02	01:49:45.373	0.57550				2
2026.04.02	01:49:45.974	0.57549	0.57553			6
2026.04.02	01:49:46.275	0.57550				2
2026.04.02	01:49:50.482		0.57554			4
2026.04.02	01:49:51.388		0.57553			4
2026.04.02	01:49:56.501	0.57556	0.57557			6
2026.04.02	01:49:56.801		0.57559			4
2026.04.02	01:49:57.401		0.57560			4
2026.04.02	01:50:00.177	0.57556				2
2026.04.02	01:50:00.476	0.57554	0.57558			6
2026.04.02	01:50:00.776	0.57551	0.57554			6
2026.04.02	01:50:02.512	0.57550				2
2026.04.02	01:50:03.414	0.57552	0.57555			6
2026.04.02	01:50:12.321	0.57551				2
2026.04.02	01:50:20.708	0.57550	0.57554			6
2026.04.02	01:50:22.050	0.57549	0.57553			6
2026.04.02	01:50:24.457	0.57550				2
2026.04.02	01:50:27.760	0.57552	0.57555			6
2026.04.02	01:50:37.682	0.57551				2
2026.04.02	01:50:37.982	0.57552				2
2026.04.02	01:50:38.282	0.57551				2
2026.04.02	01:50:39.183	0.57550	0.57554			6
2026.04.02	01:50:41.589	0.57549	0.57553			6
2026.04.02	01:50:42.193	0.57550	0.57554			6
2026.04.02	01:50:42.793	0.57549	0.57553			6
2026.04.02	01:51:00.223	0.57549				2
2026.04.02	01:51:02.026	0.57550				2
2026.04.02	01:51:02.327		0.57554			4
2026.04.02	01:51:03.829	0.57554	0.57557			6
2026.04.02	01:51:04.431		0.57558			4
2026.04.02	01:51:10.137		0.57557			4
2026.04.02	01:51:12.538	0.57553	0.57556			6
2026.04.02	01:51:12.838		0.57557			4
2026.04.02	01:51:14.340		0.57556			4
2026.04.02	01:51:14.640		0.57557			4
2026.04.02	01:51:15.542	0.57552	0.57556			6
2026.04.02	01:51:15.842	0.57553				2
2026.04.02	01:51:16.143		0.57557			4
2026.04.02	01:51:19.445	0.57552	0.57556			6
2026.04.02	01:51:22.451	0.57553				2
2026.04.02	01:51:22.751	0.57552				2
2026.04.02	01:51:23.052	0.57553	0.57557			6
2026.04.02	01:51:23.651	0.57552	0.57556			6
2026.04.02	01:51:32.063	0.57551	0.57555			6
2026.04.02	01:51:43.391	0.57549	0.57552			6
2026.04.02	01:51:43.692	0.57548				2
2026.04.02	01:51:50.606	0.57551	0.57555			6
2026.04.02	01:51:50.906	0.57549	0.57553			6
2026.04.02	01:51:51.206		0.57552			4
2026.04.02	01:51:51.507		0.57553			4
2026.04.02	01:51:51.807		0.57552			4
2026.04.02	01:51:56.011	0.57548				2
2026.04.02	01:51:56.310	0.57547	0.57550			6
2026.04.02	01:52:02.755	0.57547				2
2026.04.02	01:52:03.057	0.57546				2
2026.04.02	01:52:08.250		0.57549			4
2026.04.02	01:52:10.956	0.57547	0.57550			6
2026.04.02	01:52:11.256	0.57548	0.57551			6
2026.04.02	01:52:11.857	0.57547	0.57550			6
2026.04.02	01:52:14.562	0.57544	0.57547			6
2026.04.02	01:52:15.765		0.57546			4
2026.04.02	01:52:16.064	0.57543				2
2026.04.02	01:52:16.364	0.57541	0.57545			6
2026.04.02	01:52:19.974	0.57542	0.57546			6
2026.04.02	01:52:22.680	0.57546	0.57549			6
2026.04.02	01:52:22.980	0.57547	0.57551			6
2026.04.02	01:52:23.280	0.57546	0.57550			6
2026.04.02	01:52:23.881	0.57545	0.57549			6
2026.04.02	01:52:32.006	0.57549	0.57552			6
2026.04.02	01:52:32.307	0.57548				2
2026.04.02	01:52:33.807	0.57547	0.57551			6
2026.04.02	01:52:35.612	0.57546	0.57550			6
2026.04.02	01:52:41.320	0.57549	0.57552			6
2026.04.02	01:52:46.128	0.57548				2
2026.04.02	01:52:46.428	0.57549				2
2026.04.02	01:52:46.729		0.57553			4
2026.04.02	01:52:50.337	0.57548	0.57552			6
2026.04.02	01:52:50.936	0.57549				2
2026.04.02	01:52:51.237	0.57548				2
2026.04.02	01:52:52.138	0.57549	0.57553			6
2026.04.02	01:53:00.257	0.57549				2
2026.04.02	01:53:00.558	0.57548	0.57552			6
2026.04.02	01:53:02.063	0.57549				2
2026.04.02	01:53:06.876	0.57548				2
2026.04.02	01:53:07.177	0.57549				2
2026.04.02	01:53:08.078	0.57548				2
2026.04.02	01:53:08.379	0.57549				2
2026.04.02	01:53:08.679	0.57548	0.57551			6
2026.04.02	01:53:12.594	0.57547	0.57550			6
2026.04.02	01:53:14.397	0.57548				2
2026.04.02	01:53:14.697		0.57551			4
2026.04.02	01:53:33.619	0.57549	0.57552			6
2026.04.02	01:53:33.917	0.57550	0.57553			6
2026.04.02	01:53:34.818	0.57549	0.57552			6
2026.04.02	01:53:35.420	0.57548	0.57551			6
2026.04.02	01:53:40.831	0.57549	0.57552			6
2026.04.02	01:53:42.032	0.57548	0.57551			6
2026.04.02	01:53:50.439	0.57549	0.57552			6
2026.04.02	01:53:52.580	0.57548	0.57551			6
2026.04.02	01:53:55.584	0.57549				2
2026.04.02	01:53:55.888		0.57552			4
2026.04.02	01:53:58.096		0.57551			4
2026.04.02	01:54:00.200	0.57549				2
2026.04.02	01:54:01.100	0.57551	0.57553			6
2026.04.02	01:54:04.104	0.57549	0.57551			6
2026.04.02	01:54:06.206	0.57548				2
2026.04.02	01:54:07.410		0.57550			4
2026.04.02	01:54:13.416	0.57547	0.57549			6
2026.04.02	01:54:14.620	0.57546	0.57548			6
2026.04.02	01:54:19.431	0.57543	0.57545			6
2026.04.02	01:54:19.732	0.57541	0.57543			6
2026.04.02	01:54:20.332		0.57544			4
2026.04.02	01:54:26.938	0.57540	0.57543			6
2026.04.02	01:54:31.458	0.57539	0.57542			6
2026.04.02	01:54:38.382	0.57538	0.57541			6
2026.04.02	01:54:38.983	0.57539	0.57542			6
2026.04.02	01:54:43.190	0.57540	0.57543			6
2026.04.02	01:54:55.211	0.57539	0.57542			6
2026.04.02	01:55:00.020	0.57539				2
2026.04.02	01:55:00.321	0.57534	0.57537			6
2026.04.02	01:55:00.621	0.57533	0.57535			6
2026.04.02	01:55:00.921		0.57536			4
2026.04.02	01:55:01.222		0.57537			4
2026.04.02	01:55:08.129		0.57536			4
2026.04.02	01:55:08.428	0.57532	0.57535			6
2026.04.02	01:55:09.632	0.57533				2
2026.04.02	01:55:09.933		0.57536			4
2026.04.02	01:55:11.435	0.57532				2
2026.04.02	01:55:14.440	0.57533				2
2026.04.02	01:55:15.343	0.57531	0.57535			6
2026.04.02	01:55:16.844		0.57534			4
2026.04.02	01:55:17.146		0.57535			4
2026.04.02	01:55:18.349		0.57534			4
2026.04.02	01:55:21.653	0.57530				2
2026.04.02	01:55:23.154	0.57531	0.57535			6
2026.04.02	01:55:26.459		0.57534			4
2026.04.02	01:55:28.566		0.57535			4
2026.04.02	01:55:30.363	0.57530	0.57534			6
2026.04.02	01:55:33.400	0.57528	0.57531			6
2026.04.02	01:55:33.701		0.57532			4
2026.04.02	01:55:35.196	0.57527	0.57531			6
2026.04.02	01:55:43.739		0.57530			4
2026.04.02	01:55:49.230	0.57526				2
2026.04.02	01:55:50.751	0.57527				2
2026.04.02	01:55:53.367	0.57523	0.57527			6
2026.04.02	01:55:53.667	0.57522	0.57526			6
2026.04.02	01:55:53.970		0.57525			4
2026.04.02	01:55:54.270	0.57521	0.57524			6
2026.04.02	01:55:57.385	0.57520				2
2026.04.02	01:55:58.594	0.57521				2
2026.04.02	01:55:59.195		0.57525			4
2026.04.02	01:56:00.152	0.57521				2
2026.04.02	01:56:02.559	0.57520	0.57524			6
2026.04.02	01:56:03.762	0.57521	0.57525			6
2026.04.02	01:56:12.932		0.57523			4
2026.04.02	01:56:13.235	0.57522	0.57525			6
2026.04.02	01:56:13.834	0.57521	0.57523			6
2026.04.02	01:56:14.134	0.57522	0.57525			6
2026.04.02	01:56:14.435	0.57521	0.57523			6
2026.04.02	01:56:14.735	0.57522	0.57525			6
2026.04.02	01:56:15.036	0.57521	0.57523			6
2026.04.02	01:56:15.336	0.57522	0.57525			6
2026.04.02	01:56:15.638	0.57521	0.57523			6
2026.04.02	01:56:15.937	0.57522	0.57525			6
2026.04.02	01:56:16.238		0.57526			4
2026.04.02	01:56:16.538		0.57524			4
2026.04.02	01:56:16.838		0.57526			4
2026.04.02	01:56:20.149	0.57521	0.57525			6
2026.04.02	01:56:20.754	0.57520	0.57524			6
2026.04.02	01:56:22.260	0.57521	0.57525			6
2026.04.02	01:56:23.381	0.57520	0.57524			6
2026.04.02	01:56:25.316	0.57517	0.57521			6
2026.04.02	01:56:25.916	0.57516	0.57520			6
2026.04.02	01:56:30.128		0.57519			4
2026.04.02	01:56:30.728	0.57515	0.57518			6
2026.04.02	01:56:31.330		0.57519			4
2026.04.02	01:56:33.630	0.57516				2
2026.04.02	01:56:33.932		0.57520			4
2026.04.02	01:56:39.262		0.57519			4
2026.04.02	01:56:41.377		0.57520			4
2026.04.02	01:56:43.446		0.57519			4
2026.04.02	01:56:43.744	0.57517	0.57520			6
2026.04.02	01:56:44.045	0.57518	0.57521			6
2026.04.02	01:56:44.347	0.57517	0.57520			6
2026.04.02	01:56:44.649	0.57519	0.57521			6
2026.04.02	01:56:44.952	0.57518	0.57520			6
2026.04.02	01:56:45.252	0.57519	0.57521			6
2026.04.02	01:56:45.554	0.57518	0.57520			6
2026.04.02	01:56:45.854		0.57521			4
2026.04.02	01:56:46.154	0.57517	0.57519			6
2026.04.02	01:56:46.456	0.57519	0.57520			6
2026.04.02	01:56:46.756		0.57521			4
2026.04.02	01:56:47.059	0.57518	0.57520			6
2026.04.02	01:56:47.362	0.57519	0.57521			6
2026.04.02	01:56:47.663	0.57518				2
2026.04.02	01:56:56.368	0.57516	0.57520			6
2026.04.02	01:56:57.380	0.57515	0.57519			6
2026.04.02	01:57:01.045	0.57515				2
2026.04.02	01:57:01.346	0.57518	0.57521			6
2026.04.02	01:57:02.250	0.57519				2
2026.04.02	01:57:02.550		0.57522			4
2026.04.02	01:57:07.551	0.57518				2
2026.04.02	01:57:08.878	0.57517	0.57521			6
2026.04.02	01:57:09.180		0.57520			4
2026.04.02	01:57:10.101		0.57521			4
2026.04.02	01:57:11.003	0.57519				2
2026.04.02	01:57:11.304		0.57522			4
2026.04.02	01:57:11.940	0.57518				2
2026.04.02	01:57:12.240	0.57519				2
2026.04.02	01:57:12.543	0.57517	0.57521			6
2026.04.02	01:57:13.145		0.57520			4
2026.04.02	01:57:13.448	0.57516				2
2026.04.02	01:57:14.475		0.57519			4
2026.04.02	01:57:15.378	0.57515	0.57518			6
2026.04.02	01:57:16.578		0.57519			4
2026.04.02	01:57:19.285	0.57514	0.57518			6
2026.04.02	01:57:22.301	0.57515				2
2026.04.02	01:57:26.207		0.57519			4
2026.04.02	01:57:27.709	0.57516				2
2026.04.02	01:57:28.912	0.57515				2
2026.04.02	01:57:29.813	0.57517				2
2026.04.02	01:57:30.111	0.57519	0.57522			6
2026.04.02	01:57:30.410	0.57517	0.57521			6
2026.04.02	01:57:31.315	0.57515	0.57519			6
2026.04.02	01:57:41.227	0.57514	0.57518			6
2026.04.02	01:57:43.631	0.57513	0.57516			6
2026.04.02	01:57:43.931	0.57510	0.57514			6
2026.04.02	01:57:46.938	0.57511	0.57515			6
2026.04.02	01:57:47.835	0.57512	0.57516			6
2026.04.02	01:57:48.740	0.57515				2
2026.04.02	01:57:49.039		0.57519			4
2026.04.02	01:57:49.940	0.57513	0.57517			6
2026.04.02	01:57:56.253		0.57515			4
2026.04.02	01:57:57.455	0.57511				2
2026.04.02	01:57:57.753	0.57510	0.57514			6
2026.04.02	01:57:58.956		0.57513			4
2026.04.02	01:57:59.253		0.57514			4
2026.04.02	01:57:59.557	0.57511				2
2026.04.02	01:57:59.859		0.57515			4
2026.04.02	01:58:00.469	0.57511				2
2026.04.02	01:58:00.770	0.57510	0.57514			6
2026.04.02	01:58:04.683	0.57509	0.57513			6
2026.04.02	01:58:05.284	0.57508	0.57512			6
2026.04.02	01:58:12.522		0.57511			4
2026.04.02	01:58:12.822	0.57506	0.57510			6
2026.04.02	01:58:15.224	0.57507	0.57511			6
2026.04.02	01:58:16.127	0.57508				2
2026.04.02	01:58:16.427	0.57509	0.57512			6
2026.04.02	01:58:16.728		0.57513			4
2026.04.02	01:58:17.029	0.57508	0.57512			6
2026.04.02	01:58:19.132	0.57509				2
2026.04.02	01:58:19.432	0.57508				2
2026.04.02	01:58:20.633	0.57509	0.57513			6
2026.04.02	01:58:25.137	0.57512	0.57515			6
2026.04.02	01:58:25.437		0.57516			4
2026.04.02	01:58:25.737	0.57514				2
2026.04.02	01:58:26.037	0.57515	0.57517			6
2026.04.02	01:58:26.338		0.57518			4
2026.04.02	01:58:28.447	0.57516	0.57519			6
2026.04.02	01:58:28.747	0.57517	0.57521			6
2026.04.02	01:58:29.348	0.57518				2
2026.04.02	01:58:30.551	0.57519	0.57522			6
2026.04.02	01:58:30.852	0.57518				2
2026.04.02	01:58:32.358	0.57517	0.57521			6
2026.04.02	01:58:36.874	0.57516	0.57520			6
2026.04.02	01:58:41.697	0.57519	0.57521			6
2026.04.02	01:58:41.996	0.57517				2
2026.04.02	01:58:42.297	0.57518				2
2026.04.02	01:58:42.598		0.57522			4
2026.04.02	01:58:43.500	0.57516	0.57520			6
2026.04.02	01:58:44.804	0.57515	0.57519			6
2026.04.02	01:58:45.406	0.57514	0.57518			6
2026.04.02	01:58:45.706	0.57512	0.57516			6
2026.04.02	01:58:46.970	0.57515	0.57518			6
2026.04.02	01:58:47.273		0.57519			4
2026.04.02	01:58:52.971	0.57516	0.57520			6
2026.04.02	01:59:00.302	0.57516				2
2026.04.02	01:59:05.881	0.57515	0.57516			6
2026.04.02	01:59:06.181	0.57512				2
2026.04.02	01:59:07.682	0.57513				2
2026.04.02	01:59:07.983	0.57515	0.57518			6
2026.04.02	01:59:10.385	0.57516	0.57519			6
2026.04.02	01:59:11.289	0.57515				2
2026.04.02	01:59:11.590	0.57516				2
2026.04.02	01:59:13.403	0.57515				2
2026.04.02	01:59:14.304	0.57516				2
2026.04.02	01:59:14.604	0.57515				2
2026.04.02	01:59:15.205		0.57517			4
2026.04.02	01:59:15.504		0.57518			4
2026.04.02	01:59:20.308	0.57516	0.57519			6
2026.04.02	01:59:20.609		0.57520			4
2026.04.02	01:59:21.811	0.57515	0.57519			6
2026.04.02	01:59:23.914	0.57516	0.57520			6
2026.04.02	01:59:24.214	0.57517				2
2026.04.02	01:59:24.514	0.57516				2
2026.04.02	01:59:27.518	0.57517	0.57521			6
2026.04.02	01:59:33.532	0.57516	0.57520			6
2026.04.02	01:59:34.132	0.57518				2
2026.04.02	01:59:34.433		0.57521			4
2026.04.02	01:59:38.337	0.57517				2
2026.04.02	01:59:38.638	0.57516	0.57520			6
2026.04.02	01:59:38.937	0.57518	0.57521			6
2026.04.02	01:59:40.438	0.57521	0.57525			6
2026.04.02	01:59:49.457	0.57522	0.57526			6
2026.04.02	01:59:51.260	0.57523	0.57527			6
2026.04.02	01:59:53.068		0.57526			4
2026.04.02	01:59:53.369	0.57521	0.57525			6
2026.04.02	01:59:55.472	0.57522	0.57526			6
2026.04.02	01:59:57.880	0.57521	0.57525			6
2026.04.02	01:59:59.984		0.57522			4
2026.04.02	02:00:00.285	0.57526	0.57529			6
2026.04.02	02:00:01.184	0.57527	0.57531			6
2026.04.02	02:00:01.801	0.57530	0.57533			6
2026.04.02	02:00:02.402	0.57527	0.57531			6
2026.04.02	02:00:03.066		0.57530			4
2026.04.02	02:00:03.367	0.57525	0.57529			6
2026.04.02	02:00:03.968		0.57528			4
2026.04.02	02:00:07.274	0.57524				2
2026.04.02	02:00:08.778	0.57525				2
2026.04.02	02:00:09.077		0.57527			4
2026.04.02	02:00:09.378	0.57522	0.57526			6
2026.04.02	02:00:12.116	0.57523				2
2026.04.02	02:00:12.416	0.57524				2
2026.04.02	02:00:15.637	0.57525	0.57529			6
2026.04.02	02:00:15.939	0.57526				2
2026.04.02	02:00:17.542	0.57525				2
2026.04.02	02:00:18.148	0.57523	0.57526			6
2026.04.02	02:00:24.827	0.57522				2
2026.04.02	02:00:27.363	0.57525	0.57528			6
2026.04.02	02:00:28.565		0.57529			4
2026.04.02	02:00:28.866		0.57528			4
2026.04.02	02:00:30.373	0.57522	0.57526			6
2026.04.02	02:00:39.067		0.57525			4
2026.04.02	02:00:40.275		0.57526			4
2026.04.02	02:00:46.063	0.57523				2
2026.04.02	02:00:46.365	0.57522				2
2026.04.02	02:00:49.371	0.57521	0.57525			6
2026.04.02	02:00:53.579	0.57522	0.57526			6
2026.04.02	02:00:54.180	0.57523				2
2026.04.02	02:00:54.481	0.57521	0.57525			6
2026.04.02	02:00:54.781	0.57523	0.57526			6
2026.04.02	02:00:55.115	0.57522				2
2026.04.02	02:00:55.417	0.57521	0.57525			6
2026.04.02	02:00:57.219		0.57524			4
2026.04.02	02:01:00.226	0.57521				2
2026.04.02	02:01:08.035	0.57522	0.57525			6
2026.04.02	02:01:08.336	0.57521	0.57524			6
2026.04.02	02:01:15.247		0.57523			4
2026.04.02	02:01:18.254	0.57522	0.57524			6
2026.04.02	02:01:22.168	0.57521	0.57523			6
2026.04.02	02:01:22.468	0.57520	0.57522			6
2026.04.02	02:01:25.175	0.57521	0.57523			6
2026.04.02	02:01:25.776	0.57520	0.57522			6
2026.04.02	02:01:26.076	0.57521	0.57523			6
2026.04.02	02:01:33.895	0.57527	0.57529			6
2026.04.02	02:01:35.402		0.57530			4
2026.04.02	02:01:35.701		0.57531			4
2026.04.02	02:01:36.303		0.57530			4
2026.04.02	02:01:37.508	0.57526				2
2026.04.02	02:01:39.077	0.57527	0.57531			6
2026.04.02	02:01:39.380		0.57530			4
2026.04.02	02:01:39.680	0.57526				2
2026.04.02	02:01:42.432	0.57523	0.57527			6
2026.04.02	02:01:48.052	0.57521	0.57525			6
2026.04.02	02:01:48.353	0.57519	0.57523			6
2026.04.02	02:01:51.244	0.57520	0.57524			6
2026.04.02	02:01:51.845	0.57519	0.57523			6
2026.04.02	02:01:57.540		0.57522			4
2026.04.02	02:01:59.046		0.57523			4
2026.04.02	02:02:00.220	0.57519				2
2026.04.02	02:02:00.520	0.57520	0.57524			6
2026.04.02	02:02:01.121	0.57522	0.57525			6
2026.04.02	02:02:05.646	0.57521				2
2026.04.02	02:02:08.993	0.57522				2
2026.04.02	02:02:10.978	0.57521				2
2026.04.02	02:02:13.005	0.57523	0.57526			6
2026.04.02	02:02:13.305	0.57522	0.57525			6
2026.04.02	02:02:17.123	0.57524	0.57528			6
2026.04.02	02:02:18.385		0.57527			4
2026.04.02	02:02:19.293	0.57522	0.57526			6
2026.04.02	02:02:20.195	0.57523	0.57527			6
2026.04.02	02:02:21.511		0.57526			4
2026.04.02	02:02:23.313		0.57527			4
2026.04.02	02:02:24.814	0.57525	0.57528			6
2026.04.02	02:02:25.114	0.57524				2
2026.04.02	02:02:25.765	0.57523	0.57527			6
2026.04.02	02:02:27.110		0.57526			4
2026.04.02	02:02:41.230		0.57525			4
2026.04.02	02:03:00.161	0.57523				2
2026.04.02	02:03:03.172		0.57524			4
2026.04.02	02:03:05.280	0.57524	0.57525			6
2026.04.02	02:03:05.581	0.57526	0.57528			6
2026.04.02	02:03:08.283	0.57527	0.57529			6
2026.04.02	02:03:09.786	0.57526	0.57528			6
2026.04.02	02:03:19.410	0.57523	0.57525			6
2026.04.02	02:03:23.310		0.57524			4
2026.04.02	02:03:26.915		0.57525			4
2026.04.02	02:03:32.023		0.57524			4
2026.04.02	02:03:37.736		0.57525			4
2026.04.02	02:03:54.268		0.57524			4
2026.04.02	02:04:00.287	0.57523				2
2026.04.02	02:04:00.589		0.57525			4
2026.04.02	02:04:05.105	0.57525	0.57527			6
2026.04.02	02:04:11.409	0.57526	0.57528			6
2026.04.02	02:04:15.612		0.57527			4
2026.04.02	02:04:16.813		0.57528			4
2026.04.02	02:04:17.717		0.57527			4
2026.04.02	02:04:19.820		0.57528			4
2026.04.02	02:04:21.019		0.57527			4
2026.04.02	02:04:21.321		0.57528			4
2026.04.02	02:04:22.825		0.57527			4
2026.04.02	02:04:24.631	0.57525				2
2026.04.02	02:04:26.437	0.57526	0.57528			6
2026.04.02	02:04:31.240	0.57525	0.57527			6
2026.04.02	02:04:35.450		0.57526			4
2026.04.02	02:04:37.550		0.57527			4
2026.04.02	02:04:41.163	0.57526				2
2026.04.02	02:04:41.460		0.57528			4
2026.04.02	02:04:41.762	0.57525	0.57527			6
2026.04.02	02:04:45.374		0.57526			4
2026.04.02	02:04:48.374	0.57526	0.57527			6
2026.04.02	02:04:48.676		0.57528			4
2026.04.02	02:04:48.975		0.57527			4
2026.04.02	02:04:49.575		0.57528			4
2026.04.02	02:04:50.179		0.57527			4
2026.04.02	02:04:50.480		0.57528			4
2026.04.02	02:04:50.778		0.57527			4
2026.04.02	02:04:51.981		0.57528			4
2026.04.02	02:04:54.986		0.57527			4
2026.04.02	02:04:55.893	0.57527	0.57528			6
2026.04.02	02:04:56.194	0.57526	0.57527			6
2026.04.02	02:04:58.303	0.57527	0.57529			6
2026.04.02	02:05:00.110	0.57527				2
2026.04.02	02:05:00.407	0.57528				2
2026.04.02	02:05:00.709	0.57527				2
2026.04.02	02:05:02.509	0.57528				2
2026.04.02	02:05:04.010	0.57527				2
2026.04.02	02:05:11.821	0.57526	0.57527			6
2026.04.02	02:05:13.020		0.57528			4
2026.04.02	02:05:17.225	0.57527	0.57529			6
2026.04.02	02:05:25.641	0.57526	0.57528			6
2026.04.02	02:05:27.142	0.57525	0.57527			6
2026.04.02	02:05:27.439	0.57526	0.57528			6
2026.04.02	02:05:29.244	0.57528	0.57529			6
2026.04.02	02:05:29.545	0.57529	0.57530			6
2026.04.02	02:05:31.045	0.57528				2
2026.04.02	02:05:31.346		0.57529			4
2026.04.02	02:05:33.151		0.57530			4
2026.04.02	02:05:41.268	0.57529				2
2026.04.02	02:05:43.671	0.57530	0.57532			6
2026.04.02	02:05:43.971	0.57531	0.57533			6
2026.04.02	02:05:44.572		0.57532			4
2026.04.02	02:05:49.379	0.57529	0.57531			6
2026.04.02	02:05:49.677	0.57528	0.57530			6
2026.04.02	02:05:49.980	0.57527	0.57529			6
2026.04.02	02:05:53.285		0.57528			4
2026.04.02	02:05:58.402		0.57529			4
2026.04.02	02:06:00.206	0.57527				2
2026.04.02	02:06:00.508		0.57528			4
2026.04.02	02:06:01.413	0.57528	0.57530			6
2026.04.02	02:06:01.711		0.57529			4
2026.04.02	02:06:02.010		0.57530			4
2026.04.02	02:06:02.311		0.57529			4
2026.04.02	02:06:03.212		0.57530			4
2026.04.02	02:06:08.021	0.57527	0.57529			6
2026.04.02	02:06:28.442		0.57528			4
2026.04.02	02:06:35.959		0.57529			4
2026.04.02	02:06:36.263	0.57524	0.57525			6
2026.04.02	02:06:36.562	0.57523				2
2026.04.02	02:06:41.665	0.57524	0.57526			6
2026.04.02	02:06:41.965	0.57523	0.57525			6
2026.04.02	02:07:00.010	0.57523				2
2026.04.02	02:07:02.109		0.57524			4
2026.04.02	02:07:03.310		0.57525			4
2026.04.02	02:07:12.019	0.57526	0.57528			6
2026.04.02	02:07:12.318	0.57524	0.57526			6
2026.04.02	02:07:12.620		0.57525			4
2026.04.02	02:07:13.519		0.57526			4
2026.04.02	02:07:23.138		0.57525			4
2026.04.02	02:07:35.459	0.57523				2
2026.04.02	02:07:36.666	0.57524				2
2026.04.02	02:07:38.465	0.57523				2
2026.04.02	02:07:49.284	0.57524				2
2026.04.02	02:08:00.111	0.57524				2
2026.04.02	02:08:00.410	0.57523				2
2026.04.02	02:08:23.247		0.57525			4
2026.04.02	02:08:24.448	0.57526	0.57528			6
2026.04.02	02:08:25.651		0.57527			4
2026.04.02	02:08:25.953	0.57525	0.57526			6
2026.04.02	02:08:27.156		0.57527			4
2026.04.02	02:08:27.455	0.57526	0.57528			6
2026.04.02	02:08:32.267	0.57528	0.57530			6
2026.04.02	02:08:34.675	0.57527	0.57529			6
2026.04.02	02:08:36.182	0.57528	0.57530			6
2026.04.02	02:08:45.811	0.57529				2
2026.04.02	02:08:46.108	0.57528				2
2026.04.02	02:08:54.521	0.57529	0.57531			6
2026.04.02	02:08:57.527	0.57530	0.57532			6
2026.04.02	02:08:57.824	0.57531	0.57533			6
2026.04.02	02:08:58.426	0.57533	0.57535			6
2026.04.02	02:09:00.233	0.57533				2
2026.04.02	02:09:14.652		0.57534			4
2026.04.02	02:09:33.906	0.57532	0.57533			6
2026.04.02	02:09:34.207	0.57529	0.57532			6
2026.04.02	02:09:42.312		0.57531			4
2026.04.02	02:09:59.730	0.57530	0.57532			6
2026.04.02	02:10:00.030	0.57530				2
2026.04.02	02:10:10.844	0.57531	0.57533			6
2026.04.02	02:10:12.044	0.57530	0.57532			6
2026.04.02	02:10:18.062	0.57527	0.57529			6
2026.04.02	02:10:18.362	0.57526				2
2026.04.02	02:10:21.975	0.57527				2
2026.04.02	02:10:22.273	0.57528	0.57531			6
2026.04.02	02:10:24.981	0.57530	0.57533			6
2026.04.02	02:10:25.281	0.57529	0.57532			6
2026.04.02	02:10:25.582	0.57528	0.57531			6
2026.04.02	02:10:36.100		0.57530			4
2026.04.02	02:11:00.142	0.57528				2
2026.04.02	02:11:08.552	0.57527	0.57529			6
2026.04.02	02:11:13.665	0.57528	0.57530			6
2026.04.02	02:11:24.188	0.57529	0.57531			6
2026.04.02	02:12:00.238	0.57529				2
2026.04.02	02:12:24.301		0.57531			4
2026.04.02	02:12:25.504	0.57528	0.57530			6
2026.04.02	02:12:29.409	0.57529				2
2026.04.02	02:12:39.325		0.57531			4
2026.04.02	02:12:44.138	0.57530	0.57532			6
2026.04.02	02:12:44.437	0.57533	0.57535			6
2026.04.02	02:12:57.068	0.57534	0.57536			6
2026.04.02	02:12:58.272	0.57533	0.57535			6
2026.04.02	02:13:00.078	0.57533				2
2026.04.02	02:13:14.204	0.57534	0.57536			6
2026.04.02	02:13:15.108	0.57533	0.57535			6
2026.04.02	02:14:00.212	0.57533				2
2026.04.02	02:14:08.318	0.57534				2
2026.04.02	02:14:15.221		0.57535			4
2026.04.02	02:14:18.829	0.57535	0.57537			6
2026.04.02	02:14:22.137		0.57536			4
2026.04.02	02:14:24.836	0.57534				2
2026.04.02	02:14:25.137	0.57535	0.57537			6
2026.04.02	02:14:25.439	0.57534	0.57536			6
2026.04.02	02:14:26.339	0.57533	0.57535			6
2026.04.02	02:14:27.843	0.57532	0.57534			6
2026.04.02	02:14:28.441	0.57534	0.57536			6
2026.04.02	02:14:29.345	0.57535	0.57537			6
2026.04.02	02:14:30.247	0.57536	0.57538			6
2026.04.02	02:14:31.449	0.57537	0.57539			6
2026.04.02	02:14:32.349	0.57538	0.57540			6
2026.04.02	02:14:32.648	0.57537	0.57539			6
2026.04.02	02:14:36.561	0.57533	0.57535			6
2026.04.02	02:14:37.162		0.57536			4
2026.04.02	02:14:38.377	0.57534	0.57537			6
2026.04.02	02:14:39.879	0.57535				2
2026.04.02	02:14:40.479		0.57538			4
2026.04.02	02:14:41.687	0.57537	0.57540			6
2026.04.02	02:14:45.288	0.57535	0.57539			6
2026.04.02	02:14:46.187	0.57536				2
2026.04.02	02:14:46.487		0.57540			4
2026.04.02	02:14:46.787		0.57539			4
2026.04.02	02:14:56.710	0.57538	0.57541			6
2026.04.02	02:14:57.312		0.57542			4
2026.04.02	02:15:00.017	0.57538				2
2026.04.02	02:15:00.315	0.57537	0.57541			6
2026.04.02	02:15:14.357		0.57540			4
2026.04.02	02:15:22.470	0.57536	0.57539			6
2026.04.02	02:15:41.712	0.57535	0.57538			6
2026.04.02	02:15:48.323	0.57536				2
2026.04.02	02:15:54.036	0.57534	0.57536			6
2026.04.02	02:15:54.336	0.57533				2
2026.04.02	02:15:55.236	0.57532	0.57535			6
2026.04.02	02:15:56.438		0.57534			4
2026.04.02	02:16:00.039	0.57532	0.57535			6
2026.04.02	02:16:01.245	0.57533				2
2026.04.02	02:16:01.545		0.57536			4
2026.04.02	02:16:01.847		0.57535			4
2026.04.02	02:16:02.447		0.57536			4
2026.04.02	02:16:03.280	0.57532	0.57535			6
2026.04.02	02:16:25.214	0.57533				2
2026.04.02	02:16:26.414	0.57532	0.57534			6
2026.04.02	02:16:29.425	0.57530	0.57532			6
2026.04.02	02:16:29.724	0.57529	0.57531			6
2026.04.02	02:16:30.624	0.57527	0.57529			6
2026.04.02	02:16:31.224	0.57526	0.57530			6
2026.04.02	02:16:32.426	0.57529	0.57533			6
2026.04.02	02:16:32.726		0.57532			4
2026.04.02	02:16:33.626	0.57530				2
2026.04.02	02:16:33.927		0.57533			4
2026.04.02	02:16:39.751	0.57529	0.57532			6
2026.04.02	02:16:41.252	0.57527	0.57531			6
2026.04.02	02:16:42.458	0.57526	0.57530			6
2026.04.02	02:16:44.259	0.57528				2
2026.04.02	02:16:44.559	0.57529	0.57532			6
2026.04.02	02:16:48.923	0.57527	0.57531			6
2026.04.02	02:16:55.780		0.57530			4
2026.04.02	02:16:59.711		0.57531			4
2026.04.02	02:17:01.061	0.57527				2
2026.04.02	02:17:01.362	0.57526	0.57530			6
2026.04.02	02:17:05.272	0.57525	0.57529			6
2026.04.02	02:17:41.095	0.57526				2
2026.04.02	02:17:50.708	0.57525	0.57528			6
2026.04.02	02:18:00.024	0.57525				2
2026.04.02	02:18:03.332	0.57526				2
2026.04.02	02:18:50.806		0.57528			4
2026.04.02	02:19:00.115	0.57526				2
2026.04.02	02:19:45.172	0.57525	0.57527			6
2026.04.02	02:20:00.203	0.57525				2
2026.04.02	02:20:02.912	0.57519	0.57520			6
2026.04.02	02:20:03.207	0.57517	0.57518			6
2026.04.02	02:20:04.108	0.57516	0.57517			6
2026.04.02	02:20:04.408	0.57515				2
2026.04.02	02:20:04.712		0.57518			4
2026.04.02	02:20:14.456	0.57516				2
2026.04.02	02:20:16.366		0.57519			4
2026.04.02	02:20:18.326	0.57515				2
2026.04.02	02:20:24.241	0.57516				2
2026.04.02	02:20:31.453	0.57515				2
2026.04.02	02:20:32.054	0.57516				2
2026.04.02	02:20:33.675	0.57517				2
2026.04.02	02:20:43.065	0.57516				2
2026.04.02	02:20:45.243	0.57519	0.57522			6
2026.04.02	02:20:50.742	0.57518	0.57521			6
2026.04.02	02:20:56.814	0.57516	0.57520			6
2026.04.02	02:20:57.111		0.57519			4
2026.04.02	02:20:58.312	0.57515				2
2026.04.02	02:20:58.913	0.57516	0.57520			6
2026.04.02	02:21:00.868	0.57516				2
2026.04.02	02:21:02.216	0.57517				2
2026.04.02	02:21:18.753	0.57515	0.57519			6
2026.04.02	02:21:20.147	0.57513	0.57516			6
2026.04.02	02:21:24.430		0.57515			4
2026.04.02	02:21:28.454	0.57512				2
2026.04.02	02:21:43.379	0.57511	0.57514			6
2026.04.02	02:22:00.213	0.57511				2
2026.04.02	02:22:06.227	0.57512				2
2026.04.02	02:22:42.910	0.57513	0.57515			6
2026.04.02	02:22:53.729	0.57512	0.57514			6
2026.04.02	02:23:00.046	0.57512				2
2026.04.02	02:23:08.170	0.57511	0.57513			6
2026.04.02	02:23:09.377		0.57512			4
2026.04.02	02:23:09.673	0.57508	0.57509			6
2026.04.02	02:23:09.975	0.57506	0.57508			6
2026.04.02	02:23:10.877	0.57508	0.57509			6
2026.04.02	02:23:11.179		0.57511			4
2026.04.02	02:23:11.782		0.57512			4
2026.04.02	02:23:12.810	0.57509				2
2026.04.02	02:23:15.363	0.57510				2
2026.04.02	02:23:19.866	0.57506	0.57510			6
2026.04.02	02:23:20.167		0.57509			4
2026.04.02	02:23:21.068	0.57508				2
2026.04.02	02:23:21.368	0.57507	0.57510			6
2026.04.02	02:23:22.569	0.57505	0.57509			6
2026.04.02	02:23:23.472		0.57507			4
2026.04.02	02:23:23.773		0.57509			4
2026.04.02	02:23:25.555	0.57506				2
2026.04.02	02:23:51.252	0.57507				2
2026.04.02	02:23:54.561		0.57510			4
2026.04.02	02:23:54.861	0.57506				2
2026.04.02	02:23:57.382	0.57507	0.57508			6
2026.04.02	02:23:57.683	0.57506	0.57510			6
2026.04.02	02:24:00.727	0.57506				2
2026.04.02	02:24:01.328	0.57505	0.57509			6
2026.04.02	02:24:02.757	0.57504	0.57507			6
2026.04.02	02:24:03.551		0.57508			4
2026.04.02	02:24:04.626	0.57503	0.57507			6
2026.04.02	02:24:04.928	0.57500	0.57504			6
2026.04.02	02:24:09.432	0.57501	0.57505			6
2026.04.02	02:24:10.034	0.57500	0.57504			6
2026.04.02	02:24:11.524	0.57501	0.57505			6
2026.04.02	02:24:12.126		0.57504			4
2026.04.02	02:24:12.428	0.57500				2
2026.04.02	02:24:24.296	0.57498	0.57501			6
2026.04.02	02:24:30.004		0.57502			4
2026.04.02	02:24:35.390		0.57501			4
2026.04.02	02:24:38.252	0.57499	0.57503			6
2026.04.02	02:24:45.956	0.57497	0.57501			6
2026.04.02	02:24:47.313	0.57495	0.57499			6
2026.04.02	02:24:51.004		0.57498			4
2026.04.02	02:25:00.011	0.57495				2
2026.04.02	02:25:13.231	0.57494				2
2026.04.02	02:25:14.133	0.57493	0.57496			6
2026.04.02	02:25:14.733	0.57496	0.57499			6
2026.04.02	02:25:15.033		0.57500			4
2026.04.02	02:25:25.226		0.57499			4
2026.04.02	02:25:25.830	0.57495				2
2026.04.02	02:25:26.732	0.57494	0.57496			6
2026.04.02	02:25:27.032	0.57493				2
2026.04.02	02:25:30.932	0.57491	0.57494			6
2026.04.02	02:25:53.733	0.57492	0.57495			6
2026.04.02	02:25:54.576		0.57494			4
2026.04.02	02:25:56.936	0.57490				2
2026.04.02	02:25:57.236		0.57493			4
2026.04.02	02:26:00.234	0.57490				2
2026.04.02	02:26:03.838	0.57491	0.57494			6
2026.04.02	02:26:08.441	0.57492				2
2026.04.02	02:26:23.805		0.57495			4
2026.04.02	02:26:26.104		0.57494			4
2026.04.02	02:26:28.203	0.57493				2
2026.04.02	02:26:28.504	0.57496	0.57499			6
2026.04.02	02:26:32.393	0.57495				2
2026.04.02	02:26:38.682	0.57494	0.57495			6
2026.04.02	02:26:38.981	0.57490	0.57494			6
2026.04.02	02:26:39.281	0.57491				2
2026.04.02	02:26:39.582		0.57495			4
2026.04.02	02:26:45.523	0.57493				2
2026.04.02	02:26:46.844	0.57491				2
2026.04.02	02:26:47.747		0.57494			4
2026.04.02	02:26:55.268	0.57493	0.57496			6
2026.04.02	02:26:55.567	0.57494				2
2026.04.02	02:26:55.873		0.57495			4
2026.04.02	02:26:59.167		0.57496			4
2026.04.02	02:26:59.802	0.57493				2
2026.04.02	02:27:00.102	0.57493				2
2026.04.02	02:27:00.402		0.57495			4
2026.04.02	02:27:00.704	0.57487	0.57490			6
2026.04.02	02:27:01.003	0.57488	0.57491			6
2026.04.02	02:27:02.376		0.57490			4
2026.04.02	02:27:20.415		0.57491			4
2026.04.02	02:27:21.750		0.57490			4
2026.04.02	02:27:24.550	0.57487				2
2026.04.02	02:27:27.797	0.57485	0.57489			6
2026.04.02	02:27:44.242	0.57484	0.57488			6
2026.04.02	02:27:44.543	0.57483	0.57487			6
2026.04.02	02:27:45.143		0.57486			4
2026.04.02	02:27:45.743	0.57484	0.57487			6
2026.04.02	02:27:53.855	0.57485				2
2026.04.02	02:27:55.358	0.57488	0.57491			6
2026.04.02	02:27:56.479	0.57489				2
2026.04.02	02:27:59.400	0.57486	0.57490			6
2026.04.02	02:28:00.025	0.57487				2
2026.04.02	02:28:00.626	0.57488	0.57492			6
2026.04.02	02:28:01.372	0.57489				2
2026.04.02	02:28:04.830		0.57491			4
2026.04.02	02:28:10.765	0.57488				2
2026.04.02	02:28:14.225		0.57490			4
2026.04.02	02:28:41.287		0.57491			4
2026.04.02	02:28:41.587	0.57489				2
2026.04.02	02:28:48.766		0.57492			4
2026.04.02	02:28:58.128	0.57490				2
2026.04.02	02:28:59.031	0.57493	0.57495			6
2026.04.02	02:29:00.232	0.57493				2
2026.04.02	02:29:00.532		0.57496			4
2026.04.02	02:29:02.714	0.57498	0.57500			6
2026.04.02	02:29:03.014	0.57499	0.57502			6
2026.04.02	02:29:08.736	0.57498				2
2026.04.02	02:29:12.157		0.57501			4
2026.04.02	02:29:18.942	0.57499	0.57503			6
2026.04.02	02:29:20.995	0.57498	0.57502			6
2026.04.02	02:29:22.050		0.57501			4
2026.04.02	02:29:22.351	0.57496	0.57500			6
2026.04.02	02:29:22.953	0.57497				2
2026.04.02	02:29:23.252	0.57495	0.57499			6
2026.04.02	02:29:24.691	0.57496				2
2026.04.02	02:29:27.706	0.57498	0.57501			6
2026.04.02	02:29:31.733	0.57499	0.57502			6
2026.04.02	02:29:34.662		0.57501			4
2026.04.02	02:29:35.736	0.57498				2
2026.04.02	02:29:41.815		0.57502			4
2026.04.02	02:29:44.545	0.57499				2
2026.04.02	02:29:54.027	0.57500	0.57503			6
2026.04.02	02:29:54.327	0.57499	0.57502			6
2026.04.02	02:29:54.628	0.57500	0.57503			6
2026.04.02	02:29:54.927	0.57499	0.57502			6
2026.04.02	02:29:55.228	0.57500	0.57503			6
2026.04.02	02:29:55.527	0.57499	0.57502			6
2026.04.02	02:29:55.828	0.57500	0.57503			6
2026.04.02	02:29:56.129	0.57499	0.57502			6
2026.04.02	02:29:56.429	0.57500	0.57503			6
2026.04.02	02:29:56.731	0.57499	0.57502			6
2026.04.02	02:29:57.031	0.57500	0.57503			6
2026.04.02	02:29:57.331	0.57499				2
2026.04.02	02:29:58.111	0.57502	0.57505			6
2026.04.02	02:30:00.307	0.57502				2
2026.04.02	02:30:08.209	0.57501	0.57503			6
2026.04.02	02:30:08.510	0.57499	0.57502			6
2026.04.02	02:30:18.542		0.57503			4
2026.04.02	02:30:18.843		0.57502			4
2026.04.02	02:30:21.526	0.57497	0.57498			6
2026.04.02	02:30:21.827		0.57500			4
2026.04.02	02:30:22.127		0.57498			4
2026.04.02	02:30:22.427		0.57500			4
2026.04.02	02:30:22.726		0.57498			4
2026.04.02	02:30:23.029	0.57496	0.57499			6
2026.04.02	02:30:23.328	0.57498				2
2026.04.02	02:30:23.629	0.57497	0.57500			6
2026.04.02	02:30:23.931		0.57499			4
2026.04.02	02:30:24.230		0.57500			4
2026.04.02	02:30:24.531		0.57499			4
2026.04.02	02:30:24.832		0.57500			4
2026.04.02	02:30:25.923		0.57501			4
2026.04.02	02:30:26.825		0.57500			4
2026.04.02	02:30:30.620	0.57495	0.57499			6
2026.04.02	02:30:32.722		0.57498			4
2026.04.02	02:30:36.631		0.57497			4
2026.04.02	02:30:36.932	0.57496	0.57500			6
2026.04.02	02:30:37.233	0.57497				2
2026.04.02	02:30:39.638	0.57498	0.57502			6
2026.04.02	02:30:40.841	0.57499				2
2026.04.02	02:30:50.039		0.57503			4
2026.04.02	02:30:50.833	0.57500				2
2026.04.02	02:30:54.901		0.57504			4
2026.04.02	02:30:55.202	0.57498	0.57501			6
2026.04.02	02:30:56.319	0.57497				2
2026.04.02	02:30:59.463	0.57500	0.57503			6
2026.04.02	02:31:00.389	0.57500				2
2026.04.02	02:31:00.690	0.57499				2
2026.04.02	02:31:02.364		0.57502			4
2026.04.02	02:31:06.393	0.57498	0.57501			6
2026.04.02	02:31:07.898	0.57497	0.57500			6
2026.04.02	02:31:08.986		0.57499			4
2026.04.02	02:31:21.532	0.57496				2
2026.04.02	02:31:27.056		0.57498			4
2026.04.02	02:31:29.133	0.57497				2
2026.04.02	02:31:32.135	0.57496				2
2026.04.02	02:31:34.467	0.57497	0.57499			6
2026.04.02	02:31:40.174	0.57496	0.57498			6
2026.04.02	02:31:40.775	0.57497	0.57499			6
2026.04.02	02:31:59.108		0.57498			4
2026.04.02	02:32:00.009	0.57497				2
2026.04.02	02:32:00.310	0.57496				2
2026.04.02	02:32:03.915	0.57497				2
2026.04.02	02:32:07.519	0.57496				2
2026.04.02	02:32:09.922	0.57498	0.57500			6
2026.04.02	02:32:19.234	0.57497	0.57499			6
2026.04.02	02:32:24.040	0.57496	0.57498			6
2026.04.02	02:32:28.847	0.57497				2
2026.04.02	02:32:33.353	0.57496				2
2026.04.02	02:32:33.653	0.57497				2
2026.04.02	02:32:36.359	0.57498	0.57500			6
2026.04.02	02:32:42.671	0.57499				2
2026.04.02	02:32:49.593	0.57498				2
2026.04.02	02:32:53.205	0.57499				2
2026.04.02	02:32:54.406	0.57497	0.57498			6
2026.04.02	02:32:54.707		0.57499			4
2026.04.02	02:32:58.311	0.57498	0.57500			6
2026.04.02	02:33:00.114	0.57498				2
2026.04.02	02:33:08.229		0.57499			4
2026.04.02	02:33:08.530	0.57497				2
2026.04.02	02:33:09.431	0.57498				2
2026.04.02	02:33:09.732	0.57497	0.57498			6
2026.04.02	02:33:16.937	0.57500	0.57501			6
2026.04.02	02:33:17.238	0.57497	0.57499			6
2026.04.02	02:33:18.438	0.57496	0.57498			6
2026.04.02	02:33:34.078	0.57497				2
2026.04.02	02:33:38.284	0.57498	0.57499			6
2026.04.02	02:33:39.185		0.57500			4
2026.04.02	02:33:41.892		0.57499			4
2026.04.02	02:33:45.502		0.57500			4
2026.04.02	02:33:47.904	0.57497	0.57499			6
2026.04.02	02:33:57.212	0.57498				2
2026.04.02	02:34:00.220	0.57498				2
2026.04.02	02:34:00.520	0.57496	0.57498			6
2026.04.02	02:34:04.123	0.57495	0.57497			6
2026.04.02	02:34:04.723	0.57493	0.57494			6
2026.04.02	02:34:06.825	0.57490	0.57492			6
2026.04.02	02:34:07.126	0.57494	0.57495			6
2026.04.02	02:34:07.426		0.57496			4
2026.04.02	02:34:08.327	0.57493	0.57497			6
2026.04.02	02:34:09.757	0.57492	0.57496			6
2026.04.02	02:34:25.260	0.57497	0.57500			6
2026.04.02	02:34:27.064		0.57501			4
2026.04.02	02:34:27.965		0.57500			4
2026.04.02	02:34:30.976	0.57495	0.57499			6
2026.04.02	02:34:32.485	0.57494	0.57497			6
2026.04.02	02:34:33.987	0.57493	0.57496			6
2026.04.02	02:34:36.666	0.57492				2
2026.04.02	02:34:41.460	0.57493	0.57497			6
2026.04.02	02:34:41.762	0.57494				2
2026.04.02	02:34:42.062	0.57493				2
2026.04.02	02:35:00.132	0.57493				2
2026.04.02	02:35:02.633	0.57494				2
2026.04.02	02:35:09.113		0.57496			4
2026.04.02	02:35:12.417		0.57497			4
2026.04.02	02:35:24.250		0.57496			4
2026.04.02	02:35:28.460	0.57495	0.57497			6
2026.04.02	02:35:30.872	0.57496	0.57498			6
2026.04.02	02:35:51.611	0.57494	0.57496			6
2026.04.02	02:35:51.911		0.57495			4
2026.04.02	02:35:53.412	0.57492				2
2026.04.02	02:35:54.914	0.57489	0.57492			6
2026.04.02	02:35:56.115	0.57490	0.57493			6
2026.04.02	02:36:00.022	0.57490				2
2026.04.02	02:36:08.131		0.57492			4
2026.04.02	02:36:23.159	0.57493	0.57495			6
2026.04.02	02:36:24.363	0.57492	0.57494			6
2026.04.02	02:36:33.391	0.57494	0.57496			6
2026.04.02	02:36:35.492	0.57493	0.57495			6
2026.04.02	02:36:41.513	0.57494	0.57496			6
2026.04.02	02:36:41.812	0.57495	0.57497			6
2026.04.02	02:36:47.216	0.57497	0.57499			6
2026.04.02	02:36:50.819	0.57496	0.57498			6
2026.04.02	02:36:53.222	0.57497	0.57499			6
2026.04.02	02:36:54.125	0.57496	0.57498			6
2026.04.02	02:36:58.032	0.57497	0.57499			6
2026.04.02	02:36:58.334		0.57498			4
2026.04.02	02:37:00.135	0.57497				2
2026.04.02	02:37:01.339		0.57499			4
2026.04.02	02:37:02.544	0.57498	0.57500			6
2026.04.02	02:37:08.844	0.57496	0.57498			6
2026.04.02	02:37:10.049	0.57494	0.57496			6
2026.04.02	02:37:10.349	0.57493	0.57495			6
2026.04.02	02:37:11.250		0.57496			4
2026.04.02	02:37:17.263		0.57495			4
2026.04.02	02:37:30.188	0.57496	0.57498			6
2026.04.02	02:37:31.089	0.57498	0.57500			6
2026.04.02	02:37:31.390	0.57497				2
2026.04.02	02:37:32.292	0.57496	0.57499			6
2026.04.02	02:37:33.193		0.57500			4
2026.04.02	02:37:35.297	0.57495	0.57497			6
2026.04.02	02:37:35.594	0.57493	0.57496			6
2026.04.02	02:37:35.897		0.57497			4
2026.04.02	02:37:36.198	0.57495	0.57498			6
2026.04.02	02:37:42.265	0.57494				2
2026.04.02	02:37:42.565		0.57496			4
2026.04.02	02:37:42.865	0.57492				2
2026.04.02	02:37:47.832		0.57495			4
2026.04.02	02:37:48.132		0.57496			4
2026.04.02	02:37:55.338		0.57495			4
2026.04.02	02:37:56.839	0.57495	0.57498			6
2026.04.02	02:38:02.229	0.57495				2
2026.04.02	02:38:02.530	0.57497	0.57500			6
2026.04.02	02:38:03.131	0.57496	0.57499			6
2026.04.02	02:38:03.431	0.57495				2
2026.04.02	02:38:13.322		0.57498			4
2026.04.02	02:38:16.351	0.57492	0.57495			6
2026.04.02	02:38:17.251	0.57490	0.57494			6
2026.04.02	02:38:22.972		0.57491			4
2026.04.02	02:38:23.272	0.57489	0.57493			6
2026.04.02	02:38:30.197	0.57490	0.57494			6
2026.04.02	02:38:32.605	0.57489	0.57493			6
2026.04.02	02:38:34.202	0.57488	0.57492			6
2026.04.02	02:38:40.789	0.57493	0.57495			6
2026.04.02	02:38:41.390		0.57496			4
2026.04.02	02:38:43.194		0.57497			4
2026.04.02	02:38:59.116		0.57496			4
2026.04.02	02:39:00.017	0.57493				2
2026.04.02	02:39:00.617	0.57494	0.57497			6
2026.04.02	02:39:04.822	0.57495	0.57498			6
2026.04.02	02:39:09.631	0.57493	0.57496			6
2026.04.02	02:39:13.237		0.57495			4
2026.04.02	02:39:14.437	0.57492	0.57494			6
2026.04.02	02:39:15.337	0.57491				2
2026.04.02	02:39:18.644	0.57492	0.57495			6
2026.04.02	02:39:24.368	0.57493				2
2026.04.02	02:39:26.474	0.57492	0.57494			6
2026.04.02	02:40:00.136	0.57492				2
2026.04.02	02:40:02.541	0.57491	0.57493			6
2026.04.02	02:40:02.842	0.57493	0.57494			6
2026.04.02	02:40:03.442		0.57495			4
2026.04.02	02:40:05.249	0.57491	0.57493			6
2026.04.02	02:40:05.550	0.57489	0.57491			6
2026.04.02	02:40:05.851	0.57487	0.57489			6
2026.04.02	02:40:06.152		0.57490			4
2026.04.02	02:40:13.367	0.57489				2
2026.04.02	02:40:13.670		0.57493			4
2026.04.02	02:40:15.475	0.57493	0.57496			6
2026.04.02	02:40:16.376	0.57489	0.57493			6
2026.04.02	02:40:28.405		0.57492			4
2026.04.02	02:40:28.705	0.57487	0.57491			6
2026.04.02	02:40:47.482	0.57488	0.57492			6
2026.04.02	02:40:47.782	0.57490	0.57494			6
2026.04.02	02:40:48.082	0.57489	0.57493			6
2026.04.02	02:40:59.499	0.57494	0.57498			6
2026.04.02	02:41:00.099	0.57494				2
2026.04.02	02:41:00.400	0.57495	0.57499			6
2026.04.02	02:41:06.316		0.57498			4
2026.04.02	02:41:06.617		0.57499			4
2026.04.02	02:41:06.918	0.57498	0.57502			6
2026.04.02	02:41:15.635	0.57497	0.57501			6
2026.04.02	02:41:15.934	0.57498	0.57502			6
2026.04.02	02:41:16.836	0.57496	0.57499			6
2026.04.02	02:41:17.736		0.57500			4
2026.04.02	02:41:18.337		0.57499			4
2026.04.02	02:41:22.544		0.57500			4
2026.04.02	02:41:26.403	0.57498	0.57502			6
2026.04.02	02:41:31.408	0.57499	0.57503			6
2026.04.02	02:41:35.359	0.57500				2
2026.04.02	02:41:50.694	0.57503	0.57506			6
2026.04.02	02:41:51.352	0.57505	0.57509			6
2026.04.02	02:42:00.148	0.57505				2
2026.04.02	02:42:21.204	0.57506				2
2026.04.02	02:42:23.615	0.57509	0.57512			6
2026.04.02	02:42:23.915	0.57508	0.57511			6
2026.04.02	02:42:25.120	0.57507				2
2026.04.02	02:42:26.021	0.57508				2
2026.04.02	02:42:27.523	0.57507				2
2026.04.02	02:42:28.665	0.57508	0.57512			6
2026.04.02	02:42:32.113		0.57511			4
2026.04.02	02:42:33.015	0.57507	0.57510			6
2026.04.02	02:42:33.314	0.57506	0.57509			6
2026.04.02	02:42:34.214		0.57510			4
2026.04.02	02:42:35.417	0.57505	0.57509			6
2026.04.02	02:42:36.318	0.57506				2
2026.04.02	02:42:39.925	0.57507	0.57510			6
2026.04.02	02:42:40.226	0.57506	0.57509			6
2026.04.02	02:42:49.241	0.57507				2
2026.04.02	02:42:51.047	0.57500	0.57502			6
2026.04.02	02:42:52.254	0.57499	0.57503			6
2026.04.02	02:42:58.270	0.57502	0.57505			6
2026.04.02	02:42:58.570		0.57506			4
2026.04.02	02:43:03.260	0.57502				2
2026.04.02	02:43:03.559	0.57497	0.57501			6
2026.04.02	02:43:07.765	0.57498	0.57502			6
2026.04.02	02:43:08.064	0.57497	0.57501			6
2026.04.02	02:43:09.568	0.57495	0.57499			6
2026.04.02	02:43:17.413	0.57497	0.57501			6
2026.04.02	02:43:21.015	0.57496	0.57500			6
2026.04.02	02:43:22.820	0.57497	0.57501			6
2026.04.02	02:43:29.730	0.57498	0.57502			6
2026.04.02	02:43:36.641		0.57501			4
2026.04.02	02:43:39.043	0.57497				2
2026.04.02	02:43:39.343	0.57498	0.57502			6
2026.04.02	02:43:50.474	0.57499				2
2026.04.02	02:43:50.774		0.57503			4
2026.04.02	02:43:53.308	0.57498	0.57502			6
2026.04.02	02:44:00.214	0.57500	0.57503			6
2026.04.02	02:44:01.414	0.57499				2
2026.04.02	02:44:02.317	0.57500				2
2026.04.02	02:44:04.419	0.57499	0.57502			6
2026.04.02	02:44:14.339	0.57500				2
2026.04.02	02:44:18.548		0.57501			4
2026.04.02	02:44:18.848	0.57495	0.57497			6
2026.04.02	02:44:20.351		0.57498			4
2026.04.02	02:44:20.952	0.57493	0.57497			6
2026.04.02	02:44:25.767	0.57494	0.57498			6
2026.04.02	02:44:26.667	0.57495	0.57499			6
2026.04.02	02:44:33.285		0.57498			4
2026.04.02	02:44:33.888		0.57499			4
2026.04.02	02:44:36.578	0.57496	0.57500			6
2026.04.02	02:44:47.396		0.57499			4
2026.04.02	02:44:58.217	0.57497				2
2026.04.02	02:45:00.018	0.57497				2
2026.04.02	02:45:03.622	0.57496	0.57498			6
2026.04.02	02:45:07.832	0.57497	0.57499			6
2026.04.02	02:45:09.033	0.57496	0.57498			6
2026.04.02	02:45:10.534	0.57497	0.57499			6
2026.04.02	02:45:11.735	0.57496	0.57498			6
2026.04.02	02:45:12.937	0.57497	0.57499			6
2026.04.02	02:45:17.146	0.57500	0.57501			6
2026.04.02	02:45:18.348	0.57499				2
2026.04.02	02:45:21.952	0.57497	0.57499			6
2026.04.02	02:45:23.455	0.57496	0.57498			6
2026.04.02	02:45:25.261	0.57494	0.57496			6
2026.04.02	02:45:25.557	0.57491	0.57493			6
2026.04.02	02:45:26.158	0.57490	0.57494			6
2026.04.02	02:45:27.058	0.57489	0.57493			6
2026.04.02	02:45:28.260	0.57490	0.57494			6
2026.04.02	02:45:32.771	0.57489	0.57493			6
2026.04.02	02:45:33.071	0.57488	0.57492			6
2026.04.02	02:45:34.574	0.57489	0.57493			6
2026.04.02	02:45:37.880		0.57492			4
2026.04.02	02:45:41.187		0.57493			4
2026.04.02	02:45:46.114		0.57492			4
2026.04.02	02:45:49.416	0.57490				2
2026.04.02	02:45:49.716		0.57493			4
2026.04.02	02:45:50.919	0.57489	0.57492			6
2026.04.02	02:45:58.140	0.57490				2
2026.04.02	02:46:00.244	0.57490				2
2026.04.02	02:46:01.743	0.57489	0.57491			6
2026.04.02	02:46:03.544	0.57490	0.57492			6
2026.04.02	02:46:05.952	0.57489	0.57491			6
2026.04.02	02:46:07.764	0.57490	0.57492			6
2026.04.02	02:46:08.065	0.57489	0.57491			6
2026.04.02	02:46:08.363	0.57490	0.57492			6
2026.04.02	02:46:13.471	0.57494	0.57496			6
2026.04.02	02:46:14.376	0.57493				2
2026.04.02	02:46:17.382	0.57492	0.57495			6
2026.04.02	02:46:19.186	0.57493				2
2026.04.02	02:46:20.085	0.57492				2
2026.04.02	02:46:20.387	0.57493				2
2026.04.02	02:46:26.110	0.57492	0.57493			6
2026.04.02	02:46:26.407	0.57489	0.57491			6
2026.04.02	02:46:27.309	0.57488	0.57492			6
2026.04.02	02:46:31.211		0.57491			4
2026.04.02	02:46:33.614	0.57487	0.57490			6
2026.04.02	02:46:34.214	0.57486	0.57489			6
2026.04.02	02:46:37.516	0.57488	0.57490			6
2026.04.02	02:46:40.220		0.57491			4
2026.04.02	02:46:48.334	0.57489				2
2026.04.02	02:46:57.641	0.57490	0.57492			6
2026.04.02	02:46:58.248	0.57495	0.57497			6
2026.04.02	02:46:59.149		0.57498			4
2026.04.02	02:47:00.056	0.57495				2
2026.04.02	02:47:00.353	0.57496	0.57499			6
2026.04.02	02:47:10.225	0.57498	0.57501			6
2026.04.02	02:47:11.728		0.57502			4
2026.04.02	02:47:15.032		0.57501			4
2026.04.02	02:47:17.133	0.57497	0.57500			6
2026.04.02	02:47:23.151		0.57501			4
2026.04.02	02:47:24.649		0.57500			4
2026.04.02	02:47:27.088		0.57499			4
2026.04.02	02:47:43.914		0.57498			4
2026.04.02	02:47:48.726		0.57499			4
2026.04.02	02:47:50.230		0.57498			4
2026.04.02	02:47:53.234	0.57496	0.57497			6
2026.04.02	02:47:56.837	0.57495	0.57496			6
2026.04.02	02:47:57.137	0.57494				2
2026.04.02	02:47:57.737	0.57493	0.57495			6
2026.04.02	02:47:59.768	0.57496	0.57497			6
2026.04.02	02:48:00.069	0.57496				2
2026.04.02	02:48:00.369	0.57495	0.57498			6
2026.04.02	02:48:02.169	0.57496				2
2026.04.02	02:48:02.771	0.57495	0.57497			6
2026.04.02	02:48:04.275	0.57496	0.57498			6
2026.04.02	02:48:08.483	0.57494	0.57496			6
2026.04.02	02:48:12.088	0.57496	0.57498			6
2026.04.02	02:48:15.263		0.57497			4
2026.04.02	02:48:34.807		0.57498			4
2026.04.02	02:48:37.009	0.57495	0.57496			6
2026.04.02	02:48:43.920	0.57496	0.57497			6
