<DATE>	<TIME>	<BID>	<ASK>	<LAST>	<VOLUME>	<FLAGS>
2026.03.11	00:03:30.256	0.59274	0.59301			6
2026.03.11	00:04:00.061	0.59274				2
2026.03.11	00:04:31.042		0.59301			4
2026.03.11	00:05:00.023	0.59274				2
2026.03.11	00:05:05.684		0.59299			4
2026.03.11	00:05:08.684	0.59275	0.59301			6
2026.03.11	00:05:09.284	0.59274	0.59299			6
2026.03.11	00:06:00.163	0.59274				2
2026.03.11	00:06:14.377		0.59299			4
2026.03.11	00:07:00.880	0.59281				2
2026.03.11	00:07:12.316		0.59296			4
2026.03.11	00:07:13.219		0.59299			4
2026.03.11	00:07:15.332		0.59296			4
2026.03.11	00:07:15.933		0.59299			4
2026.03.11	00:08:00.184	0.59281				2
2026.03.11	00:08:04.097	0.59280				2
2026.03.11	00:08:16.135		0.59299			4
2026.03.11	00:09:00.091	0.59280				2
2026.03.11	00:09:16.346		0.59299			4
2026.03.11	00:09:46.746		0.59301			4
2026.03.11	00:09:50.960		0.59299			4
2026.03.11	00:10:00.284	0.59280	0.59301			6
2026.03.11	00:10:10.528		0.59307			4
2026.03.11	00:10:56.275	0.59279	0.59306			6
2026.03.11	00:11:00.178	0.59279				2
2026.03.11	00:11:04.988		0.59301			4
2026.03.11	00:12:00.084	0.59279				2
2026.03.11	00:12:05.198		0.59301			4
2026.03.11	00:12:36.170	0.59280				2
2026.03.11	00:13:00.237	0.59280				2
2026.03.11	00:13:05.347		0.59301			4
2026.03.11	00:13:30.298	0.59279				2
2026.03.11	00:14:00.089	0.59279				2
2026.03.11	00:14:05.505		0.59301			4
2026.03.11	00:15:00.273	0.59280				2
2026.03.11	00:15:04.182	0.59279				2
2026.03.11	00:15:05.680		0.59301			4
2026.03.11	00:17:32.351	0.59274	0.59301			6
2026.03.11	00:17:32.642	0.59279				2
2026.03.11	00:17:40.761	0.59283				2
2026.03.11	00:17:41.063	0.59311	0.59312			6
2026.03.11	00:18:00.297	0.59311				2
2026.03.11	00:18:02.998	0.59312	0.59313			6
2026.03.11	00:18:16.823	0.59311	0.59312			6
2026.03.11	00:18:19.833	0.59312	0.59313			6
2026.03.11	00:19:00.159	0.59312				2
2026.03.11	00:19:20.012		0.59313			4
2026.03.11	00:20:00.031	0.59312				2
2026.03.11	00:20:00.333	0.59289	0.59310			6
2026.03.11	00:20:28.670	0.59286				2
2026.03.11	00:20:51.673	0.59285				2
2026.03.11	00:21:01.747	0.59285	0.59310			6
2026.03.11	00:21:14.646	0.59279				2
2026.03.11	00:22:00.406	0.59279				2
2026.03.11	00:22:01.906		0.59310			4
2026.03.11	00:22:56.711	0.59278	0.59305			6
2026.03.11	00:23:00.712	0.59278				2
2026.03.11	00:23:59.349		0.59305			4
2026.03.11	00:24:06.411	0.59278				2
2026.03.11	00:24:21.048	0.59277				2
2026.03.11	00:24:35.228	0.59276				2
2026.03.11	00:25:00.025	0.59276	0.59305			6
2026.03.11	00:26:05.507	0.59276	0.59305			6
2026.03.11	00:27:00.024	0.59276				2
2026.03.11	00:27:20.165		0.59305			4
2026.03.11	00:28:00.406	0.59276				2
2026.03.11	00:28:26.350		0.59305			4
2026.03.11	00:29:03.706	0.59276				2
2026.03.11	00:29:30.163		0.59305			4
2026.03.11	00:30:03.157	0.59276				2
2026.03.11	00:30:04.385	0.59275				2
2026.03.11	00:30:30.706		0.59305			4
2026.03.11	00:30:31.310	0.59274	0.59300			6
2026.03.11	00:31:00.165	0.59274				2
2026.03.11	00:31:14.695	0.59271				2
2026.03.11	00:31:18.382	0.59272				2
2026.03.11	00:31:40.025		0.59300			4
2026.03.11	00:32:00.164	0.59272				2
2026.03.11	00:32:40.090		0.59300			4
2026.03.11	00:33:04.551	0.59272	0.59288			6
2026.03.11	00:33:04.851	0.59285	0.59300			6
2026.03.11	00:33:05.151	0.59274	0.59288			6
2026.03.11	00:33:05.452	0.59285	0.59300			6
2026.03.11	00:33:05.752	0.59274	0.59288			6
2026.03.11	00:33:06.053	0.59285	0.59300			6
2026.03.11	00:33:06.375	0.59274	0.59288			6
2026.03.11	00:33:06.675	0.59285	0.59300			6
2026.03.11	00:33:06.975	0.59274	0.59288			6
2026.03.11	00:33:07.277	0.59285	0.59300			6
2026.03.11	00:33:07.586	0.59274	0.59288			6
2026.03.11	00:33:07.885	0.59285	0.59300			6
2026.03.11	00:33:08.187	0.59274				2
2026.03.11	00:34:04.360	0.59274				2
2026.03.11	00:34:08.619		0.59300			4
2026.03.11	00:35:01.705	0.59274				2
2026.03.11	00:35:10.164		0.59300			4
2026.03.11	00:36:12.815	0.59274	0.59300			6
2026.03.11	00:37:01.547	0.59274				2
2026.03.11	00:37:20.023		0.59300			4
2026.03.11	00:38:10.164	0.59274				2
2026.03.11	00:38:20.207		0.59300			4
2026.03.11	00:39:00.102	0.59274				2
2026.03.11	00:39:08.187	0.59273				2
2026.03.11	00:39:20.464		0.59300			4
2026.03.11	00:39:31.094		0.59301			4
2026.03.11	00:40:01.386	0.59273				2
2026.03.11	00:40:01.688		0.59300			4
2026.03.11	00:40:07.312		0.59301			4
2026.03.11	00:40:41.508		0.59300			4
2026.03.11	00:41:00.163	0.59273				2
2026.03.11	00:41:06.057		0.59301			4
2026.03.11	00:41:33.121	0.59278				2
2026.03.11	00:42:06.707	0.59278	0.59301			6
2026.03.11	00:43:00.025	0.59278				2
2026.03.11	00:43:09.706		0.59301			4
2026.03.11	00:43:13.261	0.59273				2
2026.03.11	00:43:39.508		0.59299			4
2026.03.11	00:43:39.809		0.59300			4
2026.03.11	00:43:40.907		0.59301			4
2026.03.11	00:43:41.640		0.59300			4
2026.03.11	00:43:41.940		0.59299			4
2026.03.11	00:43:42.245		0.59298			4
2026.03.11	00:43:45.599		0.59299			4
2026.03.11	00:43:46.651		0.59300			4
2026.03.11	00:43:47.757		0.59298			4
2026.03.11	00:43:48.058		0.59299			4
2026.03.11	00:43:48.884		0.59298			4
2026.03.11	00:43:49.183		0.59299			4
2026.03.11	00:43:50.507		0.59298			4
2026.03.11	00:43:51.106		0.59297			4
2026.03.11	00:43:51.407		0.59298			4
2026.03.11	00:43:51.707		0.59299			4
2026.03.11	00:43:52.999		0.59298			4
2026.03.11	00:43:53.298		0.59299			4
2026.03.11	00:43:53.598		0.59300			4
2026.03.11	00:43:53.899		0.59299			4
2026.03.11	00:43:54.199		0.59298			4
2026.03.11	00:43:55.090		0.59297			4
2026.03.11	00:43:57.350		0.59298			4
2026.03.11	00:43:57.650		0.59297			4
2026.03.11	00:43:58.432		0.59299			4
2026.03.11	00:43:59.099		0.59298			4
2026.03.11	00:44:00.023	0.59273				2
2026.03.11	00:44:00.324		0.59297			4
2026.03.11	00:44:00.623		0.59298			4
2026.03.11	00:44:01.229	0.59270	0.59297			6
2026.03.11	00:44:02.448		0.59293			4
2026.03.11	00:44:04.732		0.59294			4
2026.03.11	00:44:06.832		0.59293			4
2026.03.11	00:44:11.033		0.59294			4
2026.03.11	00:44:13.134		0.59293			4
2026.03.11	00:44:17.206		0.59294			4
2026.03.11	00:44:19.438		0.59293			4
2026.03.11	00:44:23.633		0.59294			4
2026.03.11	00:44:25.735		0.59293			4
2026.03.11	00:44:29.933		0.59294			4
2026.03.11	00:44:32.034		0.59293			4
2026.03.11	00:44:36.234		0.59295			4
2026.03.11	00:44:38.332		0.59293			4
2026.03.11	00:44:39.568	0.59272	0.59297			6
2026.03.11	00:44:39.890		0.59296			4
2026.03.11	00:44:40.190		0.59297			4
2026.03.11	00:44:49.206		0.59298			4
2026.03.11	00:44:50.952		0.59297			4
2026.03.11	00:44:53.063		0.59298			4
2026.03.11	00:45:03.007	0.59263	0.59303			6
2026.03.11	00:45:06.614	0.59272	0.59298			6
2026.03.11	00:46:00.023	0.59272				2
2026.03.11	00:46:20.163		0.59298			4
2026.03.11	00:46:22.830	0.59273				2
2026.03.11	00:46:27.321	0.59272				2
2026.03.11	00:46:27.622	0.59275	0.59301			6
2026.03.11	00:47:03.025	0.59266	0.59306			6
2026.03.11	00:47:05.733	0.59275	0.59301			6
2026.03.11	00:48:01.307	0.59275				2
2026.03.11	00:48:09.406		0.59301			4
2026.03.11	00:48:25.389		0.59302			4
2026.03.11	00:48:27.489		0.59288			4
2026.03.11	00:48:27.848	0.59285	0.59302			6
2026.03.11	00:48:28.450	0.59275	0.59288			6
2026.03.11	00:48:28.750	0.59285	0.59302			6
2026.03.11	00:48:29.052	0.59275	0.59288			6
2026.03.11	00:48:29.352	0.59285	0.59302			6
2026.03.11	00:48:29.652	0.59275	0.59288			6
2026.03.11	00:48:29.952	0.59285	0.59303			6
2026.03.11	00:48:30.556	0.59275	0.59288			6
2026.03.11	00:48:30.860	0.59285	0.59303			6
2026.03.11	00:48:31.160	0.59275	0.59288			6
2026.03.11	00:48:31.462	0.59285	0.59303			6
2026.03.11	00:48:31.763	0.59275				2
2026.03.11	00:48:46.882		0.59302			4
2026.03.11	00:48:59.711		0.59299			4
2026.03.11	00:49:00.163	0.59275				2
2026.03.11	00:49:00.464		0.59302			4
2026.03.11	00:49:03.409		0.59299			4
2026.03.11	00:49:03.712		0.59302			4
2026.03.11	00:49:23.199		0.59301			4
2026.03.11	00:49:33.127		0.59302			4
2026.03.11	00:50:03.211	0.59275				2
2026.03.11	00:50:09.981		0.59299			4
2026.03.11	00:50:10.583		0.59302			4
2026.03.11	00:50:11.981		0.59299			4
2026.03.11	00:50:12.481		0.59302			4
2026.03.11	00:50:24.108		0.59301			4
2026.03.11	00:50:32.181	0.59271				2
2026.03.11	00:50:34.611		0.59302			4
2026.03.11	00:50:40.008		0.59301			4
2026.03.11	00:51:02.511	0.59271				2
2026.03.11	00:51:16.631	0.59274				2
2026.03.11	00:51:18.265	0.59271				2
2026.03.11	00:51:30.535	0.59272				2
2026.03.11	00:51:30.838		0.59300			4
2026.03.11	00:51:44.534	0.59273				2
2026.03.11	00:51:53.646		0.59299			4
2026.03.11	00:51:54.145	0.59275	0.59300			6
2026.03.11	00:51:54.645	0.59273				2
2026.03.11	00:51:56.646	0.59275				2
2026.03.11	00:51:57.645	0.59273				2
2026.03.11	00:52:00.707	0.59273	0.59299			6
2026.03.11	00:52:05.762		0.59300			4
2026.03.11	00:52:21.707		0.59299			4
2026.03.11	00:52:38.206		0.59300			4
2026.03.11	00:52:48.930	0.59283	0.59305			6
2026.03.11	00:52:49.232		0.59304			4
2026.03.11	00:52:52.933	0.59286	0.59305			6
2026.03.11	00:52:53.233		0.59313			4
2026.03.11	00:52:55.907	0.59287				2
2026.03.11	00:52:56.806	0.59286				2
2026.03.11	00:53:05.507	0.59286				2
2026.03.11	00:53:29.208	0.59285				2
2026.03.11	00:53:32.507	0.59286				2
2026.03.11	00:53:52.943	0.59289				2
2026.03.11	00:53:59.345		0.59313			4
2026.03.11	00:53:59.646	0.59291	0.59312			6
2026.03.11	00:54:04.907	0.59291				2
2026.03.11	00:54:05.208		0.59313			4
2026.03.11	00:54:09.632		0.59311			4
2026.03.11	00:54:53.265		0.59313			4
2026.03.11	00:55:01.141	0.59291				2
2026.03.11	00:55:06.540		0.59311			4
2026.03.11	00:55:09.087	0.59288	0.59316			6
2026.03.11	00:55:09.386	0.59291	0.59311			6
2026.03.11	00:55:47.359		0.59313			4
2026.03.11	00:55:52.778		0.59312			4
2026.03.11	00:56:00.013	0.59288				2
2026.03.11	00:56:23.479	0.59291				2
2026.03.11	00:56:51.167	0.59297				2
2026.03.11	00:56:52.968		0.59312			4
2026.03.11	00:57:00.193	0.59297				2
2026.03.11	00:57:08.916	0.59296				2
2026.03.11	00:57:20.057	0.59295				2
2026.03.11	00:57:52.842		0.59313			4
2026.03.11	00:57:53.140	0.59296	0.59323			6
2026.03.11	00:58:00.058	0.59296				2
2026.03.11	00:58:00.960	0.59297	0.59317			6
2026.03.11	00:58:07.869		0.59315			4
2026.03.11	00:58:08.169		0.59313			4
2026.03.11	00:58:12.981		0.59315			4
2026.03.11	00:58:13.582		0.59317			4
2026.03.11	00:58:18.094	0.59296	0.59318			6
2026.03.11	00:58:46.683		0.59315			4
2026.03.11	00:58:49.692	0.59295				2
2026.03.11	00:58:50.894		0.59313			4
2026.03.11	00:58:52.998		0.59316			4
2026.03.11	00:58:53.299		0.59319			4
2026.03.11	00:59:00.216	0.59295				2
2026.03.11	00:59:53.184		0.59317			4
2026.03.11	00:59:53.787		0.59315			4
2026.03.11	00:59:58.295	0.59264	0.59303			6
2026.03.11	01:00:00.100	0.59264				2
2026.03.11	01:00:00.397	0.59263	0.59308			6
2026.03.11	01:00:00.700	0.59274	0.59301			6
2026.03.11	01:00:01.002	0.59267				2
2026.03.11	01:00:01.303	0.59275	0.59302			6
2026.03.11	01:00:01.599	0.59274	0.59304			6
2026.03.11	01:00:02.201		0.59301			4
2026.03.11	01:00:02.499	0.59273				2
2026.03.11	01:00:02.799	0.59271	0.59302			6
2026.03.11	01:00:03.400	0.59273				2
2026.03.11	01:00:03.702	0.59271	0.59312			6
2026.03.11	01:00:04.003	0.59274	0.59310			6
2026.03.11	01:00:04.300	0.59273	0.59312			6
2026.03.11	01:00:04.601	0.59271	0.59305			6
2026.03.11	01:00:04.902	0.59270	0.59312			6
2026.03.11	01:00:05.202		0.59311			4
2026.03.11	01:00:05.502		0.59312			4
2026.03.11	01:00:05.804	0.59268	0.59313			6
2026.03.11	01:00:06.103	0.59269				2
2026.03.11	01:00:06.404		0.59312			4
2026.03.11	01:00:06.703	0.59271	0.59313			6
2026.03.11	01:00:07.005	0.59273	0.59307			6
2026.03.11	01:00:07.304	0.59279	0.59306			6
2026.03.11	01:00:07.603		0.59307			4
2026.03.11	01:00:09.105	0.59278				2
2026.03.11	01:00:09.406		0.59303			4
2026.03.11	01:00:09.705		0.59304			4
2026.03.11	01:00:10.304	0.59280				2
2026.03.11	01:00:10.605		0.59303			4
2026.03.11	01:00:14.814	0.59279				2
2026.03.11	01:00:18.117	0.59278				2
2026.03.11	01:00:18.417		0.59306			4
2026.03.11	01:00:20.520		0.59304			4
2026.03.11	01:00:20.820	0.59281	0.59307			6
2026.03.11	01:00:21.120		0.59304			4
2026.03.11	01:00:21.421		0.59307			4
2026.03.11	01:00:21.720	0.59279	0.59306			6
2026.03.11	01:00:22.020	0.59280	0.59304			6
2026.03.11	01:00:24.723		0.59305			4
2026.03.11	01:00:25.023		0.59302			4
2026.03.11	01:00:25.327		0.59305			4
2026.03.11	01:00:26.528		0.59303			4
2026.03.11	01:00:27.129	0.59279				2
2026.03.11	01:00:27.429	0.59280				2
2026.03.11	01:00:28.630	0.59277	0.59306			6
2026.03.11	01:00:28.930	0.59276				2
2026.03.11	01:00:30.130		0.59304			4
2026.03.11	01:00:30.430	0.59275				2
2026.03.11	01:00:30.731		0.59307			4
2026.03.11	01:00:32.832	0.59274				2
2026.03.11	01:00:33.132	0.59276				2
2026.03.11	01:00:33.432	0.59279				2
2026.03.11	01:00:33.732		0.59304			4
2026.03.11	01:00:34.032		0.59305			4
2026.03.11	01:00:34.332		0.59302			4
2026.03.11	01:00:34.632		0.59305			4
2026.03.11	01:00:34.932		0.59303			4
2026.03.11	01:00:35.232		0.59305			4
2026.03.11	01:00:36.432		0.59303			4
2026.03.11	01:00:37.934		0.59305			4
2026.03.11	01:00:38.233		0.59303			4
2026.03.11	01:00:38.832	0.59277				2
2026.03.11	01:00:39.133		0.59308			4
2026.03.11	01:00:39.433		0.59309			4
2026.03.11	01:00:39.733		0.59308			4
2026.03.11	01:00:40.332		0.59309			4
2026.03.11	01:00:40.632		0.59308			4
2026.03.11	01:00:40.933		0.59309			4
2026.03.11	01:00:41.534		0.59308			4
2026.03.11	01:00:41.834		0.59310			4
2026.03.11	01:00:43.637	0.59273				2
2026.03.11	01:00:43.937	0.59275	0.59309			6
2026.03.11	01:00:44.237		0.59306			4
2026.03.11	01:00:44.538	0.59274	0.59309			6
2026.03.11	01:00:45.138	0.59277	0.59307			6
2026.03.11	01:00:45.438	0.59276	0.59309			6
2026.03.11	01:00:51.441		0.59308			4
2026.03.11	01:00:52.044		0.59307			4
2026.03.11	01:00:52.342		0.59309			4
2026.03.11	01:00:52.643		0.59305			4
2026.03.11	01:00:54.746		0.59304			4
2026.03.11	01:00:55.647		0.59307			4
2026.03.11	01:00:55.949		0.59301			4
2026.03.11	01:00:56.250		0.59307			4
2026.03.11	01:00:56.852		0.59303			4
2026.03.11	01:00:57.153		0.59307			4
2026.03.11	01:00:57.454		0.59302			4
2026.03.11	01:00:57.754	0.59273	0.59306			6
2026.03.11	01:00:58.054	0.59272	0.59307			6
2026.03.11	01:00:58.956	0.59277	0.59302			6
2026.03.11	01:00:59.257	0.59272	0.59306			6
2026.03.11	01:00:59.555	0.59278	0.59305			6
2026.03.11	01:00:59.856	0.59272	0.59308			6
2026.03.11	01:01:00.156	0.59276	0.59300			6
2026.03.11	01:01:00.458		0.59301			4
2026.03.11	01:01:00.756	0.59277	0.59300			6
2026.03.11	01:01:01.058	0.59275	0.59303			6
2026.03.11	01:01:01.357	0.59277	0.59302			6
2026.03.11	01:01:01.959		0.59300			4
2026.03.11	01:01:02.558	0.59278				2
2026.03.11	01:01:02.858		0.59303			4
2026.03.11	01:01:03.158		0.59300			4
2026.03.11	01:01:03.459	0.59279	0.59299			6
2026.03.11	01:01:04.059		0.59300			4
2026.03.11	01:01:04.359	0.59280				2
2026.03.11	01:01:04.660	0.59278	0.59301			6
2026.03.11	01:01:04.959		0.59296			4
2026.03.11	01:01:05.859		0.59299			4
2026.03.11	01:01:06.159		0.59298			4
2026.03.11	01:01:06.761	0.59277	0.59296			6
2026.03.11	01:01:07.061		0.59293			4
2026.03.11	01:01:07.359		0.59297			4
2026.03.11	01:01:07.660	0.59279	0.59295			6
2026.03.11	01:01:07.960		0.59298			4
2026.03.11	01:01:08.560	0.59284				2
2026.03.11	01:01:08.861		0.59305			4
2026.03.11	01:01:09.761		0.59301			4
2026.03.11	01:01:13.371	0.59285				2
2026.03.11	01:01:13.671		0.59310			4
2026.03.11	01:01:17.274		0.59304			4
2026.03.11	01:01:17.878		0.59303			4
2026.03.11	01:01:18.179	0.59286				2
2026.03.11	01:01:19.381	0.59287				2
2026.03.11	01:01:19.682		0.59305			4
2026.03.11	01:01:21.485		0.59303			4
2026.03.11	01:01:25.091	0.59286				2
2026.03.11	01:01:25.394		0.59305			4
2026.03.11	01:01:25.695	0.59285				2
2026.03.11	01:01:26.594	0.59313	0.59314			6
2026.03.11	01:01:29.599	0.59312	0.59313			6
2026.03.11	01:01:30.200	0.59313	0.59314			6
2026.03.11	01:01:30.799	0.59312	0.59313			6
2026.03.11	01:01:32.901	0.59310	0.59311			6
2026.03.11	01:01:33.200	0.59313	0.59314			6
2026.03.11	01:01:33.502	0.59312	0.59313			6
2026.03.11	01:01:34.401	0.59313	0.59314			6
2026.03.11	01:01:36.207	0.59312	0.59313			6
2026.03.11	01:01:37.706	0.59311	0.59312			6
2026.03.11	01:01:38.007	0.59313	0.59314			6
2026.03.11	01:01:38.307	0.59311	0.59312			6
2026.03.11	01:01:41.010	0.59305	0.59306			6
2026.03.11	01:01:41.311	0.59288	0.59293			6
2026.03.11	01:01:41.612		0.59294			4
2026.03.11	01:01:42.514	0.59313	0.59314			6
2026.03.11	01:01:55.141	0.59312	0.59313			6
2026.03.11	01:02:00.251	0.59312				2
2026.03.11	01:02:04.760	0.59310	0.59311			6
2026.03.11	01:02:05.058	0.59296	0.59300			6
2026.03.11	01:02:06.560	0.59315	0.59316			6
2026.03.11	01:02:06.861	0.59295	0.59299			6
2026.03.11	01:02:12.570	0.59293				2
2026.03.11	01:02:13.170	0.59289	0.59297			6
2026.03.11	01:02:13.470	0.59314	0.59315			6
2026.03.11	01:02:14.670	0.59309	0.59310			6
2026.03.11	01:02:14.971	0.59289	0.59297			6
2026.03.11	01:02:18.278	0.59287				2
2026.03.11	01:02:18.576	0.59312	0.59313			6
2026.03.11	01:02:18.875	0.59285	0.59295			6
2026.03.11	01:02:24.282	0.59286				2
2026.03.11	01:02:28.788	0.59285				2
2026.03.11	01:02:35.708	0.59287	0.59296			6
2026.03.11	01:02:36.007		0.59297			4
2026.03.11	01:02:46.221		0.59296			4
2026.03.11	01:02:47.426		0.59297			4
2026.03.11	01:02:55.839	0.59312	0.59313			6
2026.03.11	01:02:56.139	0.59313	0.59314			6
2026.03.11	01:02:57.039	0.59312	0.59313			6
2026.03.11	01:03:00.044	0.59312				2
2026.03.11	01:03:00.345	0.59314	0.59315			6
2026.03.11	01:03:01.546	0.59315	0.59316			6
2026.03.11	01:03:01.846	0.59293	0.59295			6
2026.03.11	01:03:02.147	0.59292				2
2026.03.11	01:03:03.347		0.59294			4
2026.03.11	01:03:04.255	0.59291				2
2026.03.11	01:03:12.068		0.59295			4
2026.03.11	01:03:12.369		0.59294			4
2026.03.11	01:03:21.385	0.59295	0.59299			6
2026.03.11	01:03:22.584	0.59296	0.59300			6
2026.03.11	01:03:31.899	0.59302	0.59306			6
2026.03.11	01:03:34.301	0.59304	0.59308			6
2026.03.11	01:03:37.306	0.59308	0.59309			6
2026.03.11	01:03:37.606	0.59304	0.59308			6
2026.03.11	01:03:42.715	0.59306	0.59310			6
2026.03.11	01:03:43.912	0.59307	0.59311			6
2026.03.11	01:03:49.922	0.59309	0.59313			6
2026.03.11	01:03:50.522	0.59310	0.59314			6
2026.03.11	01:03:51.123	0.59309	0.59313			6
2026.03.11	01:03:51.423	0.59310	0.59314			6
2026.03.11	01:03:56.225	0.59311				2
2026.03.11	01:03:59.536	0.59310				2
2026.03.11	01:04:00.141	0.59310				2
2026.03.11	01:04:04.644	0.59311				2
2026.03.11	01:04:10.362	0.59310				2
2026.03.11	01:04:23.575	0.59311	0.59315			6
2026.03.11	01:04:29.285	0.59310	0.59314			6
2026.03.11	01:04:30.487	0.59311	0.59315			6
2026.03.11	01:04:31.390	0.59310	0.59314			6
2026.03.11	01:04:37.403	0.59311				2
2026.03.11	01:04:51.237	0.59310				2
2026.03.11	01:04:54.853		0.59312			4
2026.03.11	01:04:55.154	0.59311	0.59314			6
2026.03.11	01:04:55.453	0.59310	0.59312			6
2026.03.11	01:04:55.754	0.59311	0.59314			6
2026.03.11	01:04:56.053	0.59310	0.59312			6
2026.03.11	01:04:56.355	0.59311	0.59314			6
2026.03.11	01:04:56.655	0.59310	0.59312			6
2026.03.11	01:04:56.954	0.59311	0.59314			6
2026.03.11	01:04:57.254	0.59310	0.59312			6
2026.03.11	01:04:57.558	0.59311	0.59314			6
2026.03.11	01:04:57.855	0.59310	0.59312			6
2026.03.11	01:04:58.158	0.59311	0.59314			6
2026.03.11	01:04:58.456	0.59310				2
2026.03.11	01:05:00.262	0.59310				2
2026.03.11	01:05:01.462	0.59308	0.59309			6
2026.03.11	01:05:01.761	0.59305	0.59308			6
2026.03.11	01:05:08.070		0.59309			4
2026.03.11	01:05:11.074	0.59306				2
2026.03.11	01:05:15.884		0.59310			4
2026.03.11	01:05:18.586		0.59309			4
2026.03.11	01:05:20.388	0.59305				2
2026.03.11	01:05:21.590	0.59306				2
2026.03.11	01:05:45.936	0.59305				2
2026.03.11	01:06:00.067	0.59305				2
2026.03.11	01:06:03.071	0.59306	0.59310			6
2026.03.11	01:06:12.679	0.59305	0.59309			6
2026.03.11	01:06:14.183	0.59299	0.59303			6
2026.03.11	01:06:14.483	0.59301	0.59304			6
2026.03.11	01:06:14.783	0.59302	0.59306			6
2026.03.11	01:06:22.291	0.59306	0.59310			6
2026.03.11	01:06:56.259		0.59309			4
2026.03.11	01:07:00.171	0.59306				2
2026.03.11	01:07:01.975	0.59301	0.59304			6
2026.03.11	01:07:02.274	0.59300				2
2026.03.11	01:07:02.575	0.59301	0.59305			6
2026.03.11	01:07:12.187		0.59304			4
2026.03.11	01:08:00.260	0.59301				2
2026.03.11	01:08:12.274		0.59304			4
2026.03.11	01:08:32.402	0.59296	0.59299			6
2026.03.11	01:08:33.001	0.59295	0.59298			6
2026.03.11	01:08:33.900		0.59300			4
2026.03.11	01:08:36.001		0.59298			4
2026.03.11	01:08:48.924	0.59294	0.59297			6
2026.03.11	01:08:49.224	0.59295	0.59298			6
2026.03.11	01:09:00.050	0.59295				2
2026.03.11	01:09:09.972	0.59292	0.59295			6
2026.03.11	01:09:11.175	0.59291	0.59294			6
2026.03.11	01:09:43.656	0.59290	0.59293			6
2026.03.11	01:09:48.764	0.59291	0.59294			6
2026.03.11	01:10:00.185	0.59291				2
2026.03.11	01:10:24.234	0.59292				2
2026.03.11	01:10:25.137	0.59291				2
2026.03.11	01:10:26.640	0.59292				2
2026.03.11	01:10:27.243	0.59291				2
2026.03.11	01:10:32.360		0.59293			4
2026.03.11	01:10:54.902	0.59290	0.59292			6
2026.03.11	01:10:55.202	0.59289	0.59291			6
2026.03.11	01:11:00.019	0.59289				2
2026.03.11	01:11:03.938	0.59292	0.59294			6
2026.03.11	01:11:12.361	0.59290	0.59292			6
2026.03.11	01:11:12.659	0.59288	0.59290			6
2026.03.11	01:11:14.771	0.59289	0.59291			6
2026.03.11	01:11:15.073	0.59290	0.59292			6
2026.03.11	01:11:15.369	0.59291	0.59293			6
2026.03.11	01:11:16.272	0.59292	0.59294			6
2026.03.11	01:11:56.835	0.59297	0.59299			6
2026.03.11	01:11:57.137	0.59299	0.59301			6
2026.03.11	01:11:59.844	0.59300	0.59302			6
2026.03.11	01:12:00.143	0.59300				2
2026.03.11	01:12:01.346	0.59297	0.59299			6
2026.03.11	01:12:22.684	0.59296	0.59298			6
2026.03.11	01:13:00.266	0.59296				2
2026.03.11	01:13:01.769	0.59297	0.59299			6
2026.03.11	01:13:10.480	0.59296	0.59298			6
2026.03.11	01:13:25.805	0.59298	0.59300			6
2026.03.11	01:13:28.809	0.59299	0.59301			6
2026.03.11	01:14:00.081	0.59299				2
2026.03.11	01:14:01.881	0.59298	0.59300			6
2026.03.11	01:14:06.087	0.59299	0.59301			6
2026.03.11	01:14:06.386	0.59298	0.59300			6
2026.03.11	01:14:12.993	0.59299	0.59301			6
2026.03.11	01:14:41.562	0.59300	0.59302			6
2026.03.11	01:14:42.164	0.59299	0.59301			6
2026.03.11	01:14:54.788	0.59298	0.59300			6
2026.03.11	01:15:00.201	0.59298				2
2026.03.11	01:15:03.199	0.59299	0.59301			6
2026.03.11	01:15:14.030	0.59300	0.59302			6
2026.03.11	01:15:15.538	0.59299	0.59301			6
2026.03.11	01:15:32.069	0.59300	0.59302			6
2026.03.11	01:15:53.705	0.59299	0.59301			6
2026.03.11	01:16:00.024	0.59299				2
2026.03.11	01:16:08.746	0.59298	0.59300			6
2026.03.11	01:16:46.017	0.59297	0.59299			6
2026.03.11	01:17:00.171	0.59297				2
2026.03.11	01:17:32.976	0.59290	0.59292			6
2026.03.11	01:17:33.276	0.59289	0.59291			6
2026.03.11	01:17:35.684	0.59287	0.59289			6
2026.03.11	01:17:36.888	0.59288	0.59290			6
2026.03.11	01:17:37.791	0.59287	0.59289			6
2026.03.11	01:17:41.098	0.59288	0.59290			6
2026.03.11	01:18:00.057	0.59288				2
2026.03.11	01:18:13.273	0.59289	0.59291			6
2026.03.11	01:18:30.401	0.59288	0.59290			6
2026.03.11	01:18:50.562	0.59287	0.59289			6
2026.03.11	01:18:53.277	0.59284	0.59286			6
2026.03.11	01:18:53.572	0.59283	0.59285			6
2026.03.11	01:19:00.182	0.59283				2
2026.03.11	01:19:05.590	0.59284	0.59286			6
2026.03.11	01:19:19.719	0.59283	0.59285			6
2026.03.11	01:19:20.018	0.59282	0.59284			6
2026.03.11	01:19:22.728	0.59283	0.59285			6
2026.03.11	01:19:23.030	0.59282	0.59284			6
2026.03.11	01:20:00.035	0.59282				2
2026.03.11	01:20:23.170		0.59284			4
2026.03.11	01:20:31.884	0.59279	0.59281			6
2026.03.11	01:20:34.892		0.59280			4
2026.03.11	01:20:35.190		0.59281			4
2026.03.11	01:20:35.491	0.59278	0.59280			6
2026.03.11	01:20:35.792		0.59279			4
2026.03.11	01:20:36.097		0.59280			4
2026.03.11	01:20:36.395		0.59279			4
2026.03.11	01:20:36.701		0.59280			4
2026.03.11	01:20:37.000		0.59279			4
2026.03.11	01:20:37.299		0.59280			4
2026.03.11	01:20:37.599		0.59279			4
2026.03.11	01:20:38.203		0.59280			4
2026.03.11	01:20:38.500		0.59279			4
2026.03.11	01:20:38.800		0.59280			4
2026.03.11	01:20:39.402	0.59277	0.59279			6
2026.03.11	01:20:44.220	0.59278	0.59280			6
2026.03.11	01:20:44.517	0.59279	0.59281			6
2026.03.11	01:20:53.836	0.59278	0.59280			6
2026.03.11	01:20:54.737	0.59279	0.59281			6
2026.03.11	01:20:55.643	0.59278	0.59280			6
2026.03.11	01:20:55.941	0.59279	0.59281			6
2026.03.11	01:20:56.540	0.59278	0.59280			6
2026.03.11	01:21:00.152	0.59278				2
2026.03.11	01:21:01.048	0.59279	0.59281			6
2026.03.11	01:21:02.255	0.59278	0.59280			6
2026.03.11	01:21:05.564	0.59279	0.59281			6
2026.03.11	01:21:07.666	0.59278	0.59280			6
2026.03.11	01:21:08.870	0.59277	0.59279			6
2026.03.11	01:21:19.083	0.59278	0.59280			6
2026.03.11	01:21:19.980	0.59277	0.59279			6
2026.03.11	01:21:37.416		0.59278			4
2026.03.11	01:21:40.723	0.59276	0.59277			6
2026.03.11	01:21:41.627		0.59278			4
2026.03.11	01:21:42.829	0.59277				2
2026.03.11	01:21:45.538	0.59276				2
2026.03.11	01:21:51.858	0.59278	0.59279			6
2026.03.11	01:21:52.159		0.59280			4
2026.03.11	01:21:53.964		0.59279			4
2026.03.11	01:21:56.068		0.59280			4
2026.03.11	01:21:56.969		0.59279			4
2026.03.11	01:22:00.278	0.59278				2
2026.03.11	01:22:00.880	0.59279	0.59281			6
2026.03.11	01:22:02.081	0.59280				2
2026.03.11	01:22:11.993	0.59279				2
2026.03.11	01:22:12.293	0.59278	0.59280			6
2026.03.11	01:22:14.697	0.59277	0.59279			6
2026.03.11	01:22:14.999	0.59278				2
2026.03.11	01:22:16.199		0.59280			4
2026.03.11	01:22:17.999	0.59277	0.59279			6
2026.03.11	01:22:21.302	0.59278				2
2026.03.11	01:22:22.809		0.59280			4
2026.03.11	01:22:23.110	0.59279	0.59281			6
2026.03.11	01:22:23.710	0.59278	0.59280			6
2026.03.11	01:22:24.014	0.59281	0.59283			6
2026.03.11	01:22:24.314	0.59279	0.59281			6
2026.03.11	01:22:25.513	0.59278	0.59280			6
2026.03.11	01:22:36.031	0.59279				2
2026.03.11	01:22:37.233	0.59278				2
2026.03.11	01:22:39.639	0.59279				2
2026.03.11	01:22:48.057	0.59278				2
2026.03.11	01:22:52.565	0.59279				2
2026.03.11	01:22:54.967		0.59281			4
2026.03.11	01:23:00.084	0.59279				2
2026.03.11	01:23:25.025	0.59280				2
2026.03.11	01:23:26.826	0.59279				2
2026.03.11	01:23:30.740	0.59280				2
2026.03.11	01:23:33.447	0.59279				2
2026.03.11	01:23:43.062	0.59280				2
2026.03.11	01:23:44.264	0.59279				2
2026.03.11	01:23:45.165	0.59280				2
2026.03.11	01:23:46.066	0.59279				2
2026.03.11	01:23:53.580	0.59280				2
2026.03.11	01:23:55.080		0.59281			4
2026.03.11	01:23:55.680	0.59281	0.59283			6
2026.03.11	01:23:58.985	0.59282	0.59284			6
2026.03.11	01:23:59.587	0.59283				2
2026.03.11	01:24:00.185	0.59283				2
2026.03.11	01:24:04.994	0.59282				2
2026.03.11	01:24:06.797	0.59283				2
2026.03.11	01:24:10.707		0.59285			4
2026.03.11	01:24:12.511	0.59284				2
2026.03.11	01:24:12.816	0.59283				2
2026.03.11	01:24:14.014		0.59284			4
2026.03.11	01:24:15.217		0.59285			4
2026.03.11	01:24:21.533	0.59284				2
2026.03.11	01:24:26.336		0.59286			4
2026.03.11	01:24:26.640	0.59283	0.59285			6
2026.03.11	01:24:26.941	0.59282	0.59283			6
2026.03.11	01:24:28.144	0.59281				2
2026.03.11	01:24:31.457	0.59282				2
2026.03.11	01:24:31.755	0.59281				2
2026.03.11	01:24:47.382	0.59283	0.59284			6
2026.03.11	01:24:47.986	0.59282				2
2026.03.11	01:24:57.908	0.59283				2
2026.03.11	01:24:58.209	0.59282				2
2026.03.11	01:24:59.112	0.59283				2
2026.03.11	01:25:00.014	0.59283				2
2026.03.11	01:25:00.315	0.59282				2
2026.03.11	01:25:02.418	0.59283	0.59285			6
2026.03.11	01:25:02.720		0.59284			4
2026.03.11	01:25:08.727	0.59282	0.59283			6
2026.03.11	01:25:09.024		0.59284			4
2026.03.11	01:25:15.635	0.59283	0.59285			6
2026.03.11	01:25:17.432	0.59284				2
2026.03.11	01:25:23.446	0.59283				2
2026.03.11	01:25:42.379	0.59284				2
2026.03.11	01:25:46.882	0.59283				2
2026.03.11	01:25:53.495		0.59284			4
2026.03.11	01:25:56.498		0.59285			4
2026.03.11	01:26:00.100	0.59283				2
2026.03.11	01:26:16.666	0.59279	0.59281			6
2026.03.11	01:26:16.966	0.59278	0.59280			6
2026.03.11	01:26:17.864		0.59279			4
2026.03.11	01:26:19.667		0.59280			4
2026.03.11	01:26:21.173		0.59279			4
2026.03.11	01:26:31.082	0.59275	0.59276			6
2026.03.11	01:26:31.380	0.59274				2
2026.03.11	01:26:31.979	0.59275				2
2026.03.11	01:26:34.987	0.59274				2
2026.03.11	01:26:35.583	0.59273	0.59275			6
2026.03.11	01:26:36.783	0.59272	0.59273			6
2026.03.11	01:26:41.595		0.59274			4
2026.03.11	01:26:43.696	0.59273				2
2026.03.11	01:26:43.997	0.59272				2
2026.03.11	01:26:47.601	0.59273				2
2026.03.11	01:26:47.900		0.59275			4
2026.03.11	01:26:48.202		0.59274			4
2026.03.11	01:26:48.502		0.59275			4
2026.03.11	01:26:56.925	0.59272	0.59274			6
2026.03.11	01:27:00.235	0.59272				2
2026.03.11	01:27:01.729		0.59273			4
2026.03.11	01:27:02.636	0.59271				2
2026.03.11	01:27:02.940		0.59272			4
2026.03.11	01:27:07.149	0.59269	0.59271			6
2026.03.11	01:27:07.744	0.59271	0.59272			6
2026.03.11	01:27:08.045	0.59269	0.59271			6
2026.03.11	01:27:09.551	0.59270	0.59272			6
2026.03.11	01:27:11.361	0.59269	0.59270			6
2026.03.11	01:27:12.258		0.59271			4
2026.03.11	01:27:12.861	0.59270				2
2026.03.11	01:27:19.176	0.59269				2
2026.03.11	01:27:23.080	0.59270				2
2026.03.11	01:27:29.407		0.59272			4
2026.03.11	01:27:30.311		0.59271			4
2026.03.11	01:27:31.214	0.59269				2
2026.03.11	01:27:41.152	0.59266	0.59267			6
2026.03.11	01:27:41.451		0.59268			4
2026.03.11	01:27:42.656	0.59264	0.59265			6
2026.03.11	01:27:42.956	0.59263				2
2026.03.11	01:27:43.253	0.59264	0.59266			6
2026.03.11	01:27:43.857	0.59263	0.59264			6
2026.03.11	01:27:44.457	0.59262				2
2026.03.11	01:27:49.276	0.59263	0.59265			6
2026.03.11	01:27:49.576	0.59265	0.59266			6
2026.03.11	01:27:49.872	0.59267	0.59268			6
2026.03.11	01:27:51.371		0.59269			4
2026.03.11	01:28:00.091	0.59267				2
2026.03.11	01:28:00.989	0.59270	0.59272			6
2026.03.11	01:28:01.289	0.59271	0.59273			6
2026.03.11	01:28:02.795	0.59270	0.59272			6
2026.03.11	01:29:00.244	0.59270				2
2026.03.11	01:29:02.957		0.59272			4
2026.03.11	01:29:17.686	0.59269	0.59271			6
2026.03.11	01:29:20.085	0.59270	0.59272			6
2026.03.11	01:29:31.507	0.59269	0.59271			6
2026.03.11	01:29:41.729	0.59270	0.59272			6
2026.03.11	01:29:44.429	0.59266	0.59267			6
2026.03.11	01:29:44.732	0.59263	0.59264			6
2026.03.11	01:29:45.029	0.59262				2
2026.03.11	01:29:45.630	0.59263				2
2026.03.11	01:29:45.935	0.59262				2
2026.03.11	01:29:48.035	0.59263	0.59265			6
2026.03.11	01:29:48.336	0.59262	0.59264			6
2026.03.11	01:30:00.073	0.59262				2
2026.03.11	01:30:01.274	0.59261	0.59263			6
2026.03.11	01:30:02.174	0.59260	0.59262			6
2026.03.11	01:30:02.473	0.59261	0.59263			6
2026.03.11	01:30:14.490	0.59260	0.59262			6
2026.03.11	01:30:15.396	0.59258	0.59260			6
2026.03.11	01:30:15.694	0.59260	0.59262			6
2026.03.11	01:30:17.494	0.59259	0.59261			6
2026.03.11	01:30:21.115	0.59260	0.59262			6
2026.03.11	01:30:22.614	0.59261	0.59263			6
2026.03.11	01:30:22.914	0.59262	0.59264			6
2026.03.11	01:30:27.429	0.59263				2
2026.03.11	01:30:27.728		0.59265			4
2026.03.11	01:30:28.634	0.59264	0.59266			6
2026.03.11	01:30:31.347	0.59262	0.59264			6
2026.03.11	01:30:31.645	0.59261	0.59263			6
2026.03.11	01:30:37.971	0.59263	0.59265			6
2026.03.11	01:30:38.270	0.59262	0.59264			6
2026.03.11	01:30:39.468	0.59263	0.59265			6
2026.03.11	01:30:43.377	0.59262	0.59264			6
2026.03.11	01:30:47.285	0.59261	0.59263			6
2026.03.11	01:31:00.215	0.59261				2
2026.03.11	01:31:30.289	0.59263	0.59264			6
2026.03.11	01:31:30.886	0.59262				2
2026.03.11	01:32:00.054	0.59262				2
2026.03.11	01:32:24.690	0.59260	0.59262			6
2026.03.11	01:32:24.989	0.59259	0.59261			6
2026.03.11	01:32:39.106	0.59256	0.59258			6
2026.03.11	01:32:39.408	0.59257	0.59259			6
2026.03.11	01:32:42.414	0.59255	0.59257			6
2026.03.11	01:32:55.353	0.59258	0.59260			6
2026.03.11	01:32:55.657	0.59259	0.59261			6
2026.03.11	01:32:57.156	0.59260	0.59262			6
2026.03.11	01:32:57.757	0.59256	0.59257			6
2026.03.11	01:32:58.059	0.59255				2
2026.03.11	01:32:58.358	0.59254				2
2026.03.11	01:32:59.258	0.59255	0.59258			6
2026.03.11	01:32:59.559	0.59254	0.59257			6
2026.03.11	01:32:59.859	0.59253	0.59256			6
2026.03.11	01:33:00.163	0.59253				2
2026.03.11	01:33:00.464	0.59254	0.59257			6
2026.03.11	01:33:01.665	0.59253	0.59256			6
2026.03.11	01:33:04.361	0.59252	0.59255			6
2026.03.11	01:33:19.690	0.59253	0.59256			6
2026.03.11	01:33:20.592	0.59251	0.59254			6
2026.03.11	01:33:24.194	0.59248	0.59251			6
2026.03.11	01:33:26.001		0.59249			4
2026.03.11	01:33:26.899	0.59246				2
2026.03.11	01:33:27.205	0.59245	0.59248			6
2026.03.11	01:33:32.019	0.59244	0.59247			6
2026.03.11	01:33:32.917	0.59242	0.59245			6
2026.03.11	01:33:33.516	0.59243	0.59246			6
2026.03.11	01:33:34.117	0.59241	0.59244			6
2026.03.11	01:33:41.643	0.59243	0.59246			6
2026.03.11	01:33:41.941	0.59242	0.59245			6
2026.03.11	01:33:42.242		0.59244			4
2026.03.11	01:33:42.538		0.59245			4
2026.03.11	01:33:44.944		0.59244			4
2026.03.11	01:33:45.851	0.59241				2
2026.03.11	01:34:00.282	0.59241				2
2026.03.11	01:34:03.582	0.59240	0.59243			6
2026.03.11	01:34:05.383	0.59241	0.59244			6
2026.03.11	01:34:13.506	0.59243	0.59246			6
2026.03.11	01:34:13.803	0.59242	0.59245			6
2026.03.11	01:34:20.713	0.59243	0.59246			6
2026.03.11	01:34:21.014	0.59244	0.59247			6
2026.03.11	01:34:24.925	0.59246	0.59249			6
2026.03.11	01:34:46.580	0.59250	0.59253			6
2026.03.11	01:34:51.987	0.59249	0.59252			6
2026.03.11	01:34:52.886	0.59250	0.59253			6
2026.03.11	01:34:58.292	0.59252	0.59255			6
2026.03.11	01:34:59.497	0.59253	0.59256			6
2026.03.11	01:35:00.104	0.59253				2
2026.03.11	01:35:05.813	0.59251	0.59254			6
2026.03.11	01:35:10.020	0.59250	0.59253			6
2026.03.11	01:35:10.922	0.59249	0.59252			6
2026.03.11	01:35:20.251	0.59248	0.59251			6
2026.03.11	01:35:28.970	0.59249	0.59252			6
2026.03.11	01:35:29.272	0.59250	0.59253			6
2026.03.11	01:35:33.480	0.59251	0.59254			6
2026.03.11	01:35:34.679	0.59252	0.59255			6
2026.03.11	01:35:36.180	0.59251	0.59254			6
2026.03.11	01:35:42.791	0.59252	0.59255			6
2026.03.11	01:35:43.695	0.59251	0.59254			6
2026.03.11	01:35:50.907	0.59252	0.59255			6
2026.03.11	01:35:51.207	0.59251	0.59254			6
2026.03.11	01:35:55.719	0.59252	0.59255			6
2026.03.11	01:35:56.021	0.59251	0.59254			6
2026.03.11	01:35:58.421	0.59252				2
2026.03.11	01:35:58.726	0.59251	0.59253			6
2026.03.11	01:36:00.225	0.59251				2
2026.03.11	01:36:02.928	0.59252	0.59254			6
2026.03.11	01:36:03.226	0.59251	0.59253			6
2026.03.11	01:36:13.742	0.59252	0.59254			6
2026.03.11	01:36:26.068	0.59253	0.59255			6
2026.03.11	01:36:26.672	0.59251	0.59253			6
2026.03.11	01:36:27.572	0.59249	0.59251			6
2026.03.11	01:36:31.172	0.59250	0.59252			6
2026.03.11	01:36:36.884		0.59251			4
2026.03.11	01:36:37.186		0.59252			4
2026.03.11	01:36:40.492	0.59249	0.59251			6
2026.03.11	01:36:40.793	0.59250	0.59252			6
2026.03.11	01:36:41.695	0.59251	0.59253			6
2026.03.11	01:36:42.896	0.59253	0.59255			6
2026.03.11	01:36:57.321	0.59254	0.59256			6
2026.03.11	01:37:00.026	0.59254				2
2026.03.11	01:37:01.232	0.59253	0.59255			6
2026.03.11	01:37:20.769	0.59254	0.59256			6
2026.03.11	01:37:22.869	0.59253	0.59255			6
2026.03.11	01:37:33.087	0.59252	0.59254			6
2026.03.11	01:37:43.005	0.59253	0.59255			6
2026.03.11	01:37:43.902	0.59252	0.59254			6
2026.03.11	01:37:44.210	0.59253	0.59255			6
2026.03.11	01:37:45.707	0.59254				2
2026.03.11	01:37:46.310	0.59253				2
2026.03.11	01:37:46.615	0.59254				2
2026.03.11	01:37:46.913	0.59253				2
2026.03.11	01:37:47.218	0.59254				2
2026.03.11	01:37:47.520	0.59253				2
2026.03.11	01:37:47.818	0.59254				2
2026.03.11	01:37:48.113	0.59253				2
2026.03.11	01:37:48.415	0.59252	0.59254			6
2026.03.11	01:37:48.717	0.59253				2
2026.03.11	01:37:49.017	0.59252				2
2026.03.11	01:38:00.159	0.59252				2
2026.03.11	01:38:31.432	0.59251	0.59253			6
2026.03.11	01:38:31.737	0.59250	0.59252			6
2026.03.11	01:38:32.936	0.59249	0.59251			6
2026.03.11	01:38:41.061	0.59250	0.59252			6
2026.03.11	01:38:42.262	0.59251	0.59253			6
2026.03.11	01:38:50.072	0.59250	0.59252			6
2026.03.11	01:38:50.377	0.59251	0.59253			6
2026.03.11	01:38:50.676	0.59252	0.59254			6
2026.03.11	01:38:54.280	0.59251	0.59253			6
2026.03.11	01:39:00.294	0.59251				2
2026.03.11	01:39:41.192	0.59250	0.59252			6
2026.03.11	01:39:43.287	0.59251	0.59253			6
2026.03.11	01:39:50.497	0.59250	0.59252			6
2026.03.11	01:40:00.118	0.59250				2
2026.03.11	01:40:02.820	0.59251	0.59253			6
2026.03.11	01:40:13.954	0.59250	0.59252			6
2026.03.11	01:40:16.359		0.59251			4
2026.03.11	01:40:16.960	0.59249	0.59250			6
2026.03.11	01:40:17.262	0.59246	0.59248			6
2026.03.11	01:40:17.564	0.59245	0.59247			6
2026.03.11	01:40:18.162	0.59246	0.59248			6
2026.03.11	01:40:31.386	0.59245	0.59247			6
2026.03.11	01:40:44.601	0.59247	0.59249			6
2026.03.11	01:40:44.903	0.59248	0.59250			6
2026.03.11	01:40:54.530	0.59247	0.59249			6
2026.03.11	01:40:58.433	0.59246	0.59248			6
2026.03.11	01:41:00.237	0.59246				2
2026.03.11	01:41:01.441	0.59247	0.59249			6
2026.03.11	01:41:08.362	0.59246	0.59248			6
2026.03.11	01:41:28.190	0.59247	0.59249			6
2026.03.11	01:41:34.508	0.59246	0.59248			6
2026.03.11	01:41:35.407	0.59247				2
2026.03.11	01:41:36.014		0.59249			4
2026.03.11	01:41:36.315	0.59246	0.59248			6
2026.03.11	01:41:36.613	0.59245	0.59247			6
2026.03.11	01:41:37.215		0.59246			4
2026.03.11	01:41:38.414		0.59247			4
2026.03.11	01:41:51.048		0.59246			4
2026.03.11	01:41:51.349	0.59246	0.59248			6
2026.03.11	01:41:52.549		0.59247			4
2026.03.11	01:42:00.067	0.59246				2
2026.03.11	01:42:06.069	0.59245	0.59246			6
2026.03.11	01:42:06.973		0.59247			4
2026.03.11	01:42:19.886	0.59246	0.59248			6
2026.03.11	01:42:37.625	0.59247				2
2026.03.11	01:42:37.925	0.59246				2
2026.03.11	01:43:00.170	0.59246				2
2026.03.11	01:43:20.002		0.59248			4
2026.03.11	01:43:29.033	0.59247	0.59249			6
2026.03.11	01:43:31.436	0.59248				2
2026.03.11	01:43:38.957	0.59249	0.59250			6
2026.03.11	01:43:39.258	0.59248				2
2026.03.11	01:43:40.759	0.59250	0.59252			6
2026.03.11	01:43:41.061	0.59247	0.59248			6
2026.03.11	01:43:41.363		0.59249			4
2026.03.11	01:43:43.164		0.59248			4
2026.03.11	01:43:43.462	0.59245	0.59247			6
2026.03.11	01:43:45.868	0.59243	0.59244			6
2026.03.11	01:43:46.171	0.59242				2
2026.03.11	01:43:47.670	0.59240	0.59241			6
2026.03.11	01:43:50.380	0.59238	0.59240			6
2026.03.11	01:43:50.673	0.59237	0.59239			6
2026.03.11	01:43:50.973	0.59238	0.59240			6
2026.03.11	01:43:51.573	0.59237	0.59239			6
2026.03.11	01:43:51.873	0.59238	0.59240			6
2026.03.11	01:44:00.289	0.59238				2
2026.03.11	01:44:03.896	0.59237	0.59239			6
2026.03.11	01:44:12.611	0.59238	0.59240			6
2026.03.11	01:44:20.131	0.59237	0.59239			6
2026.03.11	01:44:27.658	0.59232	0.59233			6
2026.03.11	01:44:27.960		0.59234			4
2026.03.11	01:44:28.264	0.59233	0.59235			6
2026.03.11	01:44:48.409	0.59234				2
2026.03.11	01:44:48.713	0.59233				2
2026.03.11	01:44:49.013	0.59232	0.59234			6
2026.03.11	01:44:49.314	0.59233	0.59235			6
2026.03.11	01:44:55.323	0.59236	0.59237			6
2026.03.11	01:44:55.619		0.59238			4
2026.03.11	01:45:00.125	0.59236				2
2026.03.11	01:45:09.742	0.59233	0.59239			6
2026.03.11	01:45:10.042	0.59236	0.59238			6
2026.03.11	01:45:18.782	0.59235	0.59236			6
2026.03.11	01:45:19.081	0.59231	0.59233			6
2026.03.11	01:45:24.792	0.59232	0.59234			6
2026.03.11	01:45:27.798	0.59231	0.59233			6
2026.03.11	01:45:33.507	0.59232	0.59234			6
2026.03.11	01:45:36.809	0.59231	0.59233			6
2026.03.11	01:45:39.514		0.59232			4
2026.03.11	01:45:39.815	0.59225	0.59227			6
2026.03.11	01:45:40.416		0.59228			4
2026.03.11	01:45:41.918	0.59224	0.59227			6
2026.03.11	01:45:54.248	0.59225				2
2026.03.11	01:45:55.032	0.59224				2
2026.03.11	01:45:55.333	0.59223	0.59226			6
2026.03.11	01:45:56.536	0.59224				2
2026.03.11	01:45:56.840	0.59223				2
2026.03.11	01:45:57.440	0.59222	0.59224			6
2026.03.11	01:45:57.741	0.59220	0.59223			6
2026.03.11	01:46:00.147	0.59220				2
2026.03.11	01:46:00.448	0.59221	0.59224			6
2026.03.11	01:46:01.651	0.59220	0.59223			6
2026.03.11	01:46:04.354	0.59221	0.59224			6
2026.03.11	01:46:15.470	0.59222	0.59225			6
2026.03.11	01:46:15.771	0.59223	0.59226			6
2026.03.11	01:46:44.618	0.59219	0.59222			6
2026.03.11	01:46:44.918	0.59218	0.59221			6
2026.03.11	01:46:45.819	0.59217	0.59220			6
2026.03.11	01:46:47.628	0.59218	0.59221			6
2026.03.11	01:46:47.932	0.59219	0.59222			6
2026.03.11	01:46:51.239	0.59217	0.59220			6
2026.03.11	01:46:55.757	0.59215	0.59218			6
2026.03.11	01:46:56.057	0.59214	0.59217			6
2026.03.11	01:46:57.862	0.59216	0.59219			6
2026.03.11	01:46:59.064	0.59215	0.59218			6
2026.03.11	01:46:59.364	0.59216				2
2026.03.11	01:46:59.664	0.59215				2
2026.03.11	01:47:00.266	0.59215				2
2026.03.11	01:47:17.989	0.59216	0.59219			6
2026.03.11	01:47:22.196	0.59213	0.59216			6
2026.03.11	01:47:23.396	0.59212	0.59215			6
2026.03.11	01:47:29.714	0.59213	0.59216			6
2026.03.11	01:47:46.260	0.59210	0.59213			6
2026.03.11	01:47:52.275		0.59212			4
2026.03.11	01:47:52.575		0.59213			4
2026.03.11	01:47:56.780	0.59211	0.59214			6
2026.03.11	01:47:57.381	0.59213	0.59216			6
2026.03.11	01:48:00.082	0.59213				2
2026.03.11	01:48:01.287	0.59215	0.59218			6
2026.03.11	01:48:07.897	0.59213	0.59216			6
2026.03.11	01:48:17.512	0.59215	0.59218			6
2026.03.11	01:48:30.442	0.59216	0.59219			6
2026.03.11	01:48:55.400	0.59211	0.59212			6
2026.03.11	01:48:55.701	0.59209				2
2026.03.11	01:48:57.208		0.59213			4
2026.03.11	01:48:58.111	0.59208	0.59212			6
2026.03.11	01:49:00.218	0.59208				2
2026.03.11	01:49:00.519	0.59209	0.59213			6
2026.03.11	01:49:01.421		0.59212			4
2026.03.11	01:49:07.734	0.59211	0.59214			6
2026.03.11	01:49:11.053	0.59210	0.59213			6
2026.03.11	01:49:23.378	0.59211	0.59214			6
2026.03.11	01:49:38.401	0.59212	0.59215			6
2026.03.11	01:49:39.906	0.59213	0.59216			6
2026.03.11	01:49:40.205	0.59216	0.59219			6
2026.03.11	01:49:40.506	0.59217	0.59220			6
2026.03.11	01:49:41.407	0.59216				2
2026.03.11	01:49:42.007	0.59217	0.59221			6
2026.03.11	01:49:43.511	0.59216	0.59220			6
2026.03.11	01:49:43.812	0.59217	0.59221			6
2026.03.11	01:49:44.412	0.59218	0.59222			6
2026.03.11	01:49:45.313	0.59217	0.59221			6
2026.03.11	01:49:51.018	0.59216	0.59220			6
2026.03.11	01:49:52.519	0.59210	0.59213			6
2026.03.11	01:49:53.122	0.59209				2
2026.03.11	01:49:59.132	0.59210	0.59214			6
2026.03.11	01:49:59.432	0.59209	0.59213			6
2026.03.11	01:50:00.034	0.59209				2
2026.03.11	01:50:01.535	0.59210				2
2026.03.11	01:50:05.142	0.59212	0.59216			6
2026.03.11	01:50:06.046	0.59213				2
2026.03.11	01:50:06.346	0.59215	0.59219			6
2026.03.11	01:50:13.566		0.59218			4
2026.03.11	01:50:15.669		0.59219			4
2026.03.11	01:50:22.585	0.59214	0.59218			6
2026.03.11	01:50:27.396	0.59215	0.59219			6
2026.03.11	01:50:28.297	0.59217	0.59220			6
2026.03.11	01:50:28.597	0.59212	0.59216			6
2026.03.11	01:50:31.007	0.59213	0.59217			6
2026.03.11	01:50:31.309	0.59215	0.59219			6
2026.03.11	01:50:36.725	0.59214	0.59216			6
2026.03.11	01:50:37.024	0.59213				2
2026.03.11	01:50:38.226	0.59212				2
2026.03.11	01:50:41.831	0.59213	0.59217			6
2026.03.11	01:50:42.131		0.59216			4
2026.03.11	01:50:43.932	0.59214	0.59218			6
2026.03.11	01:50:44.232	0.59215	0.59219			6
2026.03.11	01:50:44.533	0.59214	0.59218			6
2026.03.11	01:50:46.336	0.59215	0.59219			6
2026.03.11	01:50:55.964	0.59214	0.59218			6
2026.03.11	01:50:57.166		0.59217			4
2026.03.11	01:50:57.466	0.59213				2
2026.03.11	01:50:58.945		0.59216			4
2026.03.11	01:51:00.251	0.59213				2
2026.03.11	01:51:00.551	0.59214	0.59218			6
2026.03.11	01:51:00.851		0.59217			4
2026.03.11	01:51:07.163	0.59213				2
2026.03.11	01:51:11.072	0.59214	0.59218			6
2026.03.11	01:51:11.372		0.59217			4
2026.03.11	01:51:15.278	0.59213	0.59216			6
2026.03.11	01:51:19.485		0.59217			4
2026.03.11	01:51:20.688	0.59215	0.59219			6
2026.03.11	01:51:31.203	0.59216	0.59217			6
2026.03.11	01:51:31.500	0.59213				2
2026.03.11	01:51:31.800	0.59214	0.59218			6
2026.03.11	01:51:32.700	0.59215	0.59219			6
2026.03.11	01:51:33.608	0.59222	0.59223			6
2026.03.11	01:51:33.906	0.59218	0.59222			6
2026.03.11	01:51:34.206		0.59221			4
2026.03.11	01:51:35.107	0.59217				2
2026.03.11	01:51:38.807	0.59218	0.59222			6
2026.03.11	01:51:41.515	0.59217	0.59221			6
2026.03.11	01:51:44.822	0.59218	0.59222			6
2026.03.11	01:51:46.024	0.59217	0.59221			6
2026.03.11	01:51:57.753	0.59213	0.59217			6
2026.03.11	01:51:58.657	0.59214	0.59218			6
2026.03.11	01:52:00.157	0.59214				2
2026.03.11	01:52:07.670		0.59217			4
2026.03.11	01:52:08.571	0.59213				2
2026.03.11	01:52:12.179	0.59215	0.59219			6
2026.03.11	01:52:20.598	0.59214	0.59218			6
2026.03.11	01:52:21.201	0.59215	0.59219			6
2026.03.11	01:52:24.213	0.59214	0.59218			6
2026.03.11	01:52:25.413	0.59215	0.59219			6
2026.03.11	01:52:32.570	0.59216	0.59220			6
2026.03.11	01:52:32.871	0.59215	0.59219			6
2026.03.11	01:52:36.118	0.59216				2
2026.03.11	01:52:46.042	0.59215	0.59218			6
2026.03.11	01:52:47.548	0.59216	0.59219			6
2026.03.11	01:52:47.849	0.59215	0.59218			6
2026.03.11	01:52:48.752	0.59216	0.59219			6
2026.03.11	01:52:49.052	0.59215	0.59218			6
2026.03.11	01:52:51.457	0.59216	0.59219			6
2026.03.11	01:52:54.762	0.59215	0.59218			6
2026.03.11	01:52:55.664	0.59216	0.59219			6
2026.03.11	01:52:56.566	0.59215	0.59218			6
2026.03.11	01:52:58.067	0.59216	0.59219			6
2026.03.11	01:53:00.169	0.59216				2
2026.03.11	01:53:02.573	0.59215	0.59218			6
2026.03.11	01:53:03.173	0.59216	0.59219			6
2026.03.11	01:53:10.383	0.59217	0.59220			6
2026.03.11	01:53:27.815	0.59218	0.59221			6
2026.03.11	01:53:28.115	0.59217	0.59220			6
2026.03.11	01:53:33.839		0.59218			4
2026.03.11	01:53:34.140	0.59214	0.59217			6
2026.03.11	01:53:49.476	0.59215	0.59218			6
2026.03.11	01:53:54.581	0.59216	0.59219			6
2026.03.11	01:53:54.881	0.59217	0.59220			6
2026.03.11	01:54:00.296	0.59217				2
2026.03.11	01:54:01.196	0.59216	0.59218			6
2026.03.11	01:54:01.496	0.59213	0.59216			6
2026.03.11	01:54:01.796	0.59214				2
2026.03.11	01:54:02.397	0.59213				2
2026.03.11	01:54:02.697	0.59214				2
2026.03.11	01:54:02.998	0.59213				2
2026.03.11	01:54:03.298	0.59214				2
2026.03.11	01:54:03.598	0.59213				2
2026.03.11	01:54:03.899	0.59214				2
2026.03.11	01:54:04.499	0.59213				2
2026.03.11	01:54:04.799	0.59214				2
2026.03.11	01:54:05.098	0.59213				2
2026.03.11	01:54:05.400	0.59214				2
2026.03.11	01:54:05.701	0.59213				2
2026.03.11	01:54:12.923	0.59214	0.59217			6
2026.03.11	01:54:16.236	0.59213	0.59216			6
2026.03.11	01:54:18.340	0.59214	0.59217			6
2026.03.11	01:54:28.870	0.59215	0.59218			6
2026.03.11	01:54:29.169	0.59217	0.59220			6
2026.03.11	01:54:29.469	0.59218	0.59221			6
2026.03.11	01:54:46.005	0.59221	0.59224			6
2026.03.11	01:55:00.144	0.59221				2
2026.03.11	01:55:01.344	0.59220	0.59222			6
2026.03.11	01:55:01.647	0.59218	0.59221			6
2026.03.11	01:55:20.895		0.59220			4
2026.03.11	01:55:24.204	0.59217				2
2026.03.11	01:55:25.705	0.59218	0.59221			6
2026.03.11	01:55:40.149		0.59220			4
2026.03.11	01:55:41.352	0.59217				2
2026.03.11	01:55:45.268	0.59218				2
2026.03.11	01:56:00.297	0.59218				2
2026.03.11	01:56:14.420	0.59220	0.59221			6
2026.03.11	01:56:14.718	0.59224	0.59226			6
2026.03.11	01:56:16.225	0.59223				2
2026.03.11	01:56:17.727		0.59225			4
2026.03.11	01:56:18.029	0.59222				2
2026.03.11	01:56:20.380		0.59224			4
2026.03.11	01:56:25.496	0.59221				2
2026.03.11	01:56:27.306	0.59220	0.59223			6
2026.03.11	01:56:29.112	0.59219	0.59222			6
2026.03.11	01:56:30.313	0.59220	0.59223			6
2026.03.11	01:56:39.332	0.59221	0.59224			6
2026.03.11	01:56:40.837	0.59222	0.59225			6
2026.03.11	01:56:50.465	0.59221	0.59224			6
2026.03.11	01:56:54.976		0.59223			4
2026.03.11	01:56:55.276	0.59220				2
2026.03.11	01:57:00.083	0.59220				2
2026.03.11	01:57:00.684	0.59221	0.59224			6
2026.03.11	01:57:02.491	0.59220	0.59223			6
2026.03.11	01:57:03.997		0.59221			4
2026.03.11	01:57:04.296	0.59221	0.59223			6
2026.03.11	01:57:06.398		0.59224			4
2026.03.11	01:57:10.306	0.59222	0.59225			6
2026.03.11	01:57:23.227		0.59224			4
2026.03.11	01:57:27.735	0.59223	0.59225			6
2026.03.11	01:57:36.158	0.59224	0.59226			6
2026.03.11	01:57:36.459	0.59223	0.59225			6
2026.03.11	01:58:00.231	0.59223				2
2026.03.11	01:58:09.558	0.59222	0.59224			6
2026.03.11	01:58:09.860	0.59221	0.59223			6
2026.03.11	01:58:11.360	0.59222	0.59224			6
2026.03.11	01:58:27.889	0.59221	0.59223			6
2026.03.11	01:58:28.490	0.59220	0.59222			6
2026.03.11	01:58:29.692	0.59221	0.59223			6
2026.03.11	01:58:35.702	0.59220	0.59222			6
2026.03.11	01:58:36.303	0.59219	0.59221			6
2026.03.11	01:58:55.538		0.59220			4
2026.03.11	01:58:55.840	0.59218				2
2026.03.11	01:59:00.058	0.59219	0.59221			6
2026.03.11	01:59:05.776	0.59218	0.59220			6
2026.03.11	01:59:09.384	0.59217	0.59219			6
2026.03.11	01:59:10.588	0.59218	0.59220			6
2026.03.11	01:59:10.888	0.59221	0.59223			6
2026.03.11	01:59:13.292	0.59222	0.59224			6
2026.03.11	01:59:23.813	0.59221	0.59223			6
2026.03.11	01:59:25.616	0.59223	0.59225			6
2026.03.11	01:59:25.916	0.59222	0.59224			6
2026.03.11	01:59:31.023	0.59221	0.59223			6
2026.03.11	01:59:31.624	0.59222	0.59224			6
2026.03.11	01:59:34.331	0.59224	0.59226			6
2026.03.11	01:59:35.534	0.59223	0.59225			6
2026.03.11	01:59:35.835	0.59225	0.59227			6
2026.03.11	01:59:36.736	0.59227	0.59229			6
2026.03.11	01:59:39.142	0.59228	0.59230			6
2026.03.11	01:59:41.554	0.59229	0.59231			6
2026.03.11	01:59:41.854	0.59226	0.59227			6
2026.03.11	01:59:42.155	0.59224	0.59226			6
2026.03.11	01:59:46.366	0.59223	0.59225			6
2026.03.11	01:59:49.973	0.59222	0.59224			6
2026.03.11	01:59:51.476	0.59224	0.59226			6
2026.03.11	01:59:51.777	0.59225	0.59227			6
2026.03.11	01:59:54.480	0.59226	0.59228			6
2026.03.11	01:59:56.283	0.59225	0.59227			6
2026.03.11	01:59:57.186	0.59226	0.59228			6
2026.03.11	02:00:00.191	0.59226				2
2026.03.11	02:00:01.092	0.59227	0.59229			6
2026.03.11	02:00:05.298	0.59226	0.59228			6
2026.03.11	02:00:06.198	0.59227	0.59229			6
2026.03.11	02:00:12.206	0.59228	0.59230			6
2026.03.11	02:00:12.507	0.59227	0.59229			6
2026.03.11	02:00:14.613	0.59232	0.59234			6
2026.03.11	02:00:15.213		0.59235			4
2026.03.11	02:00:16.718	0.59231	0.59234			6
2026.03.11	02:00:17.919	0.59232	0.59235			6
2026.03.11	02:00:20.023	0.59231	0.59234			6
2026.03.11	02:00:22.426	0.59232	0.59235			6
2026.03.11	02:00:22.727	0.59231	0.59234			6
2026.03.11	02:00:27.246	0.59232	0.59235			6
2026.03.11	02:00:38.968	0.59231	0.59234			6
2026.03.11	02:00:41.671	0.59232	0.59235			6
2026.03.11	02:00:44.076	0.59237	0.59240			6
2026.03.11	02:00:50.388	0.59236	0.59239			6
2026.03.11	02:00:50.688	0.59235	0.59238			6
2026.03.11	02:00:55.497	0.59236	0.59239			6
2026.03.11	02:00:56.399	0.59235	0.59238			6
2026.03.11	02:00:57.599	0.59236	0.59239			6
2026.03.11	02:01:00.001	0.59236				2
2026.03.11	02:01:00.602	0.59238	0.59241			6
2026.03.11	02:01:01.505	0.59237	0.59240			6
2026.03.11	02:01:02.709	0.59240	0.59242			6
2026.03.11	02:01:03.008	0.59241	0.59244			6
2026.03.11	02:01:03.309	0.59240				2
2026.03.11	02:01:06.317	0.59241				2
2026.03.11	02:01:07.219	0.59240				2
2026.03.11	02:01:10.524		0.59243			4
2026.03.11	02:01:11.726	0.59236	0.59239			6
2026.03.11	02:01:12.326	0.59235				2
2026.03.11	02:01:12.927		0.59238			4
2026.03.11	02:01:13.528		0.59239			4
2026.03.11	02:01:14.428	0.59236	0.59240			6
2026.03.11	02:01:15.935	0.59235	0.59239			6
2026.03.11	02:01:24.053	0.59234	0.59237			6
2026.03.11	02:01:24.352	0.59235	0.59239			6
2026.03.11	02:01:26.154	0.59236				2
2026.03.11	02:01:26.455	0.59235				2
2026.03.11	02:01:28.856	0.59236	0.59240			6
2026.03.11	02:01:29.158	0.59239	0.59242			6
2026.03.11	02:01:31.861	0.59238				2
2026.03.11	02:01:32.763	0.59239				2
2026.03.11	02:01:33.063	0.59238				2
2026.03.11	02:01:35.880	0.59239				2
2026.03.11	02:01:37.081	0.59238				2
2026.03.11	02:01:37.381	0.59239				2
2026.03.11	02:01:37.682	0.59238				2
2026.03.11	02:01:37.982	0.59241	0.59244			6
2026.03.11	02:01:38.282	0.59239	0.59243			6
2026.03.11	02:01:40.685	0.59240	0.59244			6
2026.03.11	02:01:40.986	0.59239	0.59243			6
2026.03.11	02:01:43.390		0.59242			4
2026.03.11	02:01:44.893		0.59243			4
2026.03.11	02:01:46.995		0.59242			4
2026.03.11	02:01:48.796		0.59243			4
2026.03.11	02:01:49.399	0.59237	0.59240			6
2026.03.11	02:01:52.406	0.59236	0.59239			6
2026.03.11	02:01:53.007	0.59235				2
2026.03.11	02:01:56.511		0.59238			4
2026.03.11	02:02:00.118	0.59235				2
2026.03.11	02:02:00.419		0.59239			4
2026.03.11	02:02:00.718		0.59238			4
2026.03.11	02:02:02.219	0.59234				2
2026.03.11	02:02:09.042	0.59232	0.59235			6
2026.03.11	02:02:09.642	0.59231	0.59234			6
2026.03.11	02:02:12.290		0.59235			4
2026.03.11	02:02:12.591	0.59232				2
2026.03.11	02:02:14.100		0.59236			4
2026.03.11	02:02:14.399		0.59235			4
2026.03.11	02:02:16.805	0.59231	0.59234			6
2026.03.11	02:02:19.761		0.59235			4
2026.03.11	02:02:24.271		0.59232			4
2026.03.11	02:02:24.572		0.59235			4
2026.03.11	02:02:25.173	0.59229	0.59231			6
2026.03.11	02:02:25.473	0.59228	0.59232			6
2026.03.11	02:02:27.874	0.59227	0.59231			6
2026.03.11	02:02:30.801	0.59225	0.59229			6
2026.03.11	02:02:33.212	0.59226	0.59230			6
2026.03.11	02:02:33.512		0.59229			4
2026.03.11	02:02:33.813	0.59225				2
2026.03.11	02:02:34.843	0.59226	0.59230			6
2026.03.11	02:02:35.144	0.59225	0.59229			6
2026.03.11	02:02:44.466	0.59226	0.59230			6
2026.03.11	02:02:45.067	0.59225	0.59228			6
2026.03.11	02:02:45.368	0.59224	0.59227			6
2026.03.11	02:02:45.668		0.59228			4
2026.03.11	02:02:45.969	0.59223	0.59227			6
2026.03.11	02:02:52.576		0.59226			4
2026.03.11	02:02:52.877	0.59222				2
2026.03.11	02:02:55.412	0.59223	0.59227			6
2026.03.11	02:02:56.455	0.59225	0.59228			6
2026.03.11	02:03:00.060	0.59225				2
2026.03.11	02:03:02.464	0.59224				2
2026.03.11	02:03:15.178	0.59223	0.59227			6
2026.03.11	02:03:17.879		0.59226			4
2026.03.11	02:03:18.780		0.59227			4
2026.03.11	02:03:28.396		0.59226			4
2026.03.11	02:03:31.400	0.59224	0.59227			6
2026.03.11	02:03:39.216	0.59225	0.59228			6
2026.03.11	02:03:39.518	0.59224	0.59227			6
2026.03.11	02:03:39.817	0.59225	0.59228			6
2026.03.11	02:03:43.121	0.59224	0.59227			6
2026.03.11	02:03:46.724	0.59225				2
2026.03.11	02:03:47.024	0.59223	0.59226			6
2026.03.11	02:03:54.536	0.59224	0.59227			6
2026.03.11	02:03:54.836	0.59225	0.59228			6
2026.03.11	02:03:55.137		0.59227			4
2026.03.11	02:03:55.437	0.59224				2
2026.03.11	02:04:00.253	0.59224				2
2026.03.11	02:04:00.555	0.59223	0.59226			6
2026.03.11	02:04:20.695		0.59225			4
2026.03.11	02:04:21.897	0.59222				2
2026.03.11	02:04:31.513	0.59223				2
2026.03.11	02:04:44.750	0.59222	0.59224			6
2026.03.11	02:04:45.650	0.59223	0.59225			6
2026.03.11	02:04:48.954	0.59222	0.59224			6
2026.03.11	02:04:50.156	0.59221				2
2026.03.11	02:04:52.257	0.59222				2
2026.03.11	02:05:00.066	0.59222				2
2026.03.11	02:05:03.668	0.59223	0.59225			6
2026.03.11	02:05:04.871	0.59222	0.59224			6
2026.03.11	02:05:10.578	0.59219	0.59221			6
2026.03.11	02:05:10.878	0.59218	0.59220			6
2026.03.11	02:05:11.178		0.59221			4
2026.03.11	02:05:26.199		0.59220			4
2026.03.11	02:05:37.019	0.59222	0.59224			6
2026.03.11	02:05:38.223	0.59221				2
2026.03.11	02:05:41.836	0.59218	0.59221			6
2026.03.11	02:05:56.865		0.59220			4
2026.03.11	02:06:00.171	0.59218				2
2026.03.11	02:06:08.581		0.59221			4
2026.03.11	02:06:13.689		0.59220			4
2026.03.11	02:06:19.997	0.59220	0.59221			6
2026.03.11	02:06:20.897	0.59218	0.59220			6
2026.03.11	02:06:55.776	0.59219				2
2026.03.11	02:06:56.076		0.59221			4
2026.03.11	02:06:57.878	0.59218	0.59220			6
2026.03.11	02:06:59.982	0.59220	0.59222			6
2026.03.11	02:07:00.281	0.59219	0.59221			6
2026.03.11	02:07:01.181	0.59218	0.59220			6
2026.03.11	02:07:18.015	0.59220	0.59222			6
2026.03.11	02:07:21.027	0.59219	0.59221			6
2026.03.11	02:07:21.629	0.59220	0.59222			6
2026.03.11	02:07:22.231	0.59219	0.59221			6
2026.03.11	02:07:22.532	0.59220	0.59222			6
2026.03.11	02:07:28.552	0.59219	0.59221			6
2026.03.11	02:07:28.853	0.59220	0.59222			6
2026.03.11	02:07:33.364	0.59219	0.59221			6
2026.03.11	02:07:44.782	0.59222	0.59224			6
2026.03.11	02:07:45.081	0.59223	0.59225			6
2026.03.11	02:07:45.384		0.59226			4
2026.03.11	02:07:47.185		0.59225			4
2026.03.11	02:07:48.088		0.59224			4
2026.03.11	02:07:48.387	0.59220	0.59222			6
2026.03.11	02:07:48.986	0.59219	0.59221			6
2026.03.11	02:07:49.290		0.59222			4
2026.03.11	02:07:52.605	0.59218	0.59221			6
2026.03.11	02:07:58.325	0.59220	0.59223			6
2026.03.11	02:07:58.625	0.59222	0.59224			6
2026.03.11	02:07:58.925	0.59223	0.59226			6
2026.03.11	02:07:59.225	0.59222				2
2026.03.11	02:08:00.123	0.59222				2
2026.03.11	02:08:02.236	0.59223				2
2026.03.11	02:08:21.176	0.59222	0.59225			6
2026.03.11	02:08:21.480	0.59223	0.59226			6
2026.03.11	02:08:21.779	0.59222	0.59225			6
2026.03.11	02:08:38.301	0.59223	0.59226			6
2026.03.11	02:08:49.126		0.59225			4
2026.03.11	02:09:00.240	0.59223				2
2026.03.11	02:09:18.579	0.59226	0.59228			6
2026.03.11	02:09:20.682	0.59229	0.59231			6
2026.03.11	02:09:28.794	0.59228	0.59230			6
2026.03.11	02:09:53.139	0.59227	0.59229			6
2026.03.11	02:10:00.064	0.59227				2
2026.03.11	02:10:01.266	0.59225	0.59227			6
2026.03.11	02:10:02.167	0.59224	0.59226			6
2026.03.11	02:10:23.803	0.59223	0.59225			6
2026.03.11	02:10:30.717	0.59224	0.59226			6
2026.03.11	02:10:32.217	0.59227	0.59229			6
2026.03.11	02:10:32.521	0.59229	0.59231			6
2026.03.11	02:10:33.120	0.59228				2
2026.03.11	02:10:35.222		0.59230			4
2026.03.11	02:10:36.422	0.59227				2
2026.03.11	02:10:37.327	0.59228				2
2026.03.11	02:10:44.244	0.59227	0.59229			6
2026.03.11	02:10:45.447	0.59226	0.59228			6
2026.03.11	02:11:00.176	0.59226				2
2026.03.11	02:11:10.688	0.59227	0.59229			6
2026.03.11	02:11:10.988	0.59226	0.59228			6
2026.03.11	02:11:12.492	0.59227	0.59229			6
2026.03.11	02:11:14.293	0.59228	0.59230			6
2026.03.11	02:11:22.104	0.59227	0.59229			6
2026.03.11	02:11:22.404	0.59226	0.59228			6
2026.03.11	02:11:34.739	0.59225	0.59227			6
2026.03.11	02:11:38.349	0.59226	0.59228			6
2026.03.11	02:11:38.956	0.59225	0.59227			6
2026.03.11	02:11:40.155	0.59226	0.59228			6
2026.03.11	02:11:47.977	0.59227	0.59229			6
2026.03.11	02:11:48.277	0.59228	0.59230			6
2026.03.11	02:11:58.189	0.59229				2
2026.03.11	02:11:58.791	0.59228				2
2026.03.11	02:11:59.092	0.59229				2
2026.03.11	02:11:59.391	0.59228				2
2026.03.11	02:11:59.691	0.59229				2
2026.03.11	02:11:59.991	0.59228				2
2026.03.11	02:12:00.293	0.59229				2
2026.03.11	02:12:00.592	0.59228				2
2026.03.11	02:12:00.893	0.59229				2
2026.03.11	02:12:01.193	0.59231	0.59233			6
2026.03.11	02:12:01.797	0.59228	0.59230			6
2026.03.11	02:12:04.200	0.59227	0.59229			6
2026.03.11	02:12:04.805	0.59228	0.59230			6
2026.03.11	02:12:05.101	0.59229	0.59231			6
2026.03.11	02:12:05.401	0.59231	0.59233			6
2026.03.11	02:12:10.513	0.59230	0.59232			6
2026.03.11	02:12:10.812	0.59231	0.59233			6
2026.03.11	02:12:15.318	0.59230	0.59231			6
2026.03.11	02:12:20.429	0.59231	0.59233			6
2026.03.11	02:12:20.729	0.59230	0.59232			6
2026.03.11	02:12:25.238	0.59229	0.59231			6
2026.03.11	02:12:29.145	0.59228	0.59230			6
2026.03.11	02:12:29.446	0.59229	0.59231			6
2026.03.11	02:12:30.343		0.59230			4
2026.03.11	02:12:30.644	0.59228				2
2026.03.11	02:12:32.447	0.59229	0.59231			6
2026.03.11	02:12:36.363	0.59230	0.59232			6
2026.03.11	02:12:41.477	0.59231	0.59233			6
2026.03.11	02:12:44.179	0.59230	0.59232			6
2026.03.11	02:12:47.784	0.59231	0.59233			6
2026.03.11	02:12:48.086	0.59232	0.59234			6
2026.03.11	02:12:49.888	0.59233	0.59235			6
2026.03.11	02:13:00.109	0.59233				2
2026.03.11	02:13:01.011	0.59234	0.59236			6
2026.03.11	02:13:01.612		0.59235			4
2026.03.11	02:13:01.913	0.59233				2
2026.03.11	02:13:20.860	0.59236	0.59238			6
2026.03.11	02:13:22.364	0.59239	0.59241			6
2026.03.11	02:13:22.663	0.59238	0.59240			6
2026.03.11	02:13:24.764	0.59239	0.59241			6
2026.03.11	02:13:25.364	0.59238	0.59240			6
2026.03.11	02:13:30.772	0.59239	0.59241			6
2026.03.11	02:13:35.280	0.59238	0.59240			6
2026.03.11	02:13:40.096	0.59240	0.59242			6
2026.03.11	02:13:40.395	0.59241	0.59243			6
2026.03.11	02:13:42.499		0.59242			4
2026.03.11	02:13:45.505	0.59240				2
2026.03.11	02:13:54.820	0.59238	0.59240			6
2026.03.11	02:14:00.241	0.59238				2
2026.03.11	02:14:02.955	0.59239	0.59241			6
2026.03.11	02:14:08.965	0.59241	0.59242			6
2026.03.11	02:14:09.266		0.59243			4
2026.03.11	02:14:11.070	0.59239	0.59241			6
2026.03.11	02:14:12.872	0.59240	0.59242			6
2026.03.11	02:14:18.878	0.59239	0.59241			6
2026.03.11	02:14:19.178	0.59240	0.59242			6
2026.03.11	02:14:24.585	0.59241	0.59243			6
2026.03.11	02:14:26.992	0.59240	0.59242			6
2026.03.11	02:14:27.294	0.59239	0.59241			6
2026.03.11	02:14:27.593	0.59240	0.59242			6
2026.03.11	02:14:29.098	0.59241	0.59243			6
2026.03.11	02:14:29.398	0.59242	0.59244			6
2026.03.11	02:14:29.696	0.59243	0.59245			6
2026.03.11	02:14:30.302	0.59242				2
2026.03.11	02:14:31.505	0.59239	0.59242			6
2026.03.11	02:14:35.123	0.59238	0.59241			6
2026.03.11	02:14:38.431	0.59240	0.59243			6
2026.03.11	02:14:38.727	0.59239	0.59242			6
2026.03.11	02:14:44.141	0.59237	0.59240			6
2026.03.11	02:14:51.055	0.59238	0.59241			6
2026.03.11	02:15:00.066	0.59238				2
2026.03.11	02:15:00.368	0.59237	0.59240			6
2026.03.11	02:15:02.170	0.59238	0.59241			6
2026.03.11	02:15:03.069	0.59237	0.59240			6
2026.03.11	02:15:13.584	0.59236	0.59239			6
2026.03.11	02:15:14.786		0.59238			4
2026.03.11	02:15:15.988	0.59235	0.59237			6
2026.03.11	02:15:16.287	0.59234				2
2026.03.11	02:15:18.992	0.59233	0.59236			6
2026.03.11	02:15:21.093	0.59235	0.59238			6
2026.03.11	02:15:23.798	0.59236	0.59239			6
2026.03.11	02:15:25.899	0.59235	0.59238			6
2026.03.11	02:15:26.500	0.59234	0.59237			6
2026.03.11	02:15:27.402	0.59235	0.59238			6
2026.03.11	02:15:28.902	0.59238	0.59241			6
2026.03.11	02:15:29.202	0.59239	0.59242			6
2026.03.11	02:15:30.404	0.59238	0.59241			6
2026.03.11	02:15:32.512	0.59237				2
2026.03.11	02:15:37.665	0.59232	0.59236			6
2026.03.11	02:15:39.168	0.59231	0.59235			6
2026.03.11	02:15:39.468	0.59232	0.59236			6
2026.03.11	02:15:40.670		0.59235			4
2026.03.11	02:15:42.472		0.59236			4
2026.03.11	02:15:43.373		0.59235			4
2026.03.11	02:15:50.996		0.59236			4
2026.03.11	02:15:51.297	0.59231	0.59235			6
2026.03.11	02:15:51.597	0.59232	0.59236			6
2026.03.11	02:16:00.222	0.59232				2
2026.03.11	02:16:00.523	0.59228	0.59232			6
2026.03.11	02:16:04.900	0.59229	0.59233			6
2026.03.11	02:16:09.716	0.59230				2
2026.03.11	02:16:12.120	0.59229	0.59232			6
2026.03.11	02:16:13.320		0.59233			4
2026.03.11	02:16:14.222	0.59228	0.59232			6
2026.03.11	02:16:20.465	0.59229	0.59233			6
2026.03.11	02:16:33.839	0.59228	0.59232			6
2026.03.11	02:16:35.341		0.59231			4
2026.03.11	02:16:38.344	0.59227				2
2026.03.11	02:16:39.767	0.59229	0.59232			6
2026.03.11	02:16:40.067		0.59233			4
2026.03.11	02:16:40.367	0.59228	0.59232			6
2026.03.11	02:16:42.558		0.59231			4
2026.03.11	02:16:44.960		0.59232			4
2026.03.11	02:16:45.861	0.59230	0.59234			6
2026.03.11	02:16:50.368	0.59229	0.59233			6
2026.03.11	02:16:50.669	0.59228	0.59232			6
2026.03.11	02:17:00.281	0.59228				2
2026.03.11	02:17:11.094	0.59229				2
2026.03.11	02:17:15.597	0.59228	0.59231			6
2026.03.11	02:17:24.615	0.59229	0.59232			6
2026.03.11	02:17:30.622	0.59228	0.59231			6
2026.03.11	02:17:47.165		0.59230			4
2026.03.11	02:17:52.272	0.59229	0.59231			6
2026.03.11	02:18:00.088	0.59229				2
2026.03.11	02:18:04.900	0.59228	0.59230			6
2026.03.11	02:18:24.732	0.59227	0.59229			6
2026.03.11	02:18:31.946	0.59229	0.59231			6
2026.03.11	02:18:34.650	0.59230	0.59232			6
2026.03.11	02:18:34.951	0.59231	0.59233			6
2026.03.11	02:18:39.758	0.59228	0.59230			6
2026.03.11	02:18:42.464	0.59229	0.59231			6
2026.03.11	02:18:42.764	0.59228	0.59230			6
2026.03.11	02:18:43.965	0.59229	0.59231			6
2026.03.11	02:18:45.468	0.59228	0.59230			6
2026.03.11	02:19:00.192	0.59228				2
2026.03.11	02:19:08.914	0.59229	0.59231			6
2026.03.11	02:19:09.514	0.59230				2
2026.03.11	02:19:09.814		0.59232			4
2026.03.11	02:19:11.919	0.59229	0.59231			6
2026.03.11	02:19:12.220	0.59228	0.59230			6
2026.03.11	02:19:16.427	0.59229				2
2026.03.11	02:19:17.029	0.59228				2
2026.03.11	02:19:21.240	0.59229				2
2026.03.11	02:19:21.540	0.59228				2
2026.03.11	02:19:25.748	0.59229				2
2026.03.11	02:19:28.455	0.59228				2
2026.03.11	02:19:28.756	0.59229				2
2026.03.11	02:19:32.363		0.59231			4
2026.03.11	02:19:35.065	0.59230	0.59232			6
2026.03.11	02:19:35.366	0.59229	0.59231			6
2026.03.11	02:19:39.570	0.59230	0.59232			6
2026.03.11	02:19:39.871	0.59231	0.59233			6
2026.03.11	02:19:40.472	0.59229	0.59231			6
2026.03.11	02:19:41.974		0.59230			4
2026.03.11	02:19:43.176		0.59231			4
2026.03.11	02:20:00.019	0.59229				2
2026.03.11	02:20:04.525	0.59233	0.59235			6
2026.03.11	02:20:23.159	0.59234	0.59236			6
2026.03.11	02:20:23.459	0.59233	0.59235			6
2026.03.11	02:20:49.302	0.59229	0.59231			6
2026.03.11	02:21:00.125	0.59229				2
2026.03.11	02:21:11.238	0.59228	0.59229			6
2026.03.11	02:21:11.539	0.59229	0.59231			6
2026.03.11	02:21:14.847		0.59230			4
2026.03.11	02:21:15.148		0.59231			4
2026.03.11	02:21:30.773	0.59231	0.59232			6
2026.03.11	02:21:31.073	0.59230				2
2026.03.11	02:21:44.887	0.59231				2
2026.03.11	02:21:49.095		0.59233			4
2026.03.11	02:21:49.696	0.59232	0.59234			6
2026.03.11	02:22:00.211	0.59232				2
2026.03.11	02:22:00.812	0.59233	0.59235			6
2026.03.11	02:22:11.636	0.59234				2
2026.03.11	02:22:11.935	0.59233				2
2026.03.11	02:22:14.644	0.59237	0.59238			6
2026.03.11	02:22:14.944	0.59238	0.59240			6
2026.03.11	02:22:38.084	0.59240	0.59242			6
2026.03.11	02:22:42.292	0.59242	0.59244			6
2026.03.11	02:22:42.594	0.59243	0.59245			6
2026.03.11	02:22:43.800	0.59242	0.59244			6
2026.03.11	02:22:56.424	0.59243	0.59245			6
2026.03.11	02:23:00.039	0.59243				2
2026.03.11	02:23:07.259	0.59242	0.59244			6
2026.03.11	02:23:07.556	0.59243	0.59245			6
2026.03.11	02:23:10.265		0.59244			4
2026.03.11	02:23:11.464	0.59239	0.59241			6
2026.03.11	02:23:11.765		0.59240			4
2026.03.11	02:23:12.667	0.59240	0.59241			6
2026.03.11	02:23:12.969		0.59242			4
2026.03.11	02:23:14.470	0.59239	0.59241			6
2026.03.11	02:23:17.476	0.59238	0.59240			6
2026.03.11	02:23:35.506	0.59239	0.59241			6
2026.03.11	02:23:38.814	0.59238	0.59240			6
2026.03.11	02:24:00.152	0.59238				2
2026.03.11	02:24:04.058	0.59239				2
2026.03.11	02:24:06.460		0.59241			4
2026.03.11	02:24:14.278		0.59240			4
2026.03.11	02:24:17.882		0.59241			4
2026.03.11	02:24:18.184	0.59240	0.59242			6
2026.03.11	02:24:18.482	0.59241				2
2026.03.11	02:24:20.580	0.59240	0.59241			6
2026.03.11	02:24:24.488	0.59241	0.59242			6
2026.03.11	02:24:24.789		0.59243			4
2026.03.11	02:24:25.393	0.59242	0.59244			6
2026.03.11	02:24:25.694	0.59243	0.59245			6
2026.03.11	02:24:33.506	0.59242	0.59244			6
2026.03.11	02:24:33.804	0.59241	0.59243			6
2026.03.11	02:24:38.311	0.59242				2
2026.03.11	02:24:41.020		0.59244			4
2026.03.11	02:24:42.523		0.59243			4
2026.03.11	02:24:45.223	0.59241				2
2026.03.11	02:24:45.528	0.59242				2
2026.03.11	02:24:53.349		0.59244			4
2026.03.11	02:24:55.453		0.59243			4
2026.03.11	02:25:00.259	0.59242				2
2026.03.11	02:25:00.561		0.59244			4
2026.03.11	02:25:17.082	0.59241	0.59243			6
2026.03.11	02:25:21.884	0.59240	0.59242			6
2026.03.11	02:25:23.685	0.59241	0.59243			6
2026.03.11	02:25:27.293	0.59240	0.59242			6
2026.03.11	02:25:27.592	0.59239	0.59241			6
2026.03.11	02:25:28.197	0.59238	0.59240			6
2026.03.11	02:25:28.795	0.59241	0.59243			6
2026.03.11	02:25:32.411	0.59242				2
2026.03.11	02:25:39.925		0.59244			4
2026.03.11	02:25:43.242		0.59243			4
2026.03.11	02:25:43.537		0.59244			4
2026.03.11	02:25:43.838		0.59243			4
2026.03.11	02:25:44.438		0.59244			4
2026.03.11	02:25:45.042		0.59243			4
2026.03.11	02:25:46.244	0.59241				2
2026.03.11	02:25:51.655	0.59237	0.59238			6
2026.03.11	02:25:51.954	0.59236				2
2026.03.11	02:25:59.766	0.59237	0.59239			6
2026.03.11	02:26:00.071	0.59236	0.59238			6
2026.03.11	02:26:57.179		0.59237			4
2026.03.11	02:26:57.479		0.59238			4
2026.03.11	02:27:00.183	0.59236				2
2026.03.11	02:27:01.984		0.59237			4
2026.03.11	02:27:08.591		0.59238			4
2026.03.11	02:27:09.793	0.59233	0.59234			6
2026.03.11	02:27:10.094	0.59232				2
2026.03.11	02:27:15.510	0.59231	0.59233			6
2026.03.11	02:27:19.419		0.59232			4
2026.03.11	02:27:19.720	0.59228	0.59230			6
2026.03.11	02:27:20.020	0.59229				2
2026.03.11	02:27:20.320	0.59228				2
2026.03.11	02:27:21.220	0.59229	0.59231			6
2026.03.11	02:27:21.522	0.59230	0.59232			6
2026.03.11	02:27:22.124	0.59229	0.59231			6
2026.03.11	02:27:26.627	0.59230				2
2026.03.11	02:27:29.036	0.59229				2
2026.03.11	02:27:31.444	0.59228	0.59230			6
2026.03.11	02:27:33.553	0.59229				2
2026.03.11	02:27:46.477		0.59231			4
2026.03.11	02:27:51.887	0.59228	0.59230			6
2026.03.11	02:27:54.291		0.59229			4
2026.03.11	02:28:00.001	0.59228				2
2026.03.11	02:28:06.611	0.59229	0.59231			6
2026.03.11	02:28:06.912		0.59230			4
2026.03.11	02:28:42.678	0.59228				2
2026.03.11	02:28:43.279	0.59225	0.59226			6
2026.03.11	02:28:43.580	0.59224	0.59225			6
2026.03.11	02:28:48.087	0.59226	0.59227			6
2026.03.11	02:28:49.591		0.59228			4
2026.03.11	02:28:49.892		0.59227			4
2026.03.11	02:28:53.813	0.59227	0.59229			6
2026.03.11	02:28:55.616		0.59228			4
2026.03.11	02:28:57.418		0.59229			4
2026.03.11	02:29:00.122	0.59227				2
2026.03.11	02:29:02.527	0.59226	0.59228			6
2026.03.11	02:29:03.731		0.59227			4
2026.03.11	02:29:04.334		0.59228			4
2026.03.11	02:29:08.541	0.59223	0.59225			6
2026.03.11	02:29:08.841		0.59224			4
2026.03.11	02:29:13.051		0.59225			4
2026.03.11	02:29:20.267		0.59224			4
2026.03.11	02:29:31.683		0.59225			4
2026.03.11	02:29:34.687	0.59224	0.59226			6
2026.03.11	02:29:39.500		0.59225			4
2026.03.11	02:29:42.211		0.59226			4
2026.03.11	02:29:43.713		0.59225			4
2026.03.11	02:30:00.248	0.59224				2
2026.03.11	02:30:00.549	0.59227	0.59229			6
2026.03.11	02:30:00.849	0.59228	0.59230			6
2026.03.11	02:30:01.450		0.59229			4
2026.03.11	02:30:03.858		0.59230			4
2026.03.11	02:30:14.670	0.59232	0.59234			6
2026.03.11	02:30:19.177	0.59233	0.59235			6
2026.03.11	02:30:24.883	0.59234	0.59236			6
2026.03.11	02:30:34.797	0.59237	0.59239			6
2026.03.11	02:30:37.200	0.59238	0.59240			6
2026.03.11	02:30:37.500	0.59237	0.59239			6
2026.03.11	02:30:37.800	0.59236	0.59238			6
2026.03.11	02:30:39.905	0.59237	0.59239			6
2026.03.11	02:30:40.206	0.59236	0.59238			6
2026.03.11	02:30:40.507	0.59237	0.59239			6
2026.03.11	02:30:40.807	0.59236	0.59238			6
2026.03.11	02:30:43.214	0.59235	0.59237			6
2026.03.11	02:30:48.622	0.59236	0.59238			6
2026.03.11	02:30:56.735	0.59234	0.59236			6
2026.03.11	02:30:57.038	0.59233	0.59235			6
2026.03.11	02:31:00.046	0.59233				2
2026.03.11	02:31:33.398	0.59231	0.59233			6
2026.03.11	02:31:39.408	0.59232	0.59234			6
2026.03.11	02:31:40.915	0.59231	0.59233			6
2026.03.11	02:31:53.831	0.59229	0.59231			6
2026.03.11	02:31:54.131	0.59228	0.59230			6
2026.03.11	02:32:00.148	0.59228				2
2026.03.11	02:32:27.208	0.59229				2
2026.03.11	02:32:35.922		0.59231			4
2026.03.11	02:32:43.740	0.59230				2
2026.03.11	02:32:44.341	0.59229	0.59230			6
2026.03.11	02:32:48.846	0.59228				2
2026.03.11	02:32:52.451	0.59227	0.59228			6
2026.03.11	02:32:52.751	0.59226	0.59227			6
2026.03.11	02:32:53.353		0.59228			4
2026.03.11	02:33:00.265	0.59226				2
2026.03.11	02:33:05.372	0.59227				2
2026.03.11	02:33:11.378		0.59229			4
2026.03.11	02:33:39.331	0.59228				2
2026.03.11	02:33:42.336	0.59227	0.59228			6
2026.03.11	02:33:43.237		0.59229			4
2026.03.11	02:34:00.070	0.59227				2
2026.03.11	02:34:00.370		0.59228			4
2026.03.11	02:34:02.472	0.59230	0.59232			6
2026.03.11	02:34:02.774	0.59229	0.59231			6
2026.03.11	02:34:09.684	0.59230				2
2026.03.11	02:34:09.985	0.59231	0.59233			6
2026.03.11	02:34:11.187	0.59233	0.59234			6
2026.03.11	02:34:12.989	0.59234	0.59236			6
2026.03.11	02:34:31.024	0.59237	0.59239			6
2026.03.11	02:34:31.321	0.59238	0.59240			6
2026.03.11	02:34:32.220	0.59239				2
2026.03.11	02:34:32.821	0.59238				2
2026.03.11	02:34:35.527	0.59239				2
2026.03.11	02:34:38.246	0.59234	0.59236			6
2026.03.11	02:34:38.547	0.59233	0.59235			6
2026.03.11	02:34:38.848	0.59234				2
2026.03.11	02:34:39.155		0.59236			4
2026.03.11	02:34:40.055	0.59236	0.59238			6
2026.03.11	02:34:44.260	0.59238	0.59240			6
2026.03.11	02:34:44.861	0.59237	0.59239			6
2026.03.11	02:34:46.963	0.59236	0.59238			6
2026.03.11	02:34:49.669	0.59238	0.59240			6
2026.03.11	02:34:54.179	0.59237	0.59239			6
2026.03.11	02:34:56.283	0.59238	0.59240			6
2026.03.11	02:34:59.580	0.59239	0.59241			6
2026.03.11	02:35:00.189	0.59239				2
2026.03.11	02:35:15.814	0.59238	0.59240			6
2026.03.11	02:35:27.247	0.59239				2
2026.03.11	02:35:30.553	0.59238				2
2026.03.11	02:35:30.854	0.59239				2
2026.03.11	02:35:31.156		0.59241			4
2026.03.11	02:35:32.658	0.59240				2
2026.03.11	02:35:34.459	0.59239				2
2026.03.11	02:35:38.969	0.59237	0.59238			6
2026.03.11	02:35:39.269	0.59235	0.59237			6
2026.03.11	02:35:41.071	0.59236	0.59238			6
2026.03.11	02:35:42.872	0.59235	0.59237			6
2026.03.11	02:35:43.172	0.59236	0.59238			6
2026.03.11	02:35:44.973	0.59234	0.59236			6
2026.03.11	02:35:57.593	0.59235	0.59237			6
2026.03.11	02:35:57.894	0.59234	0.59236			6
2026.03.11	02:36:00.003	0.59234				2
2026.03.11	02:36:00.903	0.59236	0.59238			6
2026.03.11	02:36:01.201	0.59237	0.59239			6
2026.03.11	02:36:16.522	0.59234	0.59236			6
2026.03.11	02:36:22.231	0.59236	0.59238			6
2026.03.11	02:36:22.531	0.59237	0.59239			6
2026.03.11	02:36:23.733		0.59238			4
2026.03.11	02:36:24.033	0.59235	0.59237			6
2026.03.11	02:36:25.235	0.59233	0.59236			6
2026.03.11	02:36:25.837	0.59231	0.59234			6
2026.03.11	02:36:27.337	0.59232				2
2026.03.11	02:36:27.939	0.59230	0.59233			6
2026.03.11	02:36:30.343	0.59231				2
2026.03.11	02:36:30.943	0.59230				2
2026.03.11	02:36:46.269	0.59231				2
2026.03.11	02:37:00.089	0.59231				2
2026.03.11	02:37:01.896	0.59229	0.59231			6
2026.03.11	02:37:02.495	0.59228	0.59230			6
2026.03.11	02:37:24.435	0.59229	0.59231			6
2026.03.11	02:37:29.247	0.59228	0.59230			6
2026.03.11	02:37:37.669	0.59227	0.59229			6
2026.03.11	02:37:39.775	0.59228	0.59230			6
2026.03.11	02:37:40.073	0.59227	0.59229			6
2026.03.11	02:37:40.975	0.59228	0.59230			6
2026.03.11	02:37:45.182	0.59227	0.59229			6
2026.03.11	02:38:00.210	0.59227				2
2026.03.11	02:38:05.315	0.59228				2
2026.03.11	02:38:07.721	0.59227				2
2026.03.11	02:38:08.021	0.59224	0.59225			6
2026.03.11	02:38:09.225		0.59226			4
2026.03.11	02:38:13.423	0.59226	0.59228			6
2026.03.11	02:38:13.722	0.59227	0.59229			6
2026.03.11	02:38:14.323		0.59230			4
2026.03.11	02:38:17.335		0.59229			4
2026.03.11	02:38:31.763	0.59228	0.59230			6
2026.03.11	02:38:32.364	0.59229	0.59231			6
2026.03.11	02:38:39.877	0.59228	0.59230			6
2026.03.11	02:38:50.690	0.59229	0.59231			6
2026.03.11	02:39:00.013	0.59229				2
2026.03.11	02:39:19.255	0.59232	0.59233			6
2026.03.11	02:39:19.556	0.59233	0.59234			6
2026.03.11	02:39:20.158	0.59232				2
2026.03.11	02:39:31.573	0.59233	0.59235			6
2026.03.11	02:39:39.384		0.59234			4
2026.03.11	02:39:48.107	0.59230	0.59232			6
2026.03.11	02:39:52.022	0.59229	0.59231			6
2026.03.11	02:39:58.342	0.59228	0.59230			6
2026.03.11	02:40:00.152	0.59228				2
2026.03.11	02:40:22.684	0.59229				2
2026.03.11	02:40:22.985		0.59231			4
2026.03.11	02:40:23.585	0.59228	0.59230			6
2026.03.11	02:40:32.002	0.59233	0.59234			6
2026.03.11	02:40:32.301	0.59234	0.59236			6
2026.03.11	02:40:36.213	0.59235	0.59237			6
2026.03.11	02:40:46.131	0.59234	0.59236			6
2026.03.11	02:41:00.257	0.59234				2
2026.03.11	02:41:05.664	0.59233	0.59235			6
2026.03.11	02:41:21.900	0.59234	0.59236			6
2026.03.11	02:41:29.121		0.59235			4
2026.03.11	02:41:30.324	0.59233				2
2026.03.11	02:41:33.038	0.59234				2
2026.03.11	02:41:33.942	0.59233				2
2026.03.11	02:41:36.947	0.59232	0.59233			6
2026.03.11	02:41:37.246	0.59231	0.59232			6
2026.03.11	02:41:37.547	0.59230				2
2026.03.11	02:41:42.961	0.59231	0.59233			6
2026.03.11	02:41:46.267	0.59230	0.59232			6
2026.03.11	02:41:46.566	0.59231				2
2026.03.11	02:41:47.769		0.59233			4
2026.03.11	02:41:48.370		0.59232			4
2026.03.11	02:41:49.871		0.59233			4
2026.03.11	02:41:55.874	0.59230	0.59232			6
2026.03.11	02:42:00.077	0.59230				2
2026.03.11	02:42:00.677	0.59231	0.59233			6
2026.03.11	02:42:01.278	0.59230	0.59232			6
2026.03.11	02:42:02.478	0.59229	0.59231			6
2026.03.11	02:42:03.982		0.59230			4
2026.03.11	02:42:16.004		0.59231			4
2026.03.11	02:42:17.208	0.59228	0.59230			6
2026.03.11	02:42:23.231	0.59229				2
2026.03.11	02:42:25.637		0.59231			4
2026.03.11	02:42:32.266		0.59230			4
2026.03.11	02:42:32.567		0.59231			4
2026.03.11	02:42:44.592	0.59230				2
2026.03.11	02:42:45.497	0.59229				2
2026.03.11	02:42:50.304		0.59230			4
2026.03.11	02:42:50.604	0.59228				2
2026.03.11	02:42:51.805	0.59229				2
2026.03.11	02:43:00.215	0.59229				2
2026.03.11	02:43:07.130		0.59231			4
2026.03.11	02:43:08.332		0.59230			4
2026.03.11	02:43:09.838	0.59228				2
2026.03.11	02:43:13.144	0.59229				2
2026.03.11	02:43:13.445	0.59228				2
2026.03.11	02:43:14.647	0.59229				2
2026.03.11	02:43:19.454	0.59228				2
2026.03.11	02:43:20.656	0.59227	0.59228			6
2026.03.11	02:43:20.957	0.59226				2
2026.03.11	02:43:21.557	0.59227				2
2026.03.11	02:43:24.260	0.59226				2
2026.03.11	02:43:25.762	0.59227				2
2026.03.11	02:43:29.971	0.59226				2
2026.03.11	02:43:31.772	0.59225	0.59226			6
2026.03.11	02:43:32.073	0.59224				2
2026.03.11	02:43:33.273	0.59225				2
2026.03.11	02:43:49.513	0.59224				2
2026.03.11	02:43:50.714	0.59225				2
2026.03.11	02:44:00.043	0.59225				2
2026.03.11	02:44:01.246	0.59224				2
2026.03.11	02:44:14.471	0.59223	0.59225			6
2026.03.11	02:44:20.778	0.59224				2
2026.03.11	02:44:21.380	0.59223				2
2026.03.11	02:44:23.184	0.59221	0.59222			6
2026.03.11	02:44:23.482	0.59222	0.59223			6
2026.03.11	02:44:23.783	0.59221				2
2026.03.11	02:44:24.993	0.59223	0.59225			6
2026.03.11	02:44:28.599	0.59224				2
2026.03.11	02:44:28.900	0.59223				2
2026.03.11	02:44:29.801	0.59224				2
2026.03.11	02:44:30.101	0.59223				2
2026.03.11	02:44:39.117	0.59224				2
2026.03.11	02:44:49.937	0.59225	0.59226			6
2026.03.11	02:44:50.239	0.59226	0.59227			6
2026.03.11	02:44:51.743	0.59227	0.59228			6
2026.03.11	02:44:58.052	0.59226	0.59227			6
2026.03.11	02:44:58.351	0.59228	0.59229			6
2026.03.11	02:45:00.155	0.59228				2
2026.03.11	02:45:01.657	0.59227				2
2026.03.11	02:45:01.958	0.59225	0.59227			6
2026.03.11	02:45:04.364	0.59226				2
2026.03.11	02:45:05.565		0.59228			4
2026.03.11	02:45:09.472	0.59224	0.59226			6
2026.03.11	02:45:09.772	0.59225				2
2026.03.11	02:45:10.672	0.59224				2
2026.03.11	02:45:11.873	0.59225				2
2026.03.11	02:45:15.480	0.59228	0.59229			6
2026.03.11	02:45:15.781	0.59230	0.59232			6
2026.03.11	02:45:16.380	0.59229				2
2026.03.11	02:45:19.988	0.59230	0.59233			6
2026.03.11	02:45:20.588	0.59233	0.59236			6
2026.03.11	02:45:21.188	0.59232				2
2026.03.11	02:45:28.109	0.59233				2
2026.03.11	02:45:32.316		0.59235			4
2026.03.11	02:45:35.626	0.59228	0.59230			6
2026.03.11	02:45:44.639	0.59232	0.59235			6
2026.03.11	02:45:45.541	0.59228	0.59231			6
2026.03.11	02:45:47.946	0.59229				2
2026.03.11	02:46:00.265	0.59229				2
2026.03.11	02:46:00.568	0.59230				2
2026.03.11	02:46:00.866	0.59229				2
2026.03.11	02:46:01.167	0.59230				2
2026.03.11	02:46:01.467	0.59229				2
2026.03.11	02:46:01.768	0.59230				2
2026.03.11	02:46:02.068	0.59229				2
2026.03.11	02:46:02.369	0.59230				2
2026.03.11	02:46:02.699	0.59229				2
2026.03.11	02:46:03.300	0.59230				2
2026.03.11	02:46:03.601	0.59229				2
2026.03.11	02:46:03.901	0.59230				2
2026.03.11	02:46:04.201	0.59229				2
2026.03.11	02:46:09.008	0.59233	0.59236			6
2026.03.11	02:46:47.181	0.59234	0.59237			6
2026.03.11	02:46:58.298	0.59233				2
2026.03.11	02:46:59.200	0.59232	0.59236			6
2026.03.11	02:47:00.103	0.59232				2
2026.03.11	02:47:00.403	0.59230	0.59233			6
2026.03.11	02:47:00.703	0.59229				2
2026.03.11	02:47:01.904	0.59230				2
2026.03.11	02:47:04.912		0.59234			4
2026.03.11	02:47:05.212	0.59232	0.59235			6
2026.03.11	02:47:05.512	0.59233				2
2026.03.11	02:47:05.812	0.59232				2
2026.03.11	02:47:15.728	0.59230	0.59233			6
2026.03.11	02:47:16.028	0.59229	0.59232			6
2026.03.11	02:47:21.736		0.59233			4
2026.03.11	02:47:22.036		0.59232			4
2026.03.11	02:47:38.571	0.59228				2
2026.03.11	02:47:59.517	0.59229	0.59233			6
2026.03.11	02:48:00.118	0.59229				2
2026.03.11	02:48:00.418	0.59228	0.59232			6
2026.03.11	02:48:05.227		0.59231			4
2026.03.11	02:48:19.046	0.59227	0.59230			6
2026.03.11	02:48:27.759	0.59228	0.59231			6
2026.03.11	02:48:40.673	0.59224	0.59227			6
2026.03.11	02:48:41.276		0.59228			4
2026.03.11	02:48:48.492		0.59227			4
2026.03.11	02:48:49.997		0.59226			4
2026.03.11	02:48:51.199		0.59227			4
2026.03.11	02:48:58.416	0.59223				2
2026.03.11	02:48:58.716	0.59224				2
2026.03.11	02:49:00.218	0.59224				2
2026.03.11	02:49:08.932	0.59227	0.59230			6
2026.03.11	02:49:09.235	0.59228	0.59231			6
2026.03.11	02:49:16.752	0.59230	0.59234			6
2026.03.11	02:49:27.571		0.59233			4
2026.03.11	02:49:27.872	0.59229				2
2026.03.11	02:49:34.178	0.59230				2
2026.03.11	02:49:35.078		0.59234			4
2026.03.11	02:49:37.484	0.59232	0.59236			6
2026.03.11	02:49:37.784	0.59233				2
2026.03.11	02:49:47.777	0.59232				2
2026.03.11	02:49:53.783	0.59234	0.59238			6
2026.03.11	02:50:00.100	0.59234				2
2026.03.11	02:50:07.881	0.59235	0.59237			6
2026.03.11	02:50:08.181	0.59233				2
2026.03.11	02:50:18.443		0.59236			4
2026.03.11	02:50:19.046		0.59237			4
2026.03.11	02:50:26.948	0.59237	0.59241			6
2026.03.11	02:50:27.852	0.59238				2
2026.03.11	02:50:28.753		0.59242			4
2026.03.11	02:50:29.957	0.59237	0.59241			6
2026.03.11	02:50:30.257	0.59235	0.59239			6
2026.03.11	02:50:30.557	0.59234	0.59238			6
2026.03.11	02:50:32.659	0.59233	0.59237			6
2026.03.11	02:50:37.167	0.59232	0.59236			6
2026.03.11	02:50:51.612	0.59233	0.59237			6
2026.03.11	02:50:55.218	0.59234	0.59238			6
2026.03.11	02:50:58.524	0.59235	0.59239			6
2026.03.11	02:50:58.824	0.59234	0.59238			6
2026.03.11	02:50:59.428	0.59235	0.59239			6
2026.03.11	02:51:00.029	0.59235				2
2026.03.11	02:51:00.630	0.59236	0.59240			6
2026.03.11	02:51:05.746		0.59239			4
2026.03.11	02:51:06.048	0.59234	0.59238			6
2026.03.11	02:51:12.937	0.59235	0.59239			6
2026.03.11	02:51:17.896	0.59237	0.59241			6
2026.03.11	02:51:19.397	0.59238	0.59242			6
2026.03.11	02:51:20.899	0.59239				2
2026.03.11	02:51:25.713	0.59238				2
2026.03.11	02:51:36.373	0.59242	0.59245			6
2026.03.11	02:51:38.689	0.59243				2
2026.03.11	02:51:41.392		0.59246			4
2026.03.11	02:51:58.671	0.59242				2
2026.03.11	02:52:00.202	0.59242	0.59243			6
2026.03.11	02:52:00.502	0.59239				2
2026.03.11	02:52:00.802	0.59241	0.59244			6
2026.03.11	02:52:01.404	0.59242	0.59246			6
2026.03.11	02:52:01.706	0.59243				2
2026.03.11	02:52:20.057	0.59240	0.59242			6
2026.03.11	02:52:20.358	0.59242	0.59245			6
2026.03.11	02:52:22.176	0.59241				2
2026.03.11	02:52:23.078		0.59243			4
2026.03.11	02:52:23.376	0.59242	0.59246			6
2026.03.11	02:52:31.818	0.59241	0.59244			6
2026.03.11	02:52:34.230		0.59243			4
2026.03.11	02:52:34.530	0.59239				2
2026.03.11	02:52:37.542	0.59240				2
2026.03.11	02:52:37.844	0.59239				2
2026.03.11	02:52:39.946	0.59240				2
2026.03.11	02:52:42.656	0.59242	0.59245			6
2026.03.11	02:52:47.108	0.59239	0.59243			6
2026.03.11	02:52:54.021	0.59237	0.59241			6
2026.03.11	02:52:57.930	0.59238				2
2026.03.11	02:52:58.232	0.59237				2
2026.03.11	02:52:59.434	0.59238				2
2026.03.11	02:53:00.034	0.59235	0.59239			6
2026.03.11	02:53:00.335	0.59233	0.59237			6
2026.03.11	02:53:00.635	0.59234	0.59238			6
2026.03.11	02:53:00.936	0.59233	0.59237			6
2026.03.11	02:53:10.252		0.59236			4
2026.03.11	02:53:21.364	0.59231	0.59235			6
2026.03.11	02:53:21.964	0.59232				2
2026.03.11	02:53:24.667	0.59233				2
2026.03.11	02:53:25.268	0.59232				2
2026.03.11	02:53:29.662	0.59233				2
2026.03.11	02:53:34.168		0.59236			4
2026.03.11	02:53:34.468	0.59232				2
2026.03.11	02:53:47.802	0.59233				2
2026.03.11	02:53:56.236		0.59237			4
2026.03.11	02:53:57.165		0.59236			4
2026.03.11	02:54:00.171	0.59233				2
2026.03.11	02:54:00.471	0.59232				2
2026.03.11	02:54:04.376		0.59234			4
2026.03.11	02:54:04.675	0.59228	0.59232			6
2026.03.11	02:54:33.891		0.59231			4
2026.03.11	02:54:36.295	0.59232	0.59235			6
2026.03.11	02:54:36.595	0.59229	0.59232			6
2026.03.11	02:54:56.260	0.59228				2
2026.03.11	02:54:56.955	0.59229				2
2026.03.11	02:55:00.258	0.59229				2
2026.03.11	02:55:14.979	0.59228	0.59231			6
2026.03.11	02:55:39.312	0.59229				2
2026.03.11	02:55:42.921	0.59228	0.59230			6
2026.03.11	02:55:48.637	0.59229	0.59231			6
2026.03.11	02:55:53.754	0.59228	0.59230			6
2026.03.11	02:55:56.159	0.59223	0.59227			6
2026.03.11	02:55:56.760		0.59226			4
2026.03.11	02:56:00.066	0.59223				2
2026.03.11	02:56:00.968		0.59227			4
2026.03.11	02:56:01.268	0.59224				2
2026.03.11	02:56:03.973	0.59222	0.59225			6
2026.03.11	02:56:06.978	0.59223	0.59226			6
2026.03.11	02:56:08.180	0.59222	0.59225			6
2026.03.11	02:56:11.786	0.59223	0.59226			6
2026.03.11	02:56:13.588	0.59222	0.59225			6
2026.03.11	02:56:13.888	0.59223	0.59226			6
2026.03.11	02:56:18.994	0.59222	0.59225			6
2026.03.11	02:56:25.908	0.59220	0.59223			6
2026.03.11	02:56:26.208	0.59222	0.59225			6
2026.03.11	02:56:26.810	0.59223	0.59226			6
2026.03.11	02:56:27.110	0.59222	0.59225			6
2026.03.11	02:56:28.011	0.59221	0.59224			6
2026.03.11	02:56:28.612	0.59222	0.59225			6
2026.03.11	02:56:32.519	0.59223	0.59226			6
2026.03.11	02:56:36.122	0.59224				2
2026.03.11	02:56:52.355	0.59223	0.59225			6
2026.03.11	02:56:52.657	0.59224	0.59226			6
2026.03.11	02:56:55.666	0.59222	0.59224			6
2026.03.11	02:57:00.171	0.59222				2
2026.03.11	02:57:01.671	0.59221	0.59223			6
2026.03.11	02:57:05.277	0.59222	0.59224			6
2026.03.11	02:57:07.380	0.59225	0.59227			6
2026.03.11	02:57:08.582	0.59224	0.59226			6
2026.03.11	02:57:09.186	0.59225	0.59227			6
2026.03.11	02:57:09.486	0.59226	0.59228			6
2026.03.11	02:57:09.788	0.59228	0.59230			6
2026.03.11	02:57:11.291	0.59227				2
2026.03.11	02:57:12.492	0.59226	0.59229			6
2026.03.11	02:57:15.497	0.59225	0.59228			6
2026.03.11	02:57:16.698	0.59226	0.59229			6
2026.03.11	02:57:18.199	0.59227	0.59230			6
2026.03.11	02:57:30.519	0.59229	0.59232			6
2026.03.11	02:57:37.132	0.59230				2
2026.03.11	02:57:39.240	0.59231	0.59233			6
2026.03.11	02:57:40.145	0.59230				2
2026.03.11	02:57:43.149	0.59231				2
2026.03.11	02:57:49.757	0.59230	0.59232			6
2026.03.11	02:58:00.274	0.59230				2
2026.03.11	02:58:00.574	0.59232	0.59234			6
2026.03.11	02:58:00.874	0.59233	0.59235			6
2026.03.11	02:58:03.278	0.59234	0.59236			6
2026.03.11	02:58:05.984	0.59235	0.59237			6
2026.03.11	02:58:13.498	0.59236	0.59238			6
2026.03.11	02:58:14.701	0.59235	0.59237			6
2026.03.11	02:58:28.227	0.59234	0.59236			6
2026.03.11	02:58:29.732	0.59233	0.59235			6
2026.03.11	02:58:33.944	0.59234	0.59236			6
2026.03.11	02:58:46.871	0.59233	0.59235			6
2026.03.11	02:58:48.071	0.59232	0.59233			6
2026.03.11	02:58:48.371		0.59234			4
2026.03.11	02:58:48.671	0.59233	0.59235			6
2026.03.11	02:58:52.276		0.59234			4
2026.03.11	02:58:53.480	0.59232				2
2026.03.11	02:58:56.184	0.59234	0.59236			6
2026.03.11	02:59:00.094	0.59234				2
2026.03.11	02:59:04.000	0.59235				2
2026.03.11	02:59:07.006		0.59237			4
2026.03.11	02:59:07.305	0.59237	0.59238			6
2026.03.11	02:59:07.608	0.59238	0.59239			6
2026.03.11	02:59:07.908	0.59239	0.59240			6
2026.03.11	02:59:08.208	0.59238	0.59241			6
2026.03.11	02:59:09.411	0.59236	0.59239			6
2026.03.11	02:59:12.173	0.59238	0.59241			6
2026.03.11	02:59:12.474	0.59237	0.59240			6
2026.03.11	02:59:16.980	0.59239	0.59242			6
2026.03.11	02:59:18.781	0.59240	0.59243			6
2026.03.11	02:59:25.397	0.59241	0.59244			6
2026.03.11	02:59:25.697	0.59239	0.59242			6
2026.03.11	02:59:33.214	0.59240	0.59243			6
2026.03.11	02:59:33.515	0.59239	0.59242			6
2026.03.11	02:59:38.019	0.59240	0.59243			6
2026.03.11	02:59:40.123	0.59241	0.59244			6
2026.03.11	02:59:43.429	0.59240	0.59243			6
2026.03.11	02:59:45.231		0.59242			4
2026.03.11	02:59:45.833	0.59241	0.59243			6
2026.03.11	02:59:46.133	0.59240	0.59242			6
2026.03.11	02:59:47.034		0.59243			4
2026.03.11	02:59:47.334		0.59242			4
2026.03.11	02:59:47.635	0.59239				2
2026.03.11	02:59:48.536	0.59240	0.59243			6
2026.03.11	02:59:49.137		0.59242			4
2026.03.11	02:59:51.841	0.59239	0.59241			6
2026.03.11	02:59:55.448	0.59241	0.59243			6
2026.03.11	02:59:56.349	0.59240				2
2026.03.11	02:59:58.155	0.59238	0.59241			6
2026.03.11	03:00:00.256	0.59241	0.59242			6
2026.03.11	03:00:00.559	0.59243	0.59246			6
2026.03.11	03:00:01.157	0.59246	0.59249			6
2026.03.11	03:00:01.462	0.59247	0.59251			6
2026.03.11	03:00:01.759	0.59248	0.59252			6
2026.03.11	03:00:08.671	0.59254	0.59257			6
2026.03.11	03:00:08.969		0.59258			4
2026.03.11	03:00:09.570		0.59257			4
2026.03.11	03:00:09.871	0.59253				2
2026.03.11	03:00:10.471		0.59256			4
2026.03.11	03:00:11.671		0.59257			4
2026.03.11	03:00:12.271		0.59256			4
2026.03.11	03:00:12.571		0.59257			4
2026.03.11	03:00:12.871	0.59254				2
2026.03.11	03:00:13.471	0.59253				2
2026.03.11	03:00:14.072	0.59252	0.59255			6
2026.03.11	03:00:14.372		0.59256			4
2026.03.11	03:00:15.872	0.59250	0.59254			6
2026.03.11	03:00:16.474	0.59253	0.59257			6
2026.03.11	03:00:16.774	0.59252	0.59256			6
2026.03.11	03:00:17.376	0.59253	0.59257			6
2026.03.11	03:00:19.477	0.59254				2
2026.03.11	03:00:21.278		0.59258			4
2026.03.11	03:00:21.578	0.59255	0.59259			6
2026.03.11	03:00:22.478	0.59258	0.59262			6
2026.03.11	03:00:22.779	0.59257	0.59261			6
2026.03.11	03:00:23.379		0.59260			4
2026.03.11	03:00:23.680		0.59261			4
2026.03.11	03:00:25.655	0.59258	0.59262			6
2026.03.11	03:00:33.625	0.59261	0.59265			6
2026.03.11	03:00:33.925	0.59263	0.59267			6
2026.03.11	03:00:34.529		0.59265			4
2026.03.11	03:00:34.827	0.59262	0.59266			6
2026.03.11	03:00:35.127	0.59263	0.59267			6
2026.03.11	03:00:35.427	0.59262	0.59266			6
2026.03.11	03:00:35.727	0.59263	0.59267			6
2026.03.11	03:00:36.935	0.59265	0.59269			6
2026.03.11	03:00:37.234	0.59266	0.59270			6
2026.03.11	03:00:37.535	0.59264	0.59268			6
2026.03.11	03:00:39.637	0.59263	0.59267			6
2026.03.11	03:00:45.344	0.59262	0.59266			6
2026.03.11	03:00:51.954	0.59263	0.59267			6
2026.03.11	03:00:55.258	0.59264	0.59268			6
2026.03.11	03:00:55.558	0.59265	0.59269			6
2026.03.11	03:00:55.860	0.59268	0.59271			6
2026.03.11	03:00:56.158	0.59269	0.59273			6
2026.03.11	03:00:57.658	0.59268	0.59272			6
2026.03.11	03:00:59.461	0.59267	0.59271			6
2026.03.11	03:00:59.763	0.59266	0.59269			6
2026.03.11	03:01:00.062	0.59265				2
2026.03.11	03:01:02.465	0.59264	0.59268			6
2026.03.11	03:01:03.364	0.59266	0.59269			6
2026.03.11	03:01:03.665	0.59265				2
2026.03.11	03:01:04.566	0.59263	0.59267			6
2026.03.11	03:01:07.268	0.59264	0.59268			6
2026.03.11	03:01:08.768	0.59265	0.59269			6
2026.03.11	03:01:09.368	0.59266	0.59270			6
2026.03.11	03:01:09.669	0.59265	0.59269			6
2026.03.11	03:01:10.870	0.59266	0.59270			6
2026.03.11	03:01:11.471	0.59265	0.59269			6
2026.03.11	03:01:12.072	0.59263	0.59267			6
2026.03.11	03:01:13.573	0.59259	0.59263			6
2026.03.11	03:01:13.873		0.59262			4
2026.03.11	03:01:14.473	0.59258				2
2026.03.11	03:01:15.074	0.59257	0.59261			6
2026.03.11	03:01:15.676	0.59254	0.59258			6
2026.03.11	03:01:15.979	0.59253	0.59257			6
2026.03.11	03:01:16.277	0.59252	0.59256			6
2026.03.11	03:01:16.877	0.59253	0.59257			6
2026.03.11	03:01:20.508	0.59256	0.59260			6
2026.03.11	03:01:20.809	0.59258	0.59262			6
2026.03.11	03:01:22.311	0.59257	0.59261			6
2026.03.11	03:01:22.911	0.59258	0.59262			6
2026.03.11	03:01:26.734	0.59257	0.59261			6
2026.03.11	03:01:27.034	0.59258	0.59262			6
2026.03.11	03:01:27.635	0.59257	0.59261			6
2026.03.11	03:01:27.935	0.59258	0.59262			6
2026.03.11	03:01:28.235	0.59259				2
2026.03.11	03:01:30.449		0.59261			4
2026.03.11	03:01:30.750		0.59262			4
2026.03.11	03:01:31.952	0.59261	0.59263			6
2026.03.11	03:01:32.251		0.59264			4
2026.03.11	03:01:32.552		0.59263			4
2026.03.11	03:01:33.452		0.59264			4
2026.03.11	03:01:34.054		0.59265			4
2026.03.11	03:01:38.099	0.59264	0.59266			6
2026.03.11	03:01:38.699		0.59267			4
2026.03.11	03:01:40.085		0.59266			4
2026.03.11	03:01:40.385	0.59263				2
2026.03.11	03:01:42.043		0.59265			4
2026.03.11	03:01:44.705		0.59266			4
2026.03.11	03:01:45.006		0.59265			4
2026.03.11	03:01:45.307		0.59266			4
2026.03.11	03:01:45.607		0.59265			4
2026.03.11	03:01:53.121	0.59264	0.59266			6
2026.03.11	03:01:57.624		0.59267			4
2026.03.11	03:02:00.013	0.59264				2
2026.03.11	03:02:01.573		0.59266			4
2026.03.11	03:02:01.874	0.59263				2
2026.03.11	03:02:06.076		0.59267			4
2026.03.11	03:02:08.480	0.59255	0.59258			6
2026.03.11	03:02:08.780		0.59257			4
2026.03.11	03:02:09.381	0.59253				2
2026.03.11	03:02:10.940	0.59250	0.59253			6
2026.03.11	03:02:11.240		0.59252			4
2026.03.11	03:02:11.540	0.59251	0.59253			6
2026.03.11	03:02:11.842	0.59253	0.59257			6
2026.03.11	03:02:17.503	0.59252	0.59256			6
2026.03.11	03:02:17.803		0.59255			4
2026.03.11	03:02:20.206	0.59253	0.59257			6
2026.03.11	03:02:22.007	0.59257	0.59261			6
2026.03.11	03:02:22.308	0.59258	0.59262			6
2026.03.11	03:02:23.213	0.59257	0.59261			6
2026.03.11	03:02:23.513	0.59255	0.59259			6
2026.03.11	03:02:29.219	0.59251	0.59255			6
2026.03.11	03:02:31.030	0.59252				2
2026.03.11	03:02:31.331		0.59256			4
2026.03.11	03:02:32.276		0.59255			4
2026.03.11	03:02:32.575	0.59251				2
2026.03.11	03:02:33.178	0.59249	0.59253			6
2026.03.11	03:02:33.476	0.59248	0.59251			6
2026.03.11	03:02:34.377		0.59252			4
2026.03.11	03:02:35.488		0.59251			4
2026.03.11	03:02:36.088		0.59252			4
2026.03.11	03:02:36.689		0.59251			4
2026.03.11	03:02:37.893		0.59252			4
2026.03.11	03:02:38.794		0.59251			4
2026.03.11	03:02:39.695		0.59252			4
2026.03.11	03:02:40.401		0.59251			4
2026.03.11	03:02:44.612	0.59249				2
2026.03.11	03:02:45.212		0.59252			4
2026.03.11	03:02:45.513	0.59248	0.59251			6
2026.03.11	03:02:47.053		0.59250			4
2026.03.11	03:02:48.855		0.59251			4
2026.03.11	03:02:50.657	0.59249				2
2026.03.11	03:02:50.958		0.59252			4
2026.03.11	03:02:51.858		0.59251			4
2026.03.11	03:02:52.459	0.59248				2
2026.03.11	03:02:52.758		0.59250			4
2026.03.11	03:02:53.958	0.59247	0.59249			6
2026.03.11	03:02:54.259	0.59249	0.59252			6
2026.03.11	03:02:54.560		0.59253			4
2026.03.11	03:02:54.863		0.59252			4
2026.03.11	03:02:55.161		0.59253			4
2026.03.11	03:02:56.098	0.59248	0.59251			6
2026.03.11	03:02:57.313	0.59249	0.59252			6
2026.03.11	03:03:00.017	0.59249				2
2026.03.11	03:03:00.317	0.59248	0.59251			6
2026.03.11	03:03:00.618	0.59247	0.59249			6
2026.03.11	03:03:01.521		0.59248			4
2026.03.11	03:03:01.820	0.59243	0.59245			6
2026.03.11	03:03:02.122	0.59242	0.59244			6
2026.03.11	03:03:02.422	0.59244	0.59246			6
2026.03.11	03:03:03.624	0.59243	0.59245			6
2026.03.11	03:03:05.426	0.59244				2
2026.03.11	03:03:05.726	0.59247	0.59249			6
2026.03.11	03:03:10.533	0.59246	0.59247			6
2026.03.11	03:03:11.734	0.59238	0.59241			6
2026.03.11	03:03:12.034		0.59240			4
2026.03.11	03:03:13.537		0.59241			4
2026.03.11	03:03:14.138	0.59239	0.59242			6
2026.03.11	03:03:22.251	0.59244	0.59247			6
2026.03.11	03:03:22.551	0.59245				2
2026.03.11	03:03:25.042	0.59244	0.59246			6
2026.03.11	03:03:25.342		0.59245			4
2026.03.11	03:03:26.247	0.59241	0.59243			6
2026.03.11	03:03:26.852	0.59235	0.59238			6
2026.03.11	03:03:27.149		0.59237			4
2026.03.11	03:03:27.450		0.59238			4
2026.03.11	03:03:28.352		0.59237			4
2026.03.11	03:03:31.655		0.59238			4
2026.03.11	03:03:33.568	0.59239	0.59241			6
2026.03.11	03:03:34.468	0.59236	0.59239			6
2026.03.11	03:03:34.768		0.59238			4
2026.03.11	03:03:35.369		0.59239			4
2026.03.11	03:03:37.170		0.59238			4
2026.03.11	03:03:37.471		0.59239			4
2026.03.11	03:03:37.771		0.59240			4
2026.03.11	03:03:38.178		0.59239			4
2026.03.11	03:03:40.282		0.59240			4
2026.03.11	03:03:41.189		0.59239			4
2026.03.11	03:03:47.198		0.59240			4
2026.03.11	03:03:49.068		0.59239			4
2026.03.11	03:03:49.969	0.59235				2
2026.03.11	03:03:51.171	0.59234	0.59238			6
2026.03.11	03:03:51.470	0.59233	0.59236			6
2026.03.11	03:03:53.273	0.59232				2
2026.03.11	03:03:54.775	0.59233				2
2026.03.11	03:03:55.676	0.59232	0.59235			6
2026.03.11	03:03:56.276	0.59231				2
2026.03.11	03:03:57.177	0.59229	0.59233			6
2026.03.11	03:03:57.477	0.59228	0.59232			6
2026.03.11	03:03:57.777	0.59229	0.59233			6
2026.03.11	03:04:00.180	0.59230	0.59234			6
2026.03.11	03:04:00.482	0.59229	0.59233			6
2026.03.11	03:04:00.782	0.59228	0.59232			6
2026.03.11	03:04:01.080	0.59227	0.59231			6
2026.03.11	03:04:01.380	0.59229	0.59233			6
2026.03.11	03:04:02.704	0.59228	0.59232			6
2026.03.11	03:04:03.306	0.59229	0.59233			6
2026.03.11	03:04:05.708		0.59232			4
2026.03.11	03:04:09.613	0.59226	0.59230			6
2026.03.11	03:04:09.913	0.59227	0.59231			6
2026.03.11	03:04:10.215	0.59228	0.59232			6
2026.03.11	03:04:10.815	0.59227	0.59231			6
2026.03.11	03:04:11.715		0.59230			4
2026.03.11	03:04:14.118	0.59228	0.59232			6
2026.03.11	03:04:15.619	0.59227	0.59231			6
2026.03.11	03:04:15.919	0.59228	0.59232			6
2026.03.11	03:04:18.929	0.59229	0.59233			6
2026.03.11	03:04:21.123	0.59228	0.59232			6
2026.03.11	03:04:21.425		0.59231			4
2026.03.11	03:04:21.723		0.59232			4
2026.03.11	03:04:22.926	0.59227	0.59231			6
2026.03.11	03:04:25.028		0.59229			4
2026.03.11	03:04:25.328		0.59231			4
2026.03.11	03:04:25.933		0.59229			4
2026.03.11	03:04:26.233		0.59231			4
2026.03.11	03:04:26.533	0.59225	0.59226			6
2026.03.11	03:04:26.833	0.59223	0.59227			6
2026.03.11	03:04:27.133		0.59225			4
2026.03.11	03:04:27.433		0.59227			4
2026.03.11	03:04:28.034		0.59226			4
2026.03.11	03:04:28.336	0.59224	0.59227			6
2026.03.11	03:04:28.636	0.59223	0.59226			6
2026.03.11	03:04:28.937	0.59224	0.59227			6
2026.03.11	03:04:29.239	0.59223				2
2026.03.11	03:04:29.537	0.59222	0.59226			6
2026.03.11	03:04:29.838	0.59221	0.59225			6
2026.03.11	03:04:30.138	0.59222	0.59226			6
2026.03.11	03:04:30.438	0.59223	0.59227			6
2026.03.11	03:04:31.039	0.59222	0.59226			6
2026.03.11	03:04:33.442	0.59223	0.59227			6
2026.03.11	03:04:41.253	0.59225	0.59228			6
2026.03.11	03:04:41.554	0.59226	0.59230			6
2026.03.11	03:04:44.562	0.59228	0.59232			6
2026.03.11	03:04:46.363	0.59227	0.59231			6
2026.03.11	03:04:46.964	0.59228	0.59232			6
2026.03.11	03:04:47.565	0.59227	0.59231			6
2026.03.11	03:04:47.865	0.59228	0.59232			6
2026.03.11	03:04:49.065	0.59227	0.59231			6
2026.03.11	03:04:50.265	0.59228	0.59232			6
2026.03.11	03:04:51.166	0.59227	0.59231			6
