<DATE>	<TIME>	<BID>	<ASK>	<LAST>	<VOLUME>	<FLAGS>
2026.02.11	00:03:31.289	0.60385	0.60443			6
2026.02.11	00:04:00.087	0.60385				2
2026.02.11	00:04:09.004	0.60373				2
2026.02.11	00:04:09.306	0.60375	0.60445			6
2026.02.11	00:05:00.302	0.60375				2
2026.02.11	00:05:02.602	0.60380	0.60450			6
2026.02.11	00:05:03.209	0.60375	0.60445			6
2026.02.11	00:06:00.008	0.60375				2
2026.02.11	00:06:03.268	0.60376	0.60444			6
2026.02.11	00:07:00.292	0.60376				2
2026.02.11	00:07:01.254	0.60370	0.60418			6
2026.02.11	00:07:09.229		0.60419			4
2026.02.11	00:08:00.153	0.60370				2
2026.02.11	00:08:09.327		0.60419			4
2026.02.11	00:08:30.310		0.60420			4
2026.02.11	00:08:31.314		0.60419			4
2026.02.11	00:08:41.890	0.60364				2
2026.02.11	00:08:42.239	0.60390	0.60440			6
2026.02.11	00:08:43.477	0.60396	0.60435			6
2026.02.11	00:08:44.098	0.60395	0.60434			6
2026.02.11	00:08:45.972	0.60396				2
2026.02.11	00:09:00.102	0.60396				2
2026.02.11	00:09:29.006	0.60423	0.60458			6
2026.02.11	00:09:29.322	0.60425	0.60460			6
2026.02.11	00:09:29.961	0.60429	0.60457			6
2026.02.11	00:09:45.427	0.60418	0.60445			6
2026.02.11	00:10:00.212	0.60418				2
2026.02.11	00:10:20.600	0.60389	0.60423			6
2026.02.11	00:10:20.930	0.60388	0.60422			6
2026.02.11	00:10:31.958	0.60415	0.60442			6
2026.02.11	00:11:00.063	0.60415				2
2026.02.11	00:11:30.173	0.60402	0.60428			6
2026.02.11	00:12:00.119	0.60402				2
2026.02.11	00:12:05.640	0.60409	0.60437			6
2026.02.11	00:13:00.041	0.60409				2
2026.02.11	00:13:05.862		0.60437			4
2026.02.11	00:14:00.156	0.60409				2
2026.02.11	00:14:05.979		0.60437			4
2026.02.11	00:15:00.166	0.60409				2
2026.02.11	00:15:01.169	0.60404	0.60428			6
2026.02.11	00:15:01.472	0.60414	0.60442			6
2026.02.11	00:15:54.042	0.60434	0.60461			6
2026.02.11	00:15:54.346	0.60435	0.60462			6
2026.02.11	00:15:58.620		0.60461			4
2026.02.11	00:16:00.260	0.60435				2
2026.02.11	00:16:07.344	0.60436	0.60459			6
2026.02.11	00:16:08.296	0.60435				2
2026.02.11	00:16:54.195	0.60415	0.60442			6
2026.02.11	00:17:00.066	0.60415				2
2026.02.11	00:17:11.014	0.60408	0.60440			6
2026.02.11	00:18:00.127	0.60408				2
2026.02.11	00:18:09.956		0.60439			4
2026.02.11	00:18:51.494	0.60409				2
2026.02.11	00:19:00.181	0.60409				2
2026.02.11	00:19:10.018		0.60439			4
2026.02.11	00:20:00.201	0.60409				2
2026.02.11	00:20:00.507	0.60400				2
2026.02.11	00:20:10.033		0.60438			4
2026.02.11	00:21:00.164	0.60400				2
2026.02.11	00:21:10.038		0.60438			4
2026.02.11	00:21:40.093	0.60402	0.60440			6
2026.02.11	00:22:00.158	0.60402				2
2026.02.11	00:22:21.509	0.60405				2
2026.02.11	00:22:30.009	0.60404				2
2026.02.11	00:22:32.667	0.60405				2
2026.02.11	00:22:40.133		0.60440			4
2026.02.11	00:23:00.006	0.60405				2
2026.02.11	00:23:02.263	0.60406				2
2026.02.11	00:23:40.193		0.60440			4
2026.02.11	00:24:00.066	0.60406				2
2026.02.11	00:24:09.504	0.60405				2
2026.02.11	00:24:13.644	0.60407				2
2026.02.11	00:24:13.963	0.60406				2
2026.02.11	00:24:21.788	0.60407				2
2026.02.11	00:24:22.123	0.60406				2
2026.02.11	00:24:24.492	0.60407				2
2026.02.11	00:24:35.178	0.60406				2
2026.02.11	00:24:40.349		0.60440			4
2026.02.11	00:25:00.065	0.60406				2
2026.02.11	00:25:00.765	0.60407				2
2026.02.11	00:25:05.328	0.60406				2
2026.02.11	00:25:10.103		0.60439			4
2026.02.11	00:25:31.374	0.60405				2
2026.02.11	00:25:37.343	0.60406				2
2026.02.11	00:25:39.605	0.60405				2
2026.02.11	00:25:45.470	0.60406				2
2026.02.11	00:25:59.867	0.60407				2
2026.02.11	00:26:00.216	0.60407				2
2026.02.11	00:26:10.053		0.60440			4
2026.02.11	00:26:22.491	0.60408				2
2026.02.11	00:26:28.008	0.60407				2
2026.02.11	00:26:29.918	0.60408				2
2026.02.11	00:26:45.310	0.60407				2
2026.02.11	00:26:52.536	0.60411	0.60442			6
2026.02.11	00:26:55.145	0.60412				2
2026.02.11	00:27:00.014	0.60412				2
2026.02.11	00:27:00.967	0.60407	0.60432			6
2026.02.11	00:27:01.665		0.60433			4
2026.02.11	00:27:05.481		0.60432			4
2026.02.11	00:27:07.742	0.60390	0.60442			6
2026.02.11	00:27:09.398	0.60389				2
2026.02.11	00:27:09.702	0.60392				2
2026.02.11	00:27:11.350	0.60394				2
2026.02.11	00:27:13.259	0.60406	0.60441			6
2026.02.11	00:27:16.574	0.60407				2
2026.02.11	00:27:18.178	0.60406				2
2026.02.11	00:27:28.303	0.60405				2
2026.02.11	00:27:32.875	0.60406				2
2026.02.11	00:27:49.025	0.60405				2
2026.02.11	00:27:50.029	0.60406	0.60440			6
2026.02.11	00:28:00.016	0.60406				2
2026.02.11	00:28:35.486	0.60405				2
2026.02.11	00:28:49.535	0.60404				2
2026.02.11	00:28:50.189		0.60440			4
2026.02.11	00:29:00.121	0.60404				2
2026.02.11	00:29:50.450		0.60440			4
2026.02.11	00:30:00.184	0.60404				2
2026.02.11	00:30:00.491	0.60403				2
2026.02.11	00:30:00.839	0.60404				2
2026.02.11	00:30:02.798	0.60403				2
2026.02.11	00:30:04.506	0.60405				2
2026.02.11	00:30:04.816		0.60442			4
2026.02.11	00:30:05.484	0.60403				2
2026.02.11	00:30:12.587		0.60440			4
2026.02.11	00:30:12.918	0.60405				2
2026.02.11	00:30:13.238	0.60403				2
2026.02.11	00:30:16.552		0.60431			4
2026.02.11	00:30:17.824	0.60404	0.60440			6
2026.02.11	00:30:22.020	0.60405				2
2026.02.11	00:30:39.639	0.60403				2
2026.02.11	00:30:51.240	0.60405				2
2026.02.11	00:30:51.562	0.60403				2
2026.02.11	00:31:00.308	0.60403				2
2026.02.11	00:31:11.852		0.60439			4
2026.02.11	00:31:12.200		0.60440			4
2026.02.11	00:31:12.854		0.60439			4
2026.02.11	00:31:13.156		0.60440			4
2026.02.11	00:31:14.159		0.60439			4
2026.02.11	00:31:14.809		0.60440			4
2026.02.11	00:31:15.115		0.60439			4
2026.02.11	00:31:15.813		0.60440			4
2026.02.11	00:31:18.172		0.60428			4
2026.02.11	00:31:19.441		0.60427			4
2026.02.11	00:31:19.744		0.60438			4
2026.02.11	00:31:20.076	0.60406	0.60424			6
2026.02.11	00:31:28.498	0.60403	0.60429			6
2026.02.11	00:31:29.129		0.60427			4
2026.02.11	00:31:33.868		0.60426			4
2026.02.11	00:31:40.540	0.60407	0.60425			6
2026.02.11	00:31:43.099	0.60406	0.60424			6
2026.02.11	00:31:51.124	0.60403	0.60428			6
2026.02.11	00:31:55.941		0.60429			4
2026.02.11	00:31:59.151		0.60427			4
2026.02.11	00:32:00.157	0.60403	0.60428			6
2026.02.11	00:32:03.124		0.60429			4
2026.02.11	00:32:07.685	0.60407	0.60425			6
2026.02.11	00:32:07.992	0.60403	0.60429			6
2026.02.11	00:32:14.462	0.60418	0.60449			6
2026.02.11	00:32:14.773	0.60417				2
2026.02.11	00:32:16.469		0.60445			4
2026.02.11	00:32:51.346	0.60419				2
2026.02.11	00:32:56.967	0.60421				2
2026.02.11	00:32:59.869	0.60420				2
2026.02.11	00:33:00.176	0.60420				2
2026.02.11	00:33:04.090	0.60421				2
2026.02.11	00:33:05.628		0.60449			4
2026.02.11	00:33:08.797		0.60448			4
2026.02.11	00:33:22.901	0.60424				2
2026.02.11	00:33:23.208	0.60421				2
2026.02.11	00:33:39.108	0.60423				2
2026.02.11	00:33:44.249	0.60421				2
2026.02.11	00:33:57.948	0.60422				2
2026.02.11	00:33:59.257	0.60421	0.60452			6
2026.02.11	00:33:59.606	0.60422	0.60448			6
2026.02.11	00:34:00.257	0.60422				2
2026.02.11	00:34:07.221	0.60421	0.60452			6
2026.02.11	00:34:08.184		0.60448			4
2026.02.11	00:34:21.484		0.60452			4
2026.02.11	00:34:29.358	0.60423	0.60448			6
2026.02.11	00:34:29.666	0.60421	0.60452			6
2026.02.11	00:34:44.614	0.60422				2
2026.02.11	00:34:45.867		0.60448			4
2026.02.11	00:34:52.693		0.60452			4
2026.02.11	00:34:53.020	0.60421				2
2026.02.11	00:35:00.073	0.60421				2
2026.02.11	00:35:05.082	0.60423				2
2026.02.11	00:35:05.384	0.60422	0.60448			6
2026.02.11	00:35:06.038		0.60452			4
2026.02.11	00:35:08.296		0.60448			4
2026.02.11	00:35:08.598	0.60421	0.60452			6
2026.02.11	00:35:15.422	0.60422				2
2026.02.11	00:35:20.384		0.60448			4
2026.02.11	00:35:29.159		0.60452			4
2026.02.11	00:35:31.080	0.60421				2
2026.02.11	00:35:31.419	0.60422				2
2026.02.11	00:35:33.329	0.60421				2
2026.02.11	00:35:35.286		0.60448			4
2026.02.11	00:35:35.895		0.60452			4
2026.02.11	00:35:37.492	0.60422				2
2026.02.11	00:35:38.498	0.60421				2
2026.02.11	00:35:41.457	0.60425				2
2026.02.11	00:35:42.412	0.60424				2
2026.02.11	00:35:46.022		0.60448			4
2026.02.11	00:35:52.197	0.60425				2
2026.02.11	00:35:57.766	0.60422				2
2026.02.11	00:35:58.067	0.60423				2
2026.02.11	00:36:00.021	0.60423				2
2026.02.11	00:36:05.536	0.60422				2
2026.02.11	00:36:05.839	0.60421	0.60452			6
2026.02.11	00:36:06.143	0.60422	0.60448			6
2026.02.11	00:36:09.004		0.60452			4
2026.02.11	00:36:09.656	0.60421				2
2026.02.11	00:36:09.960	0.60422	0.60448			6
2026.02.11	00:36:11.562		0.60452			4
2026.02.11	00:36:12.213		0.60448			4
2026.02.11	00:36:12.865	0.60421				2
2026.02.11	00:36:13.215		0.60452			4
2026.02.11	00:36:14.521	0.60422	0.60448			6
2026.02.11	00:36:16.128	0.60421	0.60452			6
2026.02.11	00:36:16.477	0.60422	0.60448			6
2026.02.11	00:36:20.092	0.60421				2
2026.02.11	00:36:21.397	0.60422				2
2026.02.11	00:36:21.705	0.60423				2
2026.02.11	00:36:33.449	0.60421	0.60452			6
2026.02.11	00:36:36.964	0.60420				2
2026.02.11	00:36:37.277	0.60421	0.60448			6
2026.02.11	00:36:41.181	0.60422				2
2026.02.11	00:36:43.086	0.60420	0.60452			6
2026.02.11	00:36:48.297		0.60448			4
2026.02.11	00:36:56.079	0.60419				2
2026.02.11	00:36:57.736	0.60420				2
2026.02.11	00:36:58.039	0.60423				2
2026.02.11	00:37:00.041	0.60423				2
2026.02.11	00:37:01.997	0.60422				2
2026.02.11	00:37:08.115	0.60421				2
2026.02.11	00:37:08.417	0.60420				2
2026.02.11	00:37:11.320	0.60419				2
2026.02.11	00:37:11.625	0.60421				2
2026.02.11	00:37:14.840	0.60422				2
2026.02.11	00:37:15.842	0.60421				2
2026.02.11	00:37:17.796	0.60422				2
2026.02.11	00:37:18.099	0.60424				2
2026.02.11	00:37:20.756	0.60423				2
2026.02.11	00:37:25.270	0.60422	0.60452			6
2026.02.11	00:37:25.587		0.60448			4
2026.02.11	00:37:30.092	0.60449	0.60450			6
2026.02.11	00:37:30.420	0.60447	0.60448			6
2026.02.11	00:37:30.739	0.60432				2
2026.02.11	00:37:31.043	0.60421	0.60452			6
2026.02.11	00:37:32.042	0.60424	0.60448			6
2026.02.11	00:37:36.819	0.60418				2
2026.02.11	00:37:37.147	0.60419	0.60452			6
2026.02.11	00:37:38.065	0.60420				2
2026.02.11	00:37:38.692	0.60419				2
2026.02.11	00:37:39.019	0.60420				2
2026.02.11	00:37:39.368	0.60419				2
2026.02.11	00:37:40.936	0.60420				2
2026.02.11	00:37:41.280	0.60419				2
2026.02.11	00:37:41.626	0.60420				2
2026.02.11	00:37:42.248	0.60419				2
2026.02.11	00:37:43.837	0.60438				2
2026.02.11	00:37:44.139	0.60439				2
2026.02.11	00:37:44.487	0.60419				2
2026.02.11	00:37:44.839	0.60418				2
2026.02.11	00:37:46.096	0.60419				2
2026.02.11	00:37:47.680	0.60421				2
2026.02.11	00:38:00.090	0.60421				2
2026.02.11	00:38:04.257	0.60419				2
2026.02.11	00:38:06.467	0.60420				2
2026.02.11	00:38:08.422	0.60421				2
2026.02.11	00:38:37.222		0.60452			4
2026.02.11	00:39:00.246	0.60421				2
2026.02.11	00:39:01.545	0.60420				2
2026.02.11	00:39:02.194	0.60422				2
2026.02.11	00:39:37.325		0.60452			4
2026.02.11	00:40:00.347	0.60422				2
2026.02.11	00:40:27.386	0.60419				2
2026.02.11	00:40:30.137	0.60418				2
2026.02.11	00:40:33.230	0.60419				2
2026.02.11	00:40:36.971	0.60418				2
2026.02.11	00:40:37.619		0.60452			4
2026.02.11	00:40:42.380	0.60419				2
2026.02.11	00:40:45.254	0.60420				2
2026.02.11	00:41:00.252	0.60420				2
2026.02.11	00:41:29.143	0.60419				2
2026.02.11	00:41:29.492		0.60444			4
2026.02.11	00:41:29.798		0.60452			4
2026.02.11	00:42:00.191	0.60419				2
2026.02.11	00:42:30.083		0.60452			4
2026.02.11	00:43:00.339	0.60419				2
2026.02.11	00:43:30.238		0.60452			4
2026.02.11	00:44:00.256	0.60419				2
2026.02.11	00:44:30.448		0.60452			4
2026.02.11	00:45:00.012	0.60419				2
2026.02.11	00:45:09.539		0.60460			4
2026.02.11	00:45:09.845		0.60452			4
2026.02.11	00:45:13.233		0.60460			4
2026.02.11	00:46:00.260	0.60419				2
2026.02.11	00:46:13.307		0.60460			4
2026.02.11	00:46:27.910	0.60421	0.60461			6
2026.02.11	00:47:00.315	0.60421				2
2026.02.11	00:47:02.928	0.60420				2
2026.02.11	00:47:06.552	0.60421				2
2026.02.11	00:47:22.790	0.60420				2
2026.02.11	00:47:27.914		0.60461			4
2026.02.11	00:47:38.142		0.60460			4
2026.02.11	00:47:48.180	0.60419				2
2026.02.11	00:48:00.015	0.60419				2
2026.02.11	00:48:38.378		0.60460			4
2026.02.11	00:49:00.147	0.60419				2
2026.02.11	00:49:09.981	0.60434	0.60464			6
2026.02.11	00:49:10.935	0.60416				2
2026.02.11	00:49:19.114	0.60414				2
2026.02.11	00:49:27.188		0.60465			4
2026.02.11	00:49:32.080	0.60415				2
2026.02.11	00:49:32.409	0.60414				2
2026.02.11	00:50:00.112	0.60414				2
2026.02.11	00:50:09.200	0.60415				2
2026.02.11	00:50:09.520	0.60417				2
2026.02.11	00:50:10.997	0.60415	0.60464			6
2026.02.11	00:50:28.398	0.60418	0.60465			6
2026.02.11	00:50:34.169	0.60417				2
2026.02.11	00:50:39.940		0.60464			4
2026.02.11	00:50:40.289		0.60465			4
2026.02.11	00:50:48.720	0.60418				2
2026.02.11	00:50:50.420	0.60417				2
2026.02.11	00:50:54.330	0.60418				2
2026.02.11	00:51:00.196	0.60417				2
2026.02.11	00:51:05.208	0.60416				2
2026.02.11	00:51:09.172	0.60415	0.60464			6
2026.02.11	00:51:21.571	0.60416				2
2026.02.11	00:51:22.522	0.60415				2
2026.02.11	00:52:00.135	0.60415				2
2026.02.11	00:52:05.044		0.60462			4
2026.02.11	00:52:05.346		0.60464			4
2026.02.11	00:52:20.295		0.60463			4
2026.02.11	00:52:35.392		0.60464			4
2026.02.11	00:53:00.019	0.60415				2
2026.02.11	00:53:10.758	0.60416	0.60463			6
2026.02.11	00:53:25.066		0.60461			4
2026.02.11	00:53:45.453	0.60393	0.60433			6
2026.02.11	00:53:48.239	0.60392				2
2026.02.11	00:53:52.965	0.60377	0.60417			6
2026.02.11	00:53:56.344	0.60378	0.60416			6
2026.02.11	00:53:58.993	0.60377	0.60417			6
2026.02.11	00:54:00.997	0.60379	0.60415			6
2026.02.11	00:54:01.298	0.60378	0.60416			6
2026.02.11	00:54:01.741	0.60381	0.60413			6
2026.02.11	00:54:07.999	0.60380	0.60414			6
2026.02.11	00:54:09.193	0.60381	0.60413			6
2026.02.11	00:54:13.881	0.60382	0.60412			6
2026.02.11	00:54:23.303	0.60383	0.60411			6
2026.02.11	00:54:23.688	0.60382	0.60412			6
2026.02.11	00:54:25.264	0.60381	0.60413			6
2026.02.11	00:54:30.350	0.60380	0.60414			6
2026.02.11	00:54:32.326	0.60381	0.60413			6
2026.02.11	00:54:33.460	0.60380	0.60414			6
2026.02.11	00:54:34.229	0.60381	0.60413			6
2026.02.11	00:54:34.567	0.60380	0.60414			6
2026.02.11	00:54:37.720	0.60379	0.60415			6
2026.02.11	00:54:39.494	0.60378	0.60416			6
2026.02.11	00:54:42.809	0.60377	0.60417			6
2026.02.11	00:54:48.758	0.60376	0.60418			6
2026.02.11	00:54:49.331	0.60373	0.60406			6
2026.02.11	00:54:49.821	0.60376	0.60418			6
2026.02.11	00:54:51.115	0.60378	0.60417			6
2026.02.11	00:54:51.419		0.60416			4
2026.02.11	00:54:52.563	0.60379	0.60415			6
2026.02.11	00:54:53.751	0.60370	0.60407			6
2026.02.11	00:54:59.012		0.60406			4
2026.02.11	00:54:59.363	0.60369	0.60407			6
2026.02.11	00:55:00.065	0.60369	0.60408			6
2026.02.11	00:55:00.367		0.60406			4
2026.02.11	00:55:01.394		0.60407			4
2026.02.11	00:55:05.636		0.60406			4
2026.02.11	00:55:06.673	0.60373				2
2026.02.11	00:55:17.712	0.60361	0.60393			6
2026.02.11	00:55:18.020		0.60397			4
2026.02.11	00:55:18.325	0.60357	0.60393			6
2026.02.11	00:55:18.629		0.60394			4
2026.02.11	00:55:18.977	0.60356				2
2026.02.11	00:55:19.629	0.60350	0.60386			6
2026.02.11	00:55:19.932	0.60306	0.60391			6
2026.02.11	00:55:20.565		0.60394			4
2026.02.11	00:55:21.937		0.60395			4
2026.02.11	00:55:24.193	0.60305				2
2026.02.11	00:55:24.543		0.60394			4
2026.02.11	00:55:27.852		0.60396			4
2026.02.11	00:55:28.155	0.60310				2
2026.02.11	00:55:28.478	0.60311	0.60398			6
2026.02.11	00:55:37.720	0.60310	0.60399			6
2026.02.11	00:56:00.417	0.60310				2
2026.02.11	00:56:07.094	0.60309	0.60400			6
2026.02.11	00:56:14.171	0.60313	0.60394			6
2026.02.11	00:56:14.481		0.60388			4
2026.02.11	00:56:15.408		0.60394			4
2026.02.11	00:56:16.408		0.60389			4
2026.02.11	00:56:16.712		0.60393			4
2026.02.11	00:56:17.017		0.60394			4
2026.02.11	00:56:18.973		0.60395			4
2026.02.11	00:56:31.671		0.60394			4
2026.02.11	00:56:34.578		0.60391			4
2026.02.11	00:56:36.231	0.60346				2
2026.02.11	00:56:40.913		0.60390			4
2026.02.11	00:56:41.216		0.60391			4
2026.02.11	00:56:50.624		0.60392			4
2026.02.11	00:56:55.619		0.60391			4
2026.02.11	00:57:00.284	0.60346				2
2026.02.11	00:57:02.139		0.60390			4
2026.02.11	00:57:02.470		0.60391			4
2026.02.11	00:57:05.554	0.60345	0.60396			6
2026.02.11	00:57:11.453		0.60397			4
2026.02.11	00:57:13.716	0.60324				2
2026.02.11	00:57:15.716	0.60316	0.60396			6
2026.02.11	00:57:17.726	0.60339	0.60397			6
2026.02.11	00:57:18.123	0.60338	0.60396			6
2026.02.11	00:57:26.198		0.60394			4
2026.02.11	00:57:28.027	0.60315	0.60393			6
2026.02.11	00:57:28.355		0.60392			4
2026.02.11	00:57:28.704	0.60323				2
2026.02.11	00:57:32.619		0.60391			4
2026.02.11	00:57:38.837	0.60315				2
2026.02.11	00:57:39.251	0.60314	0.60389			6
2026.02.11	00:57:39.589		0.60387			4
2026.02.11	00:57:39.895		0.60386			4
2026.02.11	00:57:42.838		0.60387			4
2026.02.11	00:57:46.500		0.60388			4
2026.02.11	00:57:55.685	0.60315	0.60392			6
2026.02.11	00:57:56.037	0.60314				2
2026.02.11	00:57:56.735	0.60315	0.60389			6
2026.02.11	00:57:59.998	0.60314	0.60388			6
2026.02.11	00:58:00.316	0.60314				2
2026.02.11	00:58:07.457		0.60392			4
2026.02.11	00:58:08.425		0.60393			4
2026.02.11	00:58:28.243	0.60368	0.60396			6
2026.02.11	00:58:28.852		0.60397			4
2026.02.11	00:58:43.105		0.60396			4
2026.02.11	00:58:53.724		0.60397			4
2026.02.11	00:59:00.326	0.60368				2
2026.02.11	00:59:05.122	0.60369				2
2026.02.11	00:59:05.435	0.60368	0.60398			6
2026.02.11	00:59:13.094	0.60369	0.60403			6
2026.02.11	00:59:13.508	0.60370				2
2026.02.11	00:59:14.445	0.60369	0.60400			6
2026.02.11	00:59:15.138		0.60402			4
2026.02.11	00:59:15.439	0.60372	0.60403			6
2026.02.11	00:59:23.237	0.60379	0.60408			6
2026.02.11	00:59:29.717		0.60405			4
2026.02.11	00:59:30.257	0.60373	0.60403			6
2026.02.11	00:59:39.896	0.60372				2
2026.02.11	00:59:40.846	0.60373				2
2026.02.11	00:59:44.607	0.60379	0.60408			6
2026.02.11	00:59:49.618	0.60383	0.60417			6
2026.02.11	00:59:50.324	0.60384				2
2026.02.11	00:59:53.701		0.60416			4
2026.02.11	00:59:54.966	0.60385				2
2026.02.11	00:59:55.289	0.60386	0.60415			6
2026.02.11	01:00:00.307	0.60404	0.60446			6
2026.02.11	01:00:00.622	0.60409	0.60445			6
2026.02.11	01:00:01.250	0.60411	0.60443			6
2026.02.11	01:00:01.575	0.60410	0.60444			6
2026.02.11	01:00:02.393	0.60406	0.60448			6
2026.02.11	01:00:02.920	0.60407	0.60447			6
2026.02.11	01:00:03.702	0.60401	0.60453			6
2026.02.11	01:00:04.036	0.60406	0.60448			6
2026.02.11	01:00:04.339	0.60402	0.60452			6
2026.02.11	01:00:04.687	0.60398				2
2026.02.11	01:00:05.687	0.60399	0.60453			6
2026.02.11	01:00:06.342	0.60406	0.60448			6
2026.02.11	01:00:06.693	0.60403	0.60453			6
2026.02.11	01:00:07.042	0.60407	0.60447			6
2026.02.11	01:00:07.350		0.60444			4
2026.02.11	01:00:07.652	0.60409				2
2026.02.11	01:00:08.155		0.60439			4
2026.02.11	01:00:09.793	0.60408				2
2026.02.11	01:00:11.105	0.60406				2
2026.02.11	01:00:11.413	0.60408				2
2026.02.11	01:00:13.090	0.60407				2
2026.02.11	01:00:16.265	0.60408				2
2026.02.11	01:00:16.629		0.60443			4
2026.02.11	01:00:17.128	0.60407				2
2026.02.11	01:00:19.884	0.60409				2
2026.02.11	01:00:20.344	0.60407				2
2026.02.11	01:00:20.894	0.60408				2
2026.02.11	01:00:21.581	0.60405	0.60439			6
2026.02.11	01:00:29.331	0.60404				2
2026.02.11	01:00:29.653		0.60438			4
2026.02.11	01:00:31.094	0.60405				2
2026.02.11	01:00:32.739	0.60404	0.60425			6
2026.02.11	01:00:33.051		0.60429			4
2026.02.11	01:00:34.394		0.60428			4
2026.02.11	01:00:34.942	0.60408	0.60432			6
2026.02.11	01:00:35.594		0.60433			4
2026.02.11	01:00:38.894		0.60432			4
2026.02.11	01:00:40.390	0.60409				2
2026.02.11	01:00:42.895		0.60433			4
2026.02.11	01:00:43.200	0.60410	0.60432			6
2026.02.11	01:00:44.479	0.60404	0.60424			6
2026.02.11	01:00:44.797	0.60403				2
2026.02.11	01:00:45.403		0.60423			4
2026.02.11	01:00:47.223		0.60424			4
2026.02.11	01:00:47.545		0.60423			4
2026.02.11	01:00:47.860	0.60404	0.60422			6
2026.02.11	01:00:48.769		0.60423			4
2026.02.11	01:00:49.722	0.60403				2
2026.02.11	01:00:50.252	0.60404	0.60422			6
2026.02.11	01:00:51.233	0.60408	0.60411			6
2026.02.11	01:00:51.879	0.60406	0.60409			6
2026.02.11	01:00:57.831	0.60405	0.60408			6
2026.02.11	01:00:59.387	0.60406	0.60409			6
2026.02.11	01:01:00.016	0.60406				2
2026.02.11	01:01:20.541	0.60404	0.60407			6
2026.02.11	01:01:21.791	0.60405	0.60408			6
2026.02.11	01:01:23.674	0.60404	0.60407			6
2026.02.11	01:01:27.482	0.60405	0.60408			6
2026.02.11	01:01:28.108	0.60406	0.60409			6
2026.02.11	01:01:30.645	0.60407	0.60410			6
2026.02.11	01:01:35.967	0.60405	0.60408			6
2026.02.11	01:01:41.329	0.60407	0.60410			6
2026.02.11	01:01:50.733	0.60405	0.60408			6
2026.02.11	01:01:58.020	0.60406	0.60409			6
2026.02.11	01:02:00.269	0.60406				2
2026.02.11	01:02:04.693	0.60405	0.60408			6
2026.02.11	01:02:17.982	0.60407	0.60410			6
2026.02.11	01:02:29.002	0.60405	0.60408			6
2026.02.11	01:02:44.061		0.60407			4
2026.02.11	01:02:44.713	0.60404				2
2026.02.11	01:02:52.892	0.60403	0.60406			6
2026.02.11	01:02:56.699	0.60402	0.60405			6
2026.02.11	01:02:58.261	0.60403	0.60406			6
2026.02.11	01:02:58.565	0.60402	0.60405			6
2026.02.11	01:03:00.119	0.60402				2
2026.02.11	01:03:04.579	0.60401	0.60404			6
2026.02.11	01:03:04.887	0.60402	0.60405			6
2026.02.11	01:03:15.937	0.60401	0.60404			6
2026.02.11	01:03:23.799		0.60403			4
2026.02.11	01:03:26.977		0.60404			4
2026.02.11	01:03:31.350	0.60400	0.60403			6
2026.02.11	01:03:32.930	0.60401	0.60404			6
2026.02.11	01:03:34.503	0.60400	0.60403			6
2026.02.11	01:03:35.743	0.60401	0.60404			6
2026.02.11	01:03:36.061		0.60403			4
2026.02.11	01:03:36.362	0.60400				2
2026.02.11	01:03:48.645	0.60398	0.60401			6
2026.02.11	01:03:48.976	0.60399	0.60402			6
2026.02.11	01:03:50.247	0.60398	0.60401			6
2026.02.11	01:03:50.549	0.60399	0.60402			6
2026.02.11	01:03:57.113		0.60401			4
2026.02.11	01:03:59.321	0.60398	0.60400			6
2026.02.11	01:04:00.247	0.60398				2
2026.02.11	01:04:00.880	0.60399	0.60401			6
2026.02.11	01:04:08.103	0.60398	0.60400			6
2026.02.11	01:04:09.374	0.60399	0.60401			6
2026.02.11	01:04:10.008	0.60398	0.60400			6
2026.02.11	01:04:23.011	0.60399	0.60401			6
2026.02.11	01:04:46.881	0.60398	0.60400			6
2026.02.11	01:04:56.672	0.60399	0.60401			6
2026.02.11	01:04:57.606		0.60400			4
2026.02.11	01:04:59.165	0.60400	0.60401			6
2026.02.11	01:05:00.117	0.60400				2
2026.02.11	01:05:00.427	0.60401	0.60402			6
2026.02.11	01:05:01.373	0.60402	0.60404			6
2026.02.11	01:05:14.881		0.60403			4
2026.02.11	01:05:15.212	0.60401	0.60402			6
2026.02.11	01:05:15.514	0.60402	0.60403			6
2026.02.11	01:05:15.818	0.60400	0.60402			6
2026.02.11	01:05:18.677		0.60401			4
2026.02.11	01:05:19.629		0.60402			4
2026.02.11	01:05:26.848	0.60399	0.60401			6
2026.02.11	01:05:27.159	0.60398	0.60400			6
2026.02.11	01:05:28.102	0.60397	0.60399			6
2026.02.11	01:05:44.105	0.60402	0.60404			6
2026.02.11	01:05:45.665		0.60403			4
2026.02.11	01:05:49.094		0.60404			4
2026.02.11	01:05:58.812	0.60403	0.60405			6
2026.02.11	01:05:59.118	0.60404	0.60406			6
2026.02.11	01:06:00.079	0.60406	0.60408			6
2026.02.11	01:06:01.017	0.60405	0.60407			6
2026.02.11	01:06:02.243	0.60407	0.60409			6
2026.02.11	01:06:04.781	0.60408	0.60410			6
2026.02.11	01:06:05.734	0.60407	0.60409			6
2026.02.11	01:06:06.686	0.60408	0.60410			6
2026.02.11	01:06:08.866	0.60407	0.60409			6
2026.02.11	01:06:09.499	0.60408	0.60410			6
2026.02.11	01:06:17.981	0.60406	0.60408			6
2026.02.11	01:07:00.026	0.60406				2
2026.02.11	01:07:00.679	0.60407	0.60409			6
2026.02.11	01:07:02.331	0.60409	0.60411			6
2026.02.11	01:07:06.941	0.60407	0.60409			6
2026.02.11	01:07:12.157	0.60403	0.60405			6
2026.02.11	01:07:13.159	0.60402				2
2026.02.11	01:07:21.386	0.60401	0.60404			6
2026.02.11	01:07:25.301	0.60402	0.60405			6
2026.02.11	01:07:32.076	0.60408	0.60411			6
2026.02.11	01:07:40.303	0.60409	0.60412			6
2026.02.11	01:07:40.960	0.60408	0.60411			6
2026.02.11	01:07:49.281	0.60409	0.60412			6
2026.02.11	01:08:00.266	0.60410	0.60413			6
2026.02.11	01:08:22.183	0.60411	0.60414			6
2026.02.11	01:08:26.448		0.60413			4
2026.02.11	01:08:44.653	0.60408	0.60411			6
2026.02.11	01:08:45.958	0.60411	0.60414			6
2026.02.11	01:08:46.261	0.60412	0.60415			6
2026.02.11	01:08:46.609	0.60413	0.60416			6
2026.02.11	01:08:47.261	0.60412	0.60415			6
2026.02.11	01:08:51.568	0.60413	0.60416			6
2026.02.11	01:08:58.699	0.60414	0.60417			6
2026.02.11	01:08:59.001	0.60413	0.60416			6
2026.02.11	01:09:00.304	0.60413				2
2026.02.11	01:09:00.606	0.60414	0.60417			6
2026.02.11	01:09:02.912	0.60413	0.60416			6
2026.02.11	01:09:05.319	0.60414	0.60417			6
2026.02.11	01:09:06.275	0.60413	0.60416			6
2026.02.11	01:09:37.360	0.60414				2
2026.02.11	01:10:00.256	0.60414				2
2026.02.11	01:10:06.462		0.60416			4
2026.02.11	01:10:18.692	0.60416	0.60418			6
2026.02.11	01:10:19.945	0.60415	0.60417			6
2026.02.11	01:10:29.693	0.60414	0.60415			6
2026.02.11	01:10:29.997	0.60411	0.60413			6
2026.02.11	01:10:31.251	0.60410				2
2026.02.11	01:10:38.360	0.60409	0.60412			6
2026.02.11	01:10:39.061	0.60408	0.60411			6
2026.02.11	01:10:40.014	0.60409	0.60412			6
2026.02.11	01:10:41.368	0.60406	0.60409			6
2026.02.11	01:10:42.672	0.60405	0.60408			6
2026.02.11	01:10:44.681	0.60404	0.60407			6
2026.02.11	01:11:00.132	0.60404				2
2026.02.11	01:11:01.790	0.60403	0.60406			6
2026.02.11	01:11:02.789	0.60404	0.60407			6
2026.02.11	01:11:03.445	0.60403	0.60406			6
2026.02.11	01:11:08.362	0.60404	0.60407			6
2026.02.11	01:11:10.923	0.60403	0.60406			6
2026.02.11	01:11:12.183	0.60404	0.60407			6
2026.02.11	01:11:12.532	0.60403	0.60406			6
2026.02.11	01:11:13.231	0.60404	0.60407			6
2026.02.11	01:11:15.537	0.60403	0.60406			6
2026.02.11	01:11:35.658	0.60404	0.60407			6
2026.02.11	01:11:39.020	0.60403	0.60406			6
2026.02.11	01:11:47.546	0.60404	0.60407			6
2026.02.11	01:12:00.294	0.60405				2
2026.02.11	01:12:32.904	0.60404	0.60406			6
2026.02.11	01:12:36.368	0.60405	0.60407			6
2026.02.11	01:12:36.988	0.60404	0.60406			6
2026.02.11	01:12:47.064	0.60405	0.60407			6
2026.02.11	01:12:54.281	0.60404	0.60406			6
2026.02.11	01:12:59.326	0.60405	0.60407			6
2026.02.11	01:13:00.260	0.60405				2
2026.02.11	01:13:00.909	0.60404	0.60406			6
2026.02.11	01:13:03.420	0.60405	0.60407			6
2026.02.11	01:13:04.044	0.60404	0.60406			6
2026.02.11	01:13:10.016	0.60405	0.60407			6
2026.02.11	01:13:11.275	0.60404	0.60406			6
2026.02.11	01:13:14.412	0.60405	0.60407			6
2026.02.11	01:13:20.584	0.60404	0.60406			6
2026.02.11	01:13:28.109	0.60405	0.60407			6
2026.02.11	01:13:31.765	0.60404	0.60406			6
2026.02.11	01:13:40.686	0.60403	0.60405			6
2026.02.11	01:13:41.341	0.60404	0.60406			6
2026.02.11	01:13:41.688	0.60403	0.60405			6
2026.02.11	01:13:42.644	0.60404	0.60406			6
2026.02.11	01:13:48.469	0.60403	0.60405			6
2026.02.11	01:13:50.377	0.60404	0.60406			6
2026.02.11	01:13:54.039	0.60403	0.60405			6
2026.02.11	01:13:59.556	0.60404	0.60406			6
2026.02.11	01:14:00.211	0.60404				2
2026.02.11	01:14:15.973	0.60403	0.60405			6
2026.02.11	01:14:36.796	0.60402	0.60404			6
2026.02.11	01:14:51.751	0.60403	0.60405			6
2026.02.11	01:15:00.141	0.60403				2
2026.02.11	01:15:25.719	0.60404	0.60406			6
2026.02.11	01:15:48.638	0.60405	0.60407			6
2026.02.11	01:15:58.730	0.60406	0.60408			6
2026.02.11	01:16:00.082	0.60406				2
2026.02.11	01:16:28.968	0.60407	0.60409			6
2026.02.11	01:16:57.071	0.60408	0.60410			6
2026.02.11	01:17:00.285	0.60409	0.60411			6
2026.02.11	01:17:00.639	0.60410	0.60412			6
2026.02.11	01:17:16.344	0.60409	0.60411			6
2026.02.11	01:17:16.647	0.60410	0.60412			6
2026.02.11	01:17:26.833	0.60409	0.60411			6
2026.02.11	01:17:54.390	0.60408	0.60410			6
2026.02.11	01:18:00.213	0.60409	0.60411			6
2026.02.11	01:18:01.863	0.60410	0.60412			6
2026.02.11	01:18:38.954	0.60411	0.60413			6
2026.02.11	01:19:00.028	0.60411				2
2026.02.11	01:19:11.517	0.60410	0.60412			6
2026.02.11	01:19:20.140	0.60411	0.60413			6
2026.02.11	01:19:31.211	0.60410	0.60412			6
2026.02.11	01:19:35.176	0.60412	0.60414			6
2026.02.11	01:19:38.386	0.60411	0.60413			6
2026.02.11	01:19:42.600	0.60412	0.60414			6
2026.02.11	01:19:42.905	0.60411	0.60413			6
2026.02.11	01:19:43.905	0.60412	0.60414			6
2026.02.11	01:19:48.216	0.60411	0.60413			6
2026.02.11	01:19:48.567	0.60410	0.60412			6
2026.02.11	01:19:49.568	0.60409	0.60411			6
2026.02.11	01:19:50.521	0.60410	0.60412			6
2026.02.11	01:19:50.829	0.60409	0.60411			6
2026.02.11	01:19:54.133	0.60410	0.60412			6
2026.02.11	01:19:55.439	0.60409	0.60411			6
2026.02.11	01:19:57.445	0.60410	0.60412			6
2026.02.11	01:19:58.704	0.60409	0.60411			6
2026.02.11	01:19:59.056	0.60410	0.60412			6
2026.02.11	01:20:00.008	0.60410				2
2026.02.11	01:20:00.664	0.60411	0.60413			6
2026.02.11	01:20:01.268	0.60409	0.60411			6
2026.02.11	01:20:01.615	0.60410	0.60412			6
2026.02.11	01:20:07.333	0.60411	0.60413			6
2026.02.11	01:20:08.031	0.60410	0.60412			6
2026.02.11	01:20:08.335	0.60411	0.60413			6
2026.02.11	01:20:10.699	0.60410	0.60412			6
2026.02.11	01:20:17.169	0.60411	0.60413			6
2026.02.11	01:20:19.124	0.60410	0.60412			6
2026.02.11	01:20:34.174	0.60409	0.60411			6
2026.02.11	01:20:34.824	0.60410	0.60412			6
2026.02.11	01:20:40.040	0.60409	0.60411			6
2026.02.11	01:20:41.949	0.60410	0.60412			6
2026.02.11	01:20:50.469	0.60411	0.60413			6
2026.02.11	01:21:00.000	0.60411				2
2026.02.11	01:21:03.262	0.60410	0.60412			6
2026.02.11	01:21:03.914	0.60411	0.60413			6
2026.02.11	01:21:05.217	0.60410				2
2026.02.11	01:21:05.523	0.60411	0.60414			6
2026.02.11	01:21:08.738	0.60410	0.60413			6
2026.02.11	01:21:15.610	0.60411	0.60414			6
2026.02.11	01:21:16.261	0.60410	0.60413			6
2026.02.11	01:21:29.864	0.60411	0.60414			6
2026.02.11	01:21:37.836	0.60410	0.60413			6
2026.02.11	01:21:41.400	0.60411	0.60414			6
2026.02.11	01:21:44.709	0.60410	0.60413			6
2026.02.11	01:21:47.673	0.60411	0.60414			6
2026.02.11	01:21:51.542	0.60418	0.60421			6
2026.02.11	01:21:51.889	0.60417	0.60420			6
2026.02.11	01:21:52.236		0.60421			4
2026.02.11	01:22:00.027	0.60417				2
2026.02.11	01:22:38.304	0.60416	0.60420			6
2026.02.11	01:22:39.308	0.60417				2
2026.02.11	01:22:49.543	0.60416	0.60419			6
2026.02.11	01:22:49.892	0.60417	0.60420			6
2026.02.11	01:22:50.544	0.60416	0.60419			6
2026.02.11	01:22:54.450	0.60414	0.60417			6
2026.02.11	01:22:55.415	0.60413				2
2026.02.11	01:22:59.376	0.60414				2
2026.02.11	01:23:00.026	0.60414				2
2026.02.11	01:23:08.354	0.60415				2
2026.02.11	01:23:10.946		0.60418			4
2026.02.11	01:23:12.876	0.60416	0.60419			6
2026.02.11	01:24:00.028	0.60416				2
2026.02.11	01:24:12.968		0.60419			4
2026.02.11	01:24:18.188	0.60415	0.60418			6
2026.02.11	01:24:18.536	0.60416	0.60419			6
2026.02.11	01:24:23.405	0.60417	0.60420			6
2026.02.11	01:24:27.670	0.60418	0.60421			6
2026.02.11	01:24:29.974	0.60417	0.60420			6
2026.02.11	01:24:30.929	0.60419	0.60422			6
2026.02.11	01:24:37.098	0.60417	0.60420			6
2026.02.11	01:24:37.447	0.60418	0.60421			6
2026.02.11	01:24:46.142	0.60417	0.60420			6
2026.02.11	01:24:47.399	0.60415	0.60418			6
2026.02.11	01:24:48.041	0.60414	0.60417			6
2026.02.11	01:24:52.914	0.60415	0.60418			6
2026.02.11	01:24:56.974	0.60414	0.60417			6
2026.02.11	01:25:00.029	0.60414				2
2026.02.11	01:25:01.689	0.60413	0.60416			6
2026.02.11	01:26:00.036	0.60413				2
2026.02.11	01:26:01.740	0.60409	0.60412			6
2026.02.11	01:26:08.760	0.60410	0.60413			6
2026.02.11	01:26:10.368	0.60411	0.60414			6
2026.02.11	01:26:14.233	0.60410	0.60413			6
2026.02.11	01:26:21.708	0.60411	0.60414			6
2026.02.11	01:26:27.074	0.60410	0.60413			6
2026.02.11	01:26:27.424	0.60411	0.60414			6
2026.02.11	01:26:30.534	0.60410	0.60413			6
2026.02.11	01:26:32.940	0.60409	0.60412			6
2026.02.11	01:26:38.108	0.60410	0.60413			6
2026.02.11	01:26:40.718	0.60409	0.60412			6
2026.02.11	01:26:45.584	0.60410	0.60413			6
2026.02.11	01:26:49.157	0.60409	0.60412			6
2026.02.11	01:27:00.021	0.60409				2
2026.02.11	01:27:01.323	0.60410	0.60413			6
2026.02.11	01:27:03.585	0.60409	0.60412			6
2026.02.11	01:27:32.767	0.60410	0.60413			6
2026.02.11	01:27:36.477	0.60409	0.60412			6
2026.02.11	01:27:42.091	0.60410				2
2026.02.11	01:27:46.161	0.60409				2
2026.02.11	01:27:49.372	0.60410				2
2026.02.11	01:27:58.851	0.60409	0.60411			6
2026.02.11	01:28:00.106	0.60409				2
2026.02.11	01:28:03.619	0.60410	0.60412			6
2026.02.11	01:28:10.867	0.60409	0.60411			6
2026.02.11	01:28:21.549	0.60410	0.60412			6
2026.02.11	01:28:21.876	0.60411	0.60413			6
2026.02.11	01:28:22.524	0.60410	0.60412			6
2026.02.11	01:29:00.224	0.60410				2
2026.02.11	01:29:16.926	0.60411	0.60413			6
2026.02.11	01:29:18.932	0.60410	0.60412			6
2026.02.11	01:29:23.798	0.60411	0.60413			6
2026.02.11	01:29:25.786	0.60410	0.60412			6
2026.02.11	01:30:00.203	0.60410				2
2026.02.11	01:30:02.461	0.60409	0.60411			6
2026.02.11	01:30:03.118	0.60410	0.60412			6
2026.02.11	01:30:03.464	0.60409	0.60411			6
2026.02.11	01:30:07.030	0.60410	0.60412			6
2026.02.11	01:30:11.550	0.60409	0.60411			6
2026.02.11	01:31:00.160	0.60409				2
2026.02.11	01:31:11.608		0.60411			4
2026.02.11	01:31:32.324	0.60410	0.60412			6
2026.02.11	01:31:32.641	0.60412	0.60414			6
2026.02.11	01:31:32.967	0.60413	0.60415			6
2026.02.11	01:31:34.233		0.60416			4
2026.02.11	01:31:36.239	0.60414	0.60417			6
2026.02.11	01:31:36.587	0.60413	0.60416			6
2026.02.11	01:31:41.607	0.60414	0.60417			6
2026.02.11	01:31:41.912	0.60413	0.60416			6
2026.02.11	01:31:53.094	0.60414	0.60417			6
2026.02.11	01:32:00.124	0.60414				2
2026.02.11	01:32:00.427		0.60416			4
2026.02.11	01:33:00.215	0.60414				2
2026.02.11	01:33:00.518		0.60416			4
2026.02.11	01:33:33.027	0.60413	0.60415			6
2026.02.11	01:34:00.301	0.60413				2
2026.02.11	01:34:16.006	0.60409	0.60411			6
2026.02.11	01:34:17.408	0.60408				2
2026.02.11	01:34:25.285	0.60409	0.60412			6
2026.02.11	01:34:31.799	0.60408	0.60411			6
2026.02.11	01:34:33.453	0.60409	0.60412			6
2026.02.11	01:34:35.418	0.60412	0.60414			6
2026.02.11	01:34:35.765		0.60415			4
2026.02.11	01:34:36.067	0.60413	0.60416			6
2026.02.11	01:35:00.293	0.60413				2
2026.02.11	01:35:00.640	0.60414	0.60417			6
2026.02.11	01:35:01.292	0.60413	0.60416			6
2026.02.11	01:35:05.204	0.60414	0.60417			6
2026.02.11	01:35:05.905	0.60413	0.60416			6
2026.02.11	01:35:06.253	0.60414	0.60417			6
2026.02.11	01:35:20.755	0.60413	0.60416			6
2026.02.11	01:35:28.984	0.60414	0.60417			6
2026.02.11	01:35:40.979	0.60413	0.60416			6
2026.02.11	01:36:00.205	0.60413				2
2026.02.11	01:36:05.562	0.60414	0.60417			6
2026.02.11	01:36:05.867	0.60412	0.60415			6
2026.02.11	01:36:06.218	0.60413	0.60416			6
2026.02.11	01:36:08.179	0.60412	0.60415			6
2026.02.11	01:36:41.572	0.60406	0.60409			6
2026.02.11	01:36:41.877	0.60407	0.60410			6
2026.02.11	01:36:42.179		0.60411			4
2026.02.11	01:37:00.091	0.60407				2
2026.02.11	01:37:18.413		0.60410			4
2026.02.11	01:38:00.239	0.60407				2
2026.02.11	01:38:01.890	0.60408	0.60411			6
2026.02.11	01:38:08.315	0.60407	0.60410			6
2026.02.11	01:38:15.840	0.60408	0.60411			6
2026.02.11	01:38:18.753	0.60407	0.60410			6
2026.02.11	01:38:19.059	0.60408	0.60411			6
2026.02.11	01:38:22.360	0.60407	0.60410			6
2026.02.11	01:38:34.758	0.60408	0.60411			6
2026.02.11	01:38:35.060	0.60407	0.60410			6
2026.02.11	01:38:36.414	0.60408	0.60411			6
2026.02.11	01:38:50.968	0.60407	0.60410			6
2026.02.11	01:39:00.030	0.60407				2
2026.02.11	01:39:16.292	0.60408				2
2026.02.11	01:39:41.092	0.60409	0.60411			6
2026.02.11	01:39:47.359	0.60410	0.60412			6
2026.02.11	01:39:51.470	0.60412	0.60414			6
2026.02.11	01:39:52.423		0.60415			4
2026.02.11	01:39:56.638	0.60413				2
2026.02.11	01:40:00.249	0.60413				2
2026.02.11	01:40:02.556	0.60412				2
2026.02.11	01:40:22.276		0.60414			4
2026.02.11	01:40:31.682	0.60413	0.60415			6
2026.02.11	01:41:00.276	0.60408	0.60410			6
2026.02.11	01:41:01.226	0.60407	0.60411			6
2026.02.11	01:41:30.149		0.60410			4
2026.02.11	01:42:00.259	0.60407				2
2026.02.11	01:42:15.710	0.60409	0.60411			6
2026.02.11	01:42:16.363	0.60408				2
2026.02.11	01:42:48.478	0.60407	0.60410			6
2026.02.11	01:42:59.464	0.60408	0.60411			6
2026.02.11	01:43:00.158	0.60408				2
2026.02.11	01:43:01.764	0.60407	0.60410			6
2026.02.11	01:43:44.962		0.60408			4
2026.02.11	01:43:45.265	0.60402	0.60405			6
2026.02.11	01:43:45.572	0.60400	0.60403			6
2026.02.11	01:43:45.913	0.60401	0.60404			6
2026.02.11	01:43:46.262		0.60405			4
2026.02.11	01:43:48.875	0.60398	0.60402			6
2026.02.11	01:43:50.203	0.60397	0.60401			6
2026.02.11	01:44:00.007	0.60397				2
2026.02.11	01:44:07.225	0.60396	0.60400			6
2026.02.11	01:44:09.538	0.60397	0.60401			6
2026.02.11	01:44:43.118	0.60396	0.60400			6
2026.02.11	01:44:44.099	0.60397	0.60401			6
2026.02.11	01:44:49.311		0.60400			4
2026.02.11	01:45:00.253	0.60397				2
2026.02.11	01:45:00.560	0.60398	0.60401			6
2026.02.11	01:45:11.395	0.60397	0.60400			6
2026.02.11	01:45:31.075	0.60395	0.60396			6
2026.02.11	01:45:31.394	0.60393				2
2026.02.11	01:45:32.366	0.60392				2
2026.02.11	01:46:00.257	0.60392				2
2026.02.11	01:46:13.391	0.60393	0.60397			6
2026.02.11	01:46:17.549		0.60396			4
2026.02.11	01:47:00.150	0.60393				2
2026.02.11	01:47:17.709		0.60396			4
2026.02.11	01:47:30.154	0.60396	0.60399			6
2026.02.11	01:47:30.458	0.60397	0.60400			6
2026.02.11	01:47:37.425	0.60400	0.60402			6
2026.02.11	01:47:37.729	0.60402	0.60404			6
2026.02.11	01:47:44.954		0.60406			4
2026.02.11	01:47:46.606		0.60405			4
2026.02.11	01:47:57.472	0.60403				2
2026.02.11	01:48:00.092	0.60403				2
2026.02.11	01:48:01.097	0.60402				2
2026.02.11	01:48:10.889	0.60399	0.60402			6
2026.02.11	01:48:11.230	0.60397	0.60401			6
2026.02.11	01:48:42.548	0.60398				2
2026.02.11	01:48:43.502	0.60397				2
2026.02.11	01:49:00.003	0.60397				2
2026.02.11	01:49:11.490		0.60401			4
2026.02.11	01:49:32.568	0.60396	0.60400			6
2026.02.11	01:49:36.228	0.60397				2
2026.02.11	01:50:00.169	0.60397				2
2026.02.11	01:50:27.849	0.60398	0.60401			6
2026.02.11	01:50:34.469	0.60399				2
2026.02.11	01:50:35.774	0.60398				2
2026.02.11	01:50:58.357		0.60400			4
2026.02.11	01:51:00.235	0.60398				2
2026.02.11	01:51:10.569	0.60397	0.60399			6
2026.02.11	01:51:14.327	0.60398				2
2026.02.11	01:51:27.268	0.60397				2
2026.02.11	01:52:00.017	0.60397				2
2026.02.11	01:52:10.186	0.60398				2
2026.02.11	01:52:10.805		0.60399			4
2026.02.11	01:52:12.057	0.60397				2
2026.02.11	01:52:35.629		0.60398			4
2026.02.11	01:52:37.809		0.60399			4
2026.02.11	01:52:46.016	0.60398				2
2026.02.11	01:53:00.274	0.60398				2
2026.02.11	01:53:09.106	0.60397				2
2026.02.11	01:53:11.367	0.60398				2
2026.02.11	01:53:37.817		0.60399			4
2026.02.11	01:53:46.486	0.60397				2
2026.02.11	01:53:46.833	0.60398				2
2026.02.11	01:53:47.458	0.60397				2
2026.02.11	01:53:47.790	0.60398				2
2026.02.11	01:53:48.411	0.60397				2
2026.02.11	01:53:48.744	0.60398				2
2026.02.11	01:53:51.882	0.60397				2
2026.02.11	01:53:57.425	0.60398				2
2026.02.11	01:54:00.336	0.60398				2
2026.02.11	01:54:16.688	0.60397	0.60398			6
2026.02.11	01:54:16.990		0.60399			4
2026.02.11	01:54:31.332		0.60398			4
2026.02.11	01:54:32.583	0.60398	0.60399			6
2026.02.11	01:54:34.636		0.60400			4
2026.02.11	01:54:34.940		0.60399			4
2026.02.11	01:54:36.216		0.60400			4
2026.02.11	01:54:49.340	0.60397	0.60399			6
2026.02.11	01:54:51.250	0.60398	0.60400			6
2026.02.11	01:54:54.205		0.60399			4
2026.02.11	01:55:00.155	0.60398				2
2026.02.11	01:55:19.293	0.60397				2
2026.02.11	01:55:20.597	0.60398				2
2026.02.11	01:55:25.592	0.60397				2
2026.02.11	01:55:25.919		0.60398			4
2026.02.11	01:55:47.609		0.60399			4
2026.02.11	01:55:52.803		0.60398			4
2026.02.11	01:55:54.030		0.60399			4
2026.02.11	01:55:54.360		0.60398			4
2026.02.11	01:55:59.099	0.60398	0.60400			6
2026.02.11	01:56:00.078	0.60398				2
2026.02.11	01:56:01.034		0.60399			4
2026.02.11	01:56:05.117	0.60397				2
2026.02.11	01:56:10.920	0.60398				2
2026.02.11	01:56:11.237	0.60397				2
2026.02.11	01:56:17.142	0.60398				2
2026.02.11	01:56:19.000	0.60397				2
2026.02.11	01:56:20.305	0.60398				2
2026.02.11	01:56:22.208		0.60400			4
2026.02.11	01:56:23.208		0.60399			4
2026.02.11	01:56:44.195		0.60400			4
2026.02.11	01:56:50.500		0.60399			4
2026.02.11	01:56:55.494	0.60397				2
2026.02.11	01:56:55.826	0.60398				2
2026.02.11	01:56:58.054	0.60400	0.60402			6
2026.02.11	01:56:58.374	0.60402	0.60404			6
2026.02.11	01:57:00.290	0.60402				2
2026.02.11	01:57:06.506	0.60403	0.60405			6
2026.02.11	01:57:48.735	0.60405	0.60407			6
2026.02.11	01:57:50.280	0.60406	0.60408			6
2026.02.11	01:58:00.220	0.60406				2
2026.02.11	01:58:03.836	0.60407	0.60409			6
2026.02.11	01:58:39.705	0.60406	0.60408			6
2026.02.11	01:58:47.485	0.60407	0.60409			6
2026.02.11	01:58:48.837	0.60406	0.60408			6
2026.02.11	01:58:52.397	0.60403	0.60405			6
2026.02.11	01:58:54.357	0.60402				2
2026.02.11	01:58:54.706	0.60403	0.60406			6
2026.02.11	01:58:58.268		0.60405			4
2026.02.11	01:58:59.877	0.60402				2
2026.02.11	01:59:00.181	0.60402				2
2026.02.11	01:59:32.076	0.60403	0.60406			6
2026.02.11	01:59:32.729	0.60402	0.60405			6
2026.02.11	01:59:57.307		0.60404			4
2026.02.11	02:00:00.116	0.60402				2
2026.02.11	02:00:00.740	0.60403	0.60405			6
2026.02.11	02:00:01.689	0.60402	0.60404			6
2026.02.11	02:00:03.241		0.60405			4
2026.02.11	02:00:11.859	0.60401	0.60404			6
2026.02.11	02:00:21.992	0.60399	0.60402			6
2026.02.11	02:00:22.337	0.60398	0.60401			6
2026.02.11	02:00:23.945	0.60399	0.60402			6
2026.02.11	02:00:26.813	0.60398	0.60401			6
2026.02.11	02:00:35.648	0.60399	0.60402			6
2026.02.11	02:00:53.175	0.60401	0.60404			6
2026.02.11	02:00:58.624	0.60402	0.60405			6
2026.02.11	02:00:59.881	0.60403				2
2026.02.11	02:01:00.228	0.60403				2
2026.02.11	02:01:00.530	0.60402				2
2026.02.11	02:01:07.354	0.60401	0.60404			6
2026.02.11	02:01:07.658	0.60402	0.60405			6
2026.02.11	02:01:33.595	0.60405	0.60407			6
2026.02.11	02:01:35.767	0.60404				2
2026.02.11	02:01:42.119	0.60399	0.60402			6
2026.02.11	02:01:42.466	0.60400	0.60403			6
2026.02.11	02:01:44.404		0.60404			4
2026.02.11	02:01:47.689	0.60401				2
2026.02.11	02:01:54.324	0.60402	0.60406			6
2026.02.11	02:01:54.796	0.60403				2
2026.02.11	02:01:57.406	0.60404				2
2026.02.11	02:01:58.000	0.60403				2
2026.02.11	02:01:59.348	0.60405	0.60409			6
2026.02.11	02:01:59.722	0.60406				2
2026.02.11	02:02:00.040	0.60405				2
2026.02.11	02:02:00.512	0.60404	0.60408			6
2026.02.11	02:02:03.893	0.60401	0.60405			6
2026.02.11	02:02:06.306	0.60402				2
2026.02.11	02:02:22.635	0.60401				2
2026.02.11	02:02:26.201	0.60402				2
2026.02.11	02:02:32.894	0.60401				2
2026.02.11	02:02:42.048	0.60402				2
2026.02.11	02:02:43.314	0.60401				2
2026.02.11	02:02:46.970	0.60402				2
2026.02.11	02:02:47.929	0.60405	0.60407			6
2026.02.11	02:02:48.248	0.60406	0.60410			6
2026.02.11	02:02:55.928	0.60405	0.60409			6
2026.02.11	02:03:00.444	0.60406				2
2026.02.11	02:03:04.541	0.60403	0.60406			6
2026.02.11	02:03:06.307	0.60404				2
2026.02.11	02:03:13.376	0.60405	0.60407			6
2026.02.11	02:03:13.678	0.60410	0.60411			6
2026.02.11	02:03:14.408		0.60413			4
2026.02.11	02:03:15.572	0.60411				2
2026.02.11	02:03:16.633		0.60414			4
2026.02.11	02:03:37.009	0.60410				2
2026.02.11	02:03:39.733	0.60411				2
2026.02.11	02:03:43.688	0.60410				2
2026.02.11	02:03:45.804	0.60411				2
2026.02.11	02:04:00.105	0.60411				2
2026.02.11	02:04:03.702	0.60410				2
2026.02.11	02:04:08.419	0.60411				2
2026.02.11	02:04:10.983	0.60410				2
2026.02.11	02:04:13.612		0.60413			4
2026.02.11	02:04:19.613	0.60411				2
2026.02.11	02:04:20.304		0.60414			4
2026.02.11	02:04:20.608	0.60412				2
2026.02.11	02:04:22.321	0.60411				2
2026.02.11	02:04:23.852	0.60410				2
2026.02.11	02:04:26.276	0.60411				2
2026.02.11	02:04:48.736	0.60410				2
2026.02.11	02:04:49.072	0.60411				2
2026.02.11	02:05:00.323	0.60411	0.60415			6
2026.02.11	02:05:08.474	0.60410	0.60414			6
2026.02.11	02:05:10.091	0.60411				2
2026.02.11	02:05:14.010	0.60410				2
2026.02.11	02:05:26.618	0.60411				2
2026.02.11	02:05:31.925	0.60410				2
2026.02.11	02:05:33.632	0.60411	0.60415			6
2026.02.11	02:05:44.905	0.60408	0.60410			6
2026.02.11	02:05:45.223	0.60406				2
2026.02.11	02:05:47.242		0.60409			4
2026.02.11	02:05:50.300	0.60407				2
2026.02.11	02:05:51.846	0.60408				2
2026.02.11	02:05:53.586	0.60409	0.60411			6
2026.02.11	02:06:00.515	0.60410	0.60413			6
2026.02.11	02:06:00.978		0.60414			4
2026.02.11	02:06:01.472	0.60409	0.60411			6
2026.02.11	02:06:07.159	0.60408				2
2026.02.11	02:06:12.861	0.60410	0.60413			6
2026.02.11	02:06:13.164		0.60414			4
2026.02.11	02:06:14.367	0.60411				2
2026.02.11	02:06:16.160	0.60410				2
2026.02.11	02:06:17.267	0.60411				2
2026.02.11	02:06:18.386	0.60410				2
2026.02.11	02:06:26.844	0.60408	0.60411			6
2026.02.11	02:06:35.389	0.60406	0.60410			6
2026.02.11	02:06:38.460		0.60409			4
2026.02.11	02:06:41.730		0.60410			4
2026.02.11	02:06:42.509		0.60409			4
2026.02.11	02:06:44.309	0.60405				2
2026.02.11	02:06:45.060	0.60406				2
2026.02.11	02:06:46.453	0.60407				2
2026.02.11	02:06:50.894	0.60406				2
2026.02.11	02:06:55.213	0.60407				2
2026.02.11	02:06:57.345		0.60410			4
2026.02.11	02:06:58.380	0.60408				2
2026.02.11	02:07:00.035	0.60408				2
2026.02.11	02:07:03.249		0.60411			4
2026.02.11	02:07:04.038	0.60407				2
2026.02.11	02:07:06.009		0.60410			4
2026.02.11	02:07:14.535		0.60411			4
2026.02.11	02:07:23.115	0.60410	0.60414			6
2026.02.11	02:07:24.422	0.60411	0.60415			6
2026.02.11	02:07:37.918	0.60412	0.60416			6
2026.02.11	02:07:40.973	0.60411	0.60415			6
2026.02.11	02:07:44.261	0.60410	0.60414			6
2026.02.11	02:07:45.239		0.60412			4
2026.02.11	02:07:45.707		0.60414			4
2026.02.11	02:07:46.363		0.60413			4
2026.02.11	02:07:46.727		0.60414			4
2026.02.11	02:07:47.367		0.60413			4
2026.02.11	02:07:47.864		0.60414			4
2026.02.11	02:07:53.866	0.60411				2
2026.02.11	02:08:00.183	0.60411				2
2026.02.11	02:08:03.444		0.60415			4
2026.02.11	02:08:06.709	0.60410	0.60414			6
2026.02.11	02:08:34.909	0.60411				2
2026.02.11	02:08:54.511		0.60415			4
2026.02.11	02:08:57.379	0.60410	0.60414			6
2026.02.11	02:08:58.745	0.60411	0.60415			6
2026.02.11	02:09:00.037	0.60411				2
2026.02.11	02:09:03.998	0.60412				2
2026.02.11	02:09:12.224	0.60411				2
2026.02.11	02:09:21.955	0.60412				2
2026.02.11	02:09:59.052		0.60415			4
2026.02.11	02:10:00.305	0.60412				2
2026.02.11	02:10:00.636	0.60413	0.60416			6
2026.02.11	02:10:02.194	0.60412	0.60415			6
2026.02.11	02:10:03.464	0.60413	0.60416			6
2026.02.11	02:10:10.696	0.60412	0.60415			6
2026.02.11	02:10:15.598	0.60416	0.60418			6
2026.02.11	02:10:16.297		0.60420			4
2026.02.11	02:10:17.212	0.60417	0.60421			6
2026.02.11	02:10:18.090		0.60420			4
2026.02.11	02:10:21.368	0.60419	0.60423			6
2026.02.11	02:10:21.714	0.60420	0.60424			6
2026.02.11	02:10:22.023	0.60421				2
2026.02.11	02:10:22.327	0.60420				2
2026.02.11	02:10:23.626	0.60421				2
2026.02.11	02:10:27.608	0.60422	0.60425			6
2026.02.11	02:10:36.291	0.60421				2
2026.02.11	02:10:56.789	0.60422				2
2026.02.11	02:11:00.119	0.60422				2
2026.02.11	02:11:00.503	0.60421				2
2026.02.11	02:11:06.000	0.60422	0.60426			6
2026.02.11	02:11:07.307	0.60421	0.60425			6
2026.02.11	02:11:43.390	0.60422				2
2026.02.11	02:11:47.168	0.60421	0.60424			6
2026.02.11	02:11:48.122		0.60425			4
2026.02.11	02:11:49.108		0.60424			4
2026.02.11	02:11:51.920	0.60419	0.60422			6
2026.02.11	02:11:52.236	0.60418				2
2026.02.11	02:11:54.380	0.60419				2
2026.02.11	02:11:59.639		0.60423			4
2026.02.11	02:12:01.224	0.60417	0.60421			6
2026.02.11	02:12:01.550		0.60420			4
2026.02.11	02:12:01.896	0.60416				2
2026.02.11	02:12:27.867	0.60417				2
2026.02.11	02:12:29.429		0.60419			4
2026.02.11	02:12:29.815		0.60420			4
2026.02.11	02:12:58.607	0.60416	0.60419			6
2026.02.11	02:13:00.210	0.60416				2
2026.02.11	02:13:03.065	0.60417	0.60420			6
2026.02.11	02:13:14.334		0.60419			4
2026.02.11	02:13:40.039	0.60415	0.60417			6
2026.02.11	02:13:41.310	0.60414				2
2026.02.11	02:13:41.989	0.60416	0.60419			6
2026.02.11	02:13:47.819	0.60415	0.60418			6
2026.02.11	02:13:59.609	0.60413	0.60416			6
2026.02.11	02:14:00.260	0.60413	0.60415			6
2026.02.11	02:14:07.184	0.60412				2
2026.02.11	02:14:24.432	0.60413				2
2026.02.11	02:14:28.700	0.60412				2
2026.02.11	02:14:31.620	0.60413				2
2026.02.11	02:14:32.919		0.60416			4
2026.02.11	02:14:54.171	0.60414				2
2026.02.11	02:14:55.745	0.60413	0.60415			6
2026.02.11	02:14:56.352		0.60416			4
2026.02.11	02:15:00.083	0.60413				2
2026.02.11	02:15:00.415		0.60415			4
2026.02.11	02:15:01.400	0.60412				2
2026.02.11	02:15:02.089	0.60414				2
2026.02.11	02:15:02.399	0.60412				2
2026.02.11	02:15:11.277	0.60413				2
2026.02.11	02:15:18.263	0.60412	0.60414			6
2026.02.11	02:15:20.774	0.60413	0.60415			6
2026.02.11	02:16:00.067	0.60413				2
2026.02.11	02:16:03.177		0.60414			4
2026.02.11	02:16:05.033		0.60415			4
2026.02.11	02:16:05.335		0.60414			4
2026.02.11	02:16:06.284		0.60415			4
2026.02.11	02:16:06.589		0.60414			4
2026.02.11	02:16:09.702	0.60412				2
2026.02.11	02:16:14.850	0.60413	0.60415			6
2026.02.11	02:16:15.199		0.60414			4
2026.02.11	02:16:15.503	0.60412				2
2026.02.11	02:16:20.417	0.60413	0.60415			6
2026.02.11	02:16:20.724	0.60412	0.60414			6
2026.02.11	02:16:23.578		0.60413			4
2026.02.11	02:16:26.058		0.60414			4
2026.02.11	02:16:32.356	0.60413				2
2026.02.11	02:16:35.212	0.60415	0.60416			6
2026.02.11	02:16:35.517	0.60417	0.60418			6
2026.02.11	02:16:36.165	0.60415	0.60419			6
2026.02.11	02:16:40.896		0.60418			4
2026.02.11	02:16:57.792	0.60413	0.60416			6
2026.02.11	02:16:58.139	0.60412				2
2026.02.11	02:16:58.811	0.60413				2
2026.02.11	02:17:00.270	0.60413				2
2026.02.11	02:17:03.659	0.60415	0.60419			6
2026.02.11	02:17:04.007	0.60416				2
2026.02.11	02:17:12.277	0.60417				2
2026.02.11	02:17:12.732	0.60418	0.60421			6
2026.02.11	02:17:14.219	0.60419				2
2026.02.11	02:17:21.537		0.60422			4
2026.02.11	02:17:25.146	0.60420	0.60424			6
2026.02.11	02:17:26.850		0.60423			4
2026.02.11	02:17:27.279		0.60424			4
2026.02.11	02:17:42.378		0.60423			4
2026.02.11	02:17:42.690	0.60422	0.60425			6
2026.02.11	02:17:43.974	0.60423				2
2026.02.11	02:17:44.453	0.60422				2
2026.02.11	02:17:50.531	0.60425	0.60426			6
2026.02.11	02:17:50.846	0.60426	0.60430			6
2026.02.11	02:17:52.806	0.60425	0.60428			6
2026.02.11	02:18:00.825	0.60420	0.60424			6
2026.02.11	02:18:03.788	0.60412	0.60416			6
2026.02.11	02:18:04.587		0.60415			4
2026.02.11	02:18:04.889	0.60411				2
2026.02.11	02:18:05.676	0.60413	0.60416			6
2026.02.11	02:18:05.993	0.60412				2
2026.02.11	02:18:07.645	0.60413				2
2026.02.11	02:18:12.026	0.60416	0.60420			6
2026.02.11	02:18:17.135	0.60417				2
2026.02.11	02:18:28.936		0.60421			4
2026.02.11	02:18:29.258	0.60418				2
2026.02.11	02:18:30.563	0.60420				2
2026.02.11	02:18:30.879		0.60424			4
2026.02.11	02:18:32.019		0.60423			4
2026.02.11	02:18:33.319		0.60424			4
2026.02.11	02:18:34.861		0.60423			4
2026.02.11	02:18:43.441	0.60421	0.60424			6
2026.02.11	02:18:49.440	0.60416	0.60419			6
2026.02.11	02:18:53.257	0.60415				2
2026.02.11	02:19:01.236	0.60412	0.60416			6
2026.02.11	02:19:01.917	0.60411	0.60415			6
2026.02.11	02:19:02.221	0.60412	0.60416			6
2026.02.11	02:19:40.492	0.60413				2
2026.02.11	02:19:43.109	0.60412				2
2026.02.11	02:19:44.972	0.60415				2
2026.02.11	02:19:49.451		0.60417			4
2026.02.11	02:19:59.103	0.60412	0.60416			6
2026.02.11	02:19:59.409		0.60415			4
2026.02.11	02:20:00.076	0.60412				2
2026.02.11	02:20:01.382	0.60411				2
2026.02.11	02:20:39.201		0.60414			4
2026.02.11	02:20:49.432	0.60412	0.60415			6
2026.02.11	02:21:00.220	0.60412				2
2026.02.11	02:21:49.492		0.60415			4
2026.02.11	02:21:53.500	0.60411				2
2026.02.11	02:21:53.852	0.60412				2
2026.02.11	02:22:00.283	0.60412				2
2026.02.11	02:22:00.931	0.60413	0.60416			6
2026.02.11	02:22:02.184	0.60412				2
2026.02.11	02:22:03.152	0.60413				2
2026.02.11	02:22:17.909	0.60414				2
2026.02.11	02:22:18.823	0.60413				2
2026.02.11	02:22:30.698	0.60416	0.60418			6
2026.02.11	02:22:31.002		0.60419			4
2026.02.11	02:22:31.718	0.60417				2
2026.02.11	02:22:34.555	0.60416				2
2026.02.11	02:22:46.359	0.60415	0.60418			6
2026.02.11	02:22:47.000		0.60417			4
2026.02.11	02:22:47.305	0.60414				2
2026.02.11	02:22:49.456	0.60416	0.60419			6
2026.02.11	02:22:49.761	0.60417	0.60420			6
2026.02.11	02:23:00.136	0.60417				2
2026.02.11	02:23:00.485	0.60416	0.60419			6
2026.02.11	02:23:02.047	0.60417	0.60420			6
2026.02.11	02:23:17.891	0.60413	0.60414			6
2026.02.11	02:23:18.200	0.60412	0.60415			6
2026.02.11	02:23:19.193	0.60411				2
2026.02.11	02:23:21.403	0.60412	0.60414			6
2026.02.11	02:23:31.488		0.60415			4
2026.02.11	02:23:34.149		0.60414			4
2026.02.11	02:23:34.799		0.60415			4
2026.02.11	02:23:36.454	0.60411				2
2026.02.11	02:23:39.318	0.60412				2
2026.02.11	02:23:43.324	0.60413				2
2026.02.11	02:23:44.579	0.60412				2
2026.02.11	02:23:45.534	0.60413	0.60416			6
2026.02.11	02:23:47.840	0.60414	0.60417			6
2026.02.11	02:23:48.146	0.60416	0.60419			6
2026.02.11	02:23:48.487	0.60417	0.60420			6
2026.02.11	02:23:51.399		0.60421			4
2026.02.11	02:23:57.712		0.60420			4
2026.02.11	02:24:00.276	0.60417				2
2026.02.11	02:24:07.098	0.60420	0.60422			6
2026.02.11	02:24:07.400	0.60423	0.60426			6
2026.02.11	02:24:16.785	0.60422				2
2026.02.11	02:24:20.735	0.60423				2
2026.02.11	02:24:26.210		0.60425			4
2026.02.11	02:24:26.562		0.60426			4
2026.02.11	02:24:26.864		0.60425			4
2026.02.11	02:24:28.169		0.60426			4
2026.02.11	02:24:31.376	0.60424				2
2026.02.11	02:24:31.679	0.60423				2
2026.02.11	02:24:35.387	0.60424				2
2026.02.11	02:24:35.690	0.60423				2
2026.02.11	02:24:36.039	0.60424				2
2026.02.11	02:24:37.296	0.60425	0.60428			6
2026.02.11	02:24:50.813	0.60427	0.60430			6
2026.02.11	02:24:52.102	0.60431	0.60434			6
2026.02.11	02:25:00.106	0.60430				2
2026.02.11	02:25:00.416	0.60431				2
2026.02.11	02:25:03.057		0.60435			4
2026.02.11	02:25:05.702	0.60432	0.60436			6
2026.02.11	02:25:06.712	0.60433				2
2026.02.11	02:25:13.663	0.60430	0.60434			6
2026.02.11	02:25:14.891	0.60431				2
2026.02.11	02:25:17.057	0.60429	0.60432			6
2026.02.11	02:25:18.938	0.60430	0.60433			6
2026.02.11	02:25:23.382	0.60431				2
2026.02.11	02:25:23.734	0.60430				2
2026.02.11	02:25:33.052	0.60432	0.60435			6
2026.02.11	02:25:34.094	0.60433				2
2026.02.11	02:25:34.594	0.60432				2
2026.02.11	02:25:40.744		0.60433			4
2026.02.11	02:25:41.091	0.60433	0.60435			6
2026.02.11	02:25:41.891	0.60432				2
2026.02.11	02:25:42.853		0.60433			4
2026.02.11	02:25:43.160		0.60435			4
2026.02.11	02:25:44.159	0.60431				2
2026.02.11	02:25:44.985	0.60432				2
2026.02.11	02:25:45.615	0.60431				2
2026.02.11	02:25:46.958	0.60432				2
2026.02.11	02:25:53.586	0.60431	0.60434			6
2026.02.11	02:25:54.238		0.60435			4
2026.02.11	02:25:54.623	0.60432				2
2026.02.11	02:26:00.109	0.60432				2
2026.02.11	02:26:00.808	0.60431				2
2026.02.11	02:26:05.376	0.60432				2
2026.02.11	02:26:12.414	0.60436	0.60438			6
2026.02.11	02:26:21.363	0.60432	0.60435			6
2026.02.11	02:26:23.524	0.60431				2
2026.02.11	02:26:24.078	0.60432				2
2026.02.11	02:26:30.248	0.60431				2
2026.02.11	02:26:30.552	0.60432				2
2026.02.11	02:26:35.365	0.60433				2
2026.02.11	02:26:37.324	0.60435	0.60436			6
2026.02.11	02:26:37.630		0.60438			4
2026.02.11	02:26:56.196	0.60434				2
2026.02.11	02:26:56.721	0.60435				2
2026.02.11	02:27:00.466	0.60435				2
2026.02.11	02:27:01.713	0.60436				2
2026.02.11	02:27:02.040	0.60437	0.60439			6
2026.02.11	02:27:04.295	0.60436				2
2026.02.11	02:27:04.599	0.60437				2
2026.02.11	02:27:08.161	0.60436				2
2026.02.11	02:27:14.980		0.60440			4
2026.02.11	02:27:21.589	0.60437				2
2026.02.11	02:27:22.555	0.60436				2
2026.02.11	02:27:27.554	0.60435	0.60439			6
2026.02.11	02:27:30.833	0.60434	0.60438			6
2026.02.11	02:27:34.493	0.60435	0.60439			6
2026.02.11	02:27:43.151	0.60436				2
2026.02.11	02:27:43.467		0.60440			4
2026.02.11	02:27:44.606	0.60437	0.60441			6
2026.02.11	02:27:55.692	0.60435	0.60439			6
2026.02.11	02:27:56.005		0.60438			4
2026.02.11	02:28:00.092	0.60435				2
2026.02.11	02:28:04.881		0.60439			4
2026.02.11	02:28:05.541	0.60436	0.60440			6
2026.02.11	02:28:05.845	0.60440	0.60443			6
2026.02.11	02:28:31.623		0.60444			4
2026.02.11	02:28:33.447	0.60441	0.60445			6
2026.02.11	02:28:34.557	0.60440	0.60444			6
2026.02.11	02:28:35.682	0.60441	0.60443			6
2026.02.11	02:28:36.597		0.60444			4
2026.02.11	02:28:40.309	0.60440				2
2026.02.11	02:28:41.739	0.60441				2
2026.02.11	02:28:42.716	0.60440				2
2026.02.11	02:28:44.468		0.60443			4
2026.02.11	02:28:47.426	0.60441				2
2026.02.11	02:28:49.287		0.60444			4
2026.02.11	02:28:50.212		0.60443			4
2026.02.11	02:28:51.493	0.60440				2
2026.02.11	02:28:54.447		0.60444			4
2026.02.11	02:29:00.464	0.60440				2
2026.02.11	02:29:03.436	0.60441				2
2026.02.11	02:29:19.856		0.60443			4
2026.02.11	02:29:39.908	0.60440				2
2026.02.11	02:29:43.998	0.60442				2
2026.02.11	02:29:46.609		0.60444			4
2026.02.11	02:29:51.703		0.60443			4
2026.02.11	02:29:56.689	0.60439	0.60440			6
2026.02.11	02:29:59.034	0.60438	0.60439			6
2026.02.11	02:30:00.572	0.60439	0.60440			6
2026.02.11	02:30:04.054	0.60438	0.60439			6
2026.02.11	02:30:06.745		0.60440			4
2026.02.11	02:30:08.320		0.60439			4
2026.02.11	02:30:17.682	0.60440	0.60443			6
2026.02.11	02:30:18.443	0.60441				2
2026.02.11	02:30:22.356	0.60440				2
2026.02.11	02:30:29.973	0.60441				2
2026.02.11	02:30:32.842	0.60440				2
2026.02.11	02:30:33.155	0.60441				2
2026.02.11	02:30:33.492	0.60440				2
2026.02.11	02:30:35.376	0.60441				2
2026.02.11	02:30:43.748	0.60442				2
2026.02.11	02:30:44.379	0.60441				2
2026.02.11	02:30:46.287	0.60442				2
2026.02.11	02:30:48.449	0.60441				2
2026.02.11	02:30:53.506		0.60442			4
2026.02.11	02:30:54.737		0.60443			4
2026.02.11	02:30:57.565	0.60442				2
2026.02.11	02:30:59.746		0.60444			4
2026.02.11	02:31:00.047	0.60442				2
2026.02.11	02:31:00.976	0.60441	0.60443			6
2026.02.11	02:31:03.151	0.60442	0.60444			6
2026.02.11	02:31:03.480	0.60441	0.60443			6
2026.02.11	02:31:13.214	0.60442	0.60444			6
2026.02.11	02:31:18.853	0.60441	0.60443			6
2026.02.11	02:31:21.388	0.60442	0.60444			6
2026.02.11	02:31:24.508	0.60447	0.60449			6
2026.02.11	02:31:25.440		0.60450			4
2026.02.11	02:31:26.410	0.60448	0.60451			6
2026.02.11	02:31:27.038	0.60450	0.60454			6
2026.02.11	02:31:27.343	0.60451	0.60453			6
2026.02.11	02:31:27.969	0.60450				2
2026.02.11	02:31:28.816		0.60452			4
2026.02.11	02:31:30.571		0.60453			4
2026.02.11	02:31:32.221	0.60447	0.60450			6
2026.02.11	02:31:32.523	0.60446	0.60449			6
2026.02.11	02:31:40.913		0.60448			4
2026.02.11	02:31:41.548	0.60450	0.60454			6
2026.02.11	02:31:41.865	0.60448	0.60452			6
2026.02.11	02:31:43.621		0.60451			4
2026.02.11	02:31:46.499		0.60452			4
2026.02.11	02:31:51.644	0.60447	0.60451			6
2026.02.11	02:31:52.297	0.60446	0.60449			6
2026.02.11	02:31:53.428	0.60447				2
2026.02.11	02:31:54.203	0.60446				2
2026.02.11	02:31:59.707		0.60448			4
2026.02.11	02:32:00.517	0.60445				2
2026.02.11	02:32:02.917	0.60446	0.60450			6
2026.02.11	02:32:03.236	0.60447				2
2026.02.11	02:32:03.585		0.60449			4
2026.02.11	02:32:04.398		0.60450			4
2026.02.11	02:32:05.991		0.60449			4
2026.02.11	02:32:08.301		0.60450			4
2026.02.11	02:32:09.350		0.60449			4
2026.02.11	02:32:10.302		0.60451			4
2026.02.11	02:32:10.606	0.60448	0.60452			6
2026.02.11	02:32:13.218	0.60447	0.60451			6
2026.02.11	02:32:15.173	0.60450	0.60452			6
2026.02.11	02:32:16.041		0.60453			4
2026.02.11	02:32:20.484	0.60446	0.60449			6
2026.02.11	02:32:24.889	0.60447	0.60450			6
2026.02.11	02:32:26.830		0.60449			4
2026.02.11	02:32:28.438		0.60450			4
2026.02.11	02:32:37.869		0.60449			4
2026.02.11	02:32:40.176		0.60450			4
2026.02.11	02:32:54.228	0.60446	0.60449			6
2026.02.11	02:32:58.873	0.60447				2
2026.02.11	02:32:59.794	0.60446				2
2026.02.11	02:33:00.308	0.60446				2
2026.02.11	02:33:00.644	0.60445	0.60448			6
2026.02.11	02:33:07.603		0.60447			4
2026.02.11	02:33:07.957		0.60448			4
2026.02.11	02:33:12.251		0.60447			4
2026.02.11	02:33:20.056		0.60446			4
2026.02.11	02:33:20.363	0.60440	0.60443			6
2026.02.11	02:33:24.894	0.60439	0.60442			6
2026.02.11	02:33:27.489	0.60431	0.60434			6
2026.02.11	02:33:27.795	0.60432	0.60433			6
2026.02.11	02:33:28.099	0.60430	0.60434			6
2026.02.11	02:33:28.603	0.60432	0.60435			6
2026.02.11	02:33:28.919	0.60431				2
2026.02.11	02:33:29.237	0.60432				2
2026.02.11	02:33:33.803	0.60433	0.60436			6
2026.02.11	02:33:34.452	0.60435	0.60439			6
2026.02.11	02:33:34.760	0.60436				2
2026.02.11	02:33:53.725	0.60437	0.60440			6
2026.02.11	02:33:54.068	0.60436	0.60439			6
2026.02.11	02:33:54.794		0.60440			4
2026.02.11	02:33:55.174		0.60439			4
2026.02.11	02:33:58.744		0.60440			4
2026.02.11	02:33:59.637	0.60437				2
2026.02.11	02:34:00.296	0.60437				2
2026.02.11	02:34:00.948		0.60439			4
2026.02.11	02:34:03.957	0.60436				2
2026.02.11	02:34:12.669	0.60437	0.60440			6
2026.02.11	02:34:12.990	0.60436				2
2026.02.11	02:34:13.337	0.60437				2
2026.02.11	02:34:13.642	0.60436				2
2026.02.11	02:34:13.968	0.60437				2
2026.02.11	02:34:17.206	0.60436				2
2026.02.11	02:34:17.865	0.60437				2
2026.02.11	02:34:20.166	0.60436				2
2026.02.11	02:34:20.695	0.60437				2
2026.02.11	02:34:22.323		0.60439			4
2026.02.11	02:34:22.629	0.60436				2
2026.02.11	02:34:29.878	0.60435	0.60438			6
2026.02.11	02:34:30.230	0.60436	0.60439			6
2026.02.11	02:34:31.853		0.60438			4
2026.02.11	02:34:34.467	0.60435				2
2026.02.11	02:34:35.041		0.60439			4
2026.02.11	02:34:35.895		0.60438			4
2026.02.11	02:34:37.278	0.60434	0.60437			6
2026.02.11	02:34:45.360	0.60430	0.60434			6
2026.02.11	02:34:49.059	0.60431				2
2026.02.11	02:34:52.686	0.60430				2
2026.02.11	02:34:53.776	0.60429	0.60433			6
2026.02.11	02:34:58.801	0.60430				2
2026.02.11	02:35:00.096	0.60430				2
2026.02.11	02:35:03.020	0.60429				2
2026.02.11	02:35:04.786	0.60430				2
2026.02.11	02:35:07.073		0.60434			4
2026.02.11	02:35:07.502	0.60431				2
2026.02.11	02:35:10.758	0.60433	0.60435			6
2026.02.11	02:35:11.088	0.60432				2
2026.02.11	02:35:13.178	0.60433				2
2026.02.11	02:35:13.799	0.60432				2
2026.02.11	02:35:16.557	0.60433				2
2026.02.11	02:35:22.419	0.60432				2
2026.02.11	02:35:26.413	0.60433				2
2026.02.11	02:35:31.999		0.60436			4
2026.02.11	02:35:40.019	0.60437	0.60440			6
2026.02.11	02:35:49.459	0.60436				2
2026.02.11	02:35:49.800	0.60437	0.60441			6
2026.02.11	02:35:55.895	0.60442	0.60446			6
2026.02.11	02:35:57.181		0.60445			4
2026.02.11	02:35:57.617		0.60446			4
2026.02.11	02:36:00.437	0.60442				2
2026.02.11	02:36:01.393		0.60445			4
2026.02.11	02:36:06.655	0.60445	0.60449			6
2026.02.11	02:36:09.199	0.60446				2
2026.02.11	02:36:09.861	0.60445				2
2026.02.11	02:36:23.201	0.60444	0.60447			6
2026.02.11	02:36:26.669	0.60442	0.60445			6
2026.02.11	02:36:37.157		0.60446			4
2026.02.11	02:36:48.250		0.60445			4
2026.02.11	02:36:51.484		0.60446			4
2026.02.11	02:37:00.290	0.60442				2
2026.02.11	02:37:14.087	0.60441	0.60445			6
2026.02.11	02:37:14.405	0.60443				2
2026.02.11	02:37:14.735	0.60442				2
2026.02.11	02:37:19.359	0.60443				2
2026.02.11	02:37:20.313		0.60446			4
2026.02.11	02:37:22.526	0.60442	0.60445			6
2026.02.11	02:37:24.184		0.60446			4
2026.02.11	02:37:27.791	0.60443	0.60445			6
2026.02.11	02:37:28.750		0.60446			4
2026.02.11	02:37:30.054		0.60445			4
2026.02.11	02:37:31.756	0.60442				2
2026.02.11	02:37:32.408	0.60447	0.60450			6
2026.02.11	02:37:32.742	0.60448	0.60451			6
2026.02.11	02:37:33.059	0.60447	0.60450			6
2026.02.11	02:37:34.482	0.60448	0.60451			6
2026.02.11	02:37:37.375		0.60452			4
2026.02.11	02:37:39.310	0.60447	0.60451			6
2026.02.11	02:37:39.633	0.60448				2
2026.02.11	02:37:40.633		0.60452			4
2026.02.11	02:37:50.844	0.60449	0.60453			6
2026.02.11	02:37:52.508	0.60448	0.60452			6
2026.02.11	02:37:55.778	0.60454	0.60458			6
2026.02.11	02:37:56.733	0.60453	0.60457			6
2026.02.11	02:38:00.293	0.60453				2
2026.02.11	02:38:03.810	0.60452	0.60456			6
2026.02.11	02:38:05.800		0.60455			4
2026.02.11	02:38:16.686		0.60456			4
2026.02.11	02:38:31.545	0.60453	0.60457			6
2026.02.11	02:38:31.866	0.60452	0.60456			6
2026.02.11	02:38:32.168	0.60453	0.60457			6
2026.02.11	02:38:38.152	0.60454				2
2026.02.11	02:38:47.400	0.60453				2
2026.02.11	02:38:48.477	0.60454				2
2026.02.11	02:38:49.092	0.60453				2
2026.02.11	02:38:55.296	0.60454				2
2026.02.11	02:38:55.657	0.60453				2
2026.02.11	02:38:56.016	0.60454				2
2026.02.11	02:38:56.697	0.60453				2
2026.02.11	02:39:00.516	0.60453				2
2026.02.11	02:39:00.835	0.60457	0.60461			6
2026.02.11	02:39:04.501	0.60455	0.60459			6
2026.02.11	02:39:09.493	0.60456				2
2026.02.11	02:39:10.136	0.60455				2
2026.02.11	02:39:11.173	0.60457	0.60460			6
2026.02.11	02:39:12.130		0.60461			4
2026.02.11	02:39:14.720	0.60454	0.60457			6
2026.02.11	02:39:15.849	0.60455	0.60459			6
2026.02.11	02:39:17.200		0.60458			4
2026.02.11	02:39:25.920	0.60454	0.60455			6
2026.02.11	02:39:26.230	0.60450	0.60453			6
2026.02.11	02:39:26.589		0.60452			4
2026.02.11	02:39:26.967	0.60452	0.60455			6
2026.02.11	02:39:27.280		0.60454			4
2026.02.11	02:39:27.654		0.60455			4
2026.02.11	02:39:29.712		0.60454			4
2026.02.11	02:39:30.096		0.60455			4
2026.02.11	02:39:34.807		0.60454			4
2026.02.11	02:39:37.178		0.60456			4
2026.02.11	02:39:37.928		0.60454			4
2026.02.11	02:39:46.393	0.60453				2
2026.02.11	02:39:49.799	0.60452				2
2026.02.11	02:39:55.326		0.60455			4
2026.02.11	02:40:00.087	0.60452				2
2026.02.11	02:40:00.391		0.60456			4
2026.02.11	02:40:00.859		0.60455			4
2026.02.11	02:40:02.491		0.60456			4
2026.02.11	02:40:07.055		0.60455			4
2026.02.11	02:40:07.707		0.60456			4
2026.02.11	02:40:10.465		0.60455			4
2026.02.11	02:40:16.286	0.60450	0.60454			6
2026.02.11	02:40:22.959	0.60451	0.60455			6
2026.02.11	02:40:33.191	0.60452				2
2026.02.11	02:40:37.625	0.60453	0.60456			6
2026.02.11	02:40:48.854	0.60455	0.60458			6
2026.02.11	02:40:54.566	0.60457	0.60460			6
2026.02.11	02:40:54.887	0.60455	0.60457			6
2026.02.11	02:40:55.201		0.60458			4
2026.02.11	02:40:55.506	0.60457	0.60460			6
2026.02.11	02:40:59.884	0.60458				2
2026.02.11	02:41:00.203	0.60458				2
2026.02.11	02:41:00.836	0.60457				2
2026.02.11	02:41:01.760	0.60458				2
2026.02.11	02:41:02.067		0.60459			4
2026.02.11	02:41:02.368		0.60460			4
2026.02.11	02:41:04.902	0.60457				2
2026.02.11	02:41:05.205	0.60456	0.60457			6
2026.02.11	02:41:05.524	0.60455	0.60458			6
2026.02.11	02:41:06.647		0.60457			4
2026.02.11	02:41:07.535	0.60458	0.60460			6
2026.02.11	02:41:07.861	0.60457				2
2026.02.11	02:41:09.571	0.60458	0.60461			6
2026.02.11	02:41:11.542	0.60460	0.60463			6
2026.02.11	02:41:16.365	0.60459				2
2026.02.11	02:41:19.633	0.60460				2
2026.02.11	02:41:24.480	0.60459				2
2026.02.11	02:41:28.405	0.60460				2
2026.02.11	02:41:29.041	0.60459				2
2026.02.11	02:41:32.617	0.60457	0.60459			6
2026.02.11	02:41:33.506		0.60458			4
2026.02.11	02:41:34.126		0.60459			4
2026.02.11	02:41:36.260		0.60460			4
2026.02.11	02:41:39.098		0.60459			4
2026.02.11	02:41:41.770		0.60460			4
2026.02.11	02:41:42.742	0.60454	0.60457			6
2026.02.11	02:41:43.044	0.60455				2
2026.02.11	02:41:45.799		0.60458			4
2026.02.11	02:41:46.177		0.60457			4
2026.02.11	02:41:50.816	0.60456				2
2026.02.11	02:41:51.119	0.60454				2
2026.02.11	02:41:52.542	0.60452	0.60453			6
2026.02.11	02:41:52.845	0.60449	0.60451			6
2026.02.11	02:41:58.392		0.60452			4
2026.02.11	02:41:59.346		0.60451			4
2026.02.11	02:41:59.694	0.60448				2
2026.02.11	02:42:00.086	0.60448	0.60450			6
2026.02.11	02:42:00.701	0.60446	0.60448			6
2026.02.11	02:42:01.701	0.60447	0.60449			6
2026.02.11	02:42:02.003	0.60446				2
2026.02.11	02:42:03.534	0.60447	0.60448			6
2026.02.11	02:42:03.864	0.60443	0.60446			6
2026.02.11	02:42:04.207	0.60442				2
2026.02.11	02:42:05.774	0.60441	0.60445			6
2026.02.11	02:42:07.727		0.60444			4
2026.02.11	02:42:10.027		0.60445			4
2026.02.11	02:42:12.427	0.60442				2
2026.02.11	02:42:13.941		0.60444			4
2026.02.11	02:42:16.049		0.60445			4
2026.02.11	02:42:16.999		0.60444			4
2026.02.11	02:42:17.348	0.60441				2
2026.02.11	02:42:18.725	0.60442				2
2026.02.11	02:42:19.032		0.60445			4
2026.02.11	02:42:22.680	0.60438	0.60441			6
2026.02.11	02:42:34.564	0.60439	0.60442			6
2026.02.11	02:42:36.482	0.60442	0.60446			6
2026.02.11	02:42:41.590	0.60443				2
2026.02.11	02:42:50.957	0.60442				2
2026.02.11	02:42:59.104		0.60445			4
2026.02.11	02:42:59.408	0.60441				2
2026.02.11	02:42:59.723	0.60438	0.60440			6
2026.02.11	02:43:00.062	0.60437				2
2026.02.11	02:43:15.488	0.60441	0.60442			6
2026.02.11	02:43:15.799	0.60440				2
2026.02.11	02:43:16.594		0.60444			4
2026.02.11	02:43:21.443	0.60441				2
2026.02.11	02:43:30.129	0.60440				2
2026.02.11	02:43:31.882	0.60441				2
2026.02.11	02:43:32.854		0.60445			4
2026.02.11	02:43:33.246		0.60444			4
2026.02.11	02:43:40.026		0.60445			4
2026.02.11	02:43:40.676	0.60442				2
2026.02.11	02:43:41.976		0.60446			4
2026.02.11	02:43:46.075	0.60443				2
2026.02.11	02:43:51.390		0.60447			4
2026.02.11	02:44:00.215	0.60443				2
2026.02.11	02:44:00.564	0.60444				2
2026.02.11	02:44:01.524		0.60446			4
2026.02.11	02:44:05.687	0.60448	0.60451			6
2026.02.11	02:44:07.966	0.60451	0.60453			6
2026.02.11	02:44:08.293	0.60450				2
2026.02.11	02:44:08.947		0.60454			4
2026.02.11	02:44:18.960	0.60448	0.60452			6
2026.02.11	02:44:23.657		0.60451			4
2026.02.11	02:44:29.273	0.60447				2
2026.02.11	02:44:32.490	0.60449				2
2026.02.11	02:44:32.806	0.60445	0.60448			6
2026.02.11	02:44:34.737	0.60447	0.60450			6
2026.02.11	02:44:35.670	0.60445	0.60448			6
2026.02.11	02:44:45.100		0.60449			4
2026.02.11	02:44:45.406	0.60448	0.60451			6
2026.02.11	02:44:49.424	0.60449	0.60452			6
2026.02.11	02:44:51.383		0.60453			4
2026.02.11	02:44:51.686	0.60450				2
2026.02.11	02:44:58.489	0.60448	0.60451			6
2026.02.11	02:44:59.110	0.60447				2
2026.02.11	02:45:00.313	0.60448				2
2026.02.11	02:45:06.294	0.60451	0.60454			6
2026.02.11	02:45:06.632	0.60452				2
2026.02.11	02:45:06.980	0.60451				2
2026.02.11	02:45:12.654		0.60453			4
2026.02.11	02:45:13.306		0.60454			4
2026.02.11	02:45:14.914	0.60452	0.60455			6
2026.02.11	02:45:15.262	0.60451				2
2026.02.11	02:45:15.567	0.60452				2
2026.02.11	02:45:18.125	0.60451	0.60454			6
2026.02.11	02:45:24.952	0.60452				2
2026.02.11	02:45:27.303		0.60455			4
2026.02.11	02:45:30.758	0.60456	0.60458			6
2026.02.11	02:45:31.066	0.60458	0.60461			6
2026.02.11	02:45:32.024	0.60460	0.60462			6
2026.02.11	02:45:32.330	0.60462	0.60464			6
2026.02.11	02:45:32.657	0.60461				2
2026.02.11	02:45:33.008	0.60458	0.60460			6
2026.02.11	02:45:33.325	0.60459	0.60462			6
2026.02.11	02:45:33.632	0.60460	0.60464			6
2026.02.11	02:45:33.977		0.60462			4
2026.02.11	02:45:34.983	0.60459				2
2026.02.11	02:45:36.445	0.60458	0.60461			6
2026.02.11	02:45:40.569		0.60462			4
2026.02.11	02:45:53.745	0.60459				2
2026.02.11	02:45:55.377	0.60458				2
2026.02.11	02:45:57.958	0.60457	0.60461			6
2026.02.11	02:46:00.167	0.60457				2
2026.02.11	02:46:01.774	0.60455	0.60459			6
2026.02.11	02:46:02.076	0.60454	0.60458			6
2026.02.11	02:46:03.121	0.60455	0.60459			6
2026.02.11	02:46:07.688	0.60454	0.60458			6
2026.02.11	02:46:10.301	0.60455	0.60459			6
2026.02.11	02:46:10.703	0.60454	0.60458			6
2026.02.11	02:46:11.704	0.60452	0.60456			6
2026.02.11	02:46:12.008	0.60450	0.60454			6
2026.02.11	02:46:13.308	0.60451	0.60455			6
2026.02.11	02:46:13.933	0.60452	0.60456			6
2026.02.11	02:46:14.262	0.60451	0.60455			6
2026.02.11	02:46:16.174	0.60452	0.60456			6
2026.02.11	02:46:17.177	0.60451	0.60455			6
2026.02.11	02:46:24.860	0.60452	0.60456			6
2026.02.11	02:46:31.433	0.60451	0.60455			6
2026.02.11	02:46:33.995	0.60452	0.60456			6
2026.02.11	02:46:40.521	0.60450	0.60454			6
2026.02.11	02:46:41.157	0.60448	0.60452			6
2026.02.11	02:46:41.631	0.60449	0.60453			6
2026.02.11	02:46:41.978	0.60448	0.60452			6
2026.02.11	02:46:44.540	0.60450	0.60453			6
2026.02.11	02:46:45.189	0.60451	0.60455			6
2026.02.11	02:46:45.492	0.60452	0.60456			6
2026.02.11	02:46:51.758	0.60453	0.60457			6
2026.02.11	02:46:54.067	0.60452	0.60456			6
2026.02.11	02:46:55.721	0.60453	0.60457			6
2026.02.11	02:46:57.075	0.60452	0.60456			6
2026.02.11	02:46:57.775	0.60453	0.60457			6
2026.02.11	02:46:58.427	0.60452	0.60456			6
2026.02.11	02:47:00.076	0.60451	0.60454			6
2026.02.11	02:47:01.860	0.60452	0.60455			6
2026.02.11	02:47:02.189	0.60450	0.60454			6
2026.02.11	02:47:02.505		0.60453			4
2026.02.11	02:47:02.839	0.60451	0.60455			6
2026.02.11	02:47:03.166	0.60452	0.60456			6
2026.02.11	02:47:12.599		0.60455			4
2026.02.11	02:47:15.181	0.60451				2
2026.02.11	02:47:20.753	0.60452	0.60456			6
2026.02.11	02:47:23.965	0.60451	0.60455			6
2026.02.11	02:47:24.269	0.60450	0.60454			6
2026.02.11	02:47:24.923	0.60451				2
2026.02.11	02:47:25.575	0.60450	0.60453			6
2026.02.11	02:47:28.238		0.60454			4
2026.02.11	02:47:31.647	0.60452				2
2026.02.11	02:47:33.394	0.60450				2
2026.02.11	02:47:34.012	0.60451				2
2026.02.11	02:47:34.952	0.60450				2
2026.02.11	02:47:35.603	0.60449	0.60453			6
2026.02.11	02:47:40.921	0.60450	0.60454			6
2026.02.11	02:47:48.650	0.60449	0.60453			6
2026.02.11	02:47:49.304		0.60452			4
2026.02.11	02:47:49.957		0.60453			4
2026.02.11	02:47:54.521	0.60448	0.60452			6
2026.02.11	02:48:00.045	0.60448				2
2026.02.11	02:48:01.956	0.60450	0.60454			6
2026.02.11	02:48:02.657	0.60449	0.60453			6
2026.02.11	02:48:05.013	0.60448	0.60452			6
2026.02.11	02:48:05.316	0.60450	0.60454			6
2026.02.11	02:48:07.369	0.60449	0.60453			6
2026.02.11	02:48:08.988	0.60448	0.60452			6
2026.02.11	02:48:10.245	0.60450	0.60454			6
2026.02.11	02:48:11.975		0.60453			4
2026.02.11	02:48:12.610	0.60449				2
2026.02.11	02:48:14.698	0.60448	0.60452			6
2026.02.11	02:48:15.003	0.60447	0.60451			6
2026.02.11	02:48:15.308	0.60448	0.60452			6
2026.02.11	02:48:16.960	0.60447	0.60451			6
2026.02.11	02:48:17.265	0.60448	0.60452			6
2026.02.11	02:48:17.914	0.60450	0.60454			6
2026.02.11	02:48:30.486	0.60449	0.60453			6
2026.02.11	02:48:33.147	0.60450	0.60454			6
2026.02.11	02:48:41.405	0.60451				2
2026.02.11	02:48:47.951	0.60455	0.60456			6
2026.02.11	02:48:48.254		0.60458			4
2026.02.11	02:48:49.203		0.60459			4
2026.02.11	02:48:52.666	0.60458	0.60462			6
2026.02.11	02:48:55.350	0.60459	0.60463			6
2026.02.11	02:48:57.006	0.60458	0.60462			6
2026.02.11	02:48:58.662	0.60459	0.60463			6
2026.02.11	02:48:58.965	0.60458	0.60462			6
2026.02.11	02:49:00.270	0.60458				2
2026.02.11	02:49:08.196	0.60456	0.60459			6
2026.02.11	02:49:08.500	0.60457	0.60461			6
2026.02.11	02:49:10.407	0.60458	0.60462			6
2026.02.11	02:49:13.967		0.60461			4
2026.02.11	02:49:17.229	0.60459	0.60462			6
2026.02.11	02:49:19.186		0.60463			4
2026.02.11	02:49:24.897	0.60458	0.60462			6
2026.02.11	02:49:29.898	0.60459	0.60463			6
2026.02.11	02:49:37.080		0.60462			4
2026.02.11	02:49:37.389	0.60460	0.60463			6
2026.02.11	02:49:38.637	0.60464	0.60467			6
2026.02.11	02:49:38.941	0.60463	0.60466			6
2026.02.11	02:49:39.258		0.60467			4
2026.02.11	02:49:39.587		0.60466			4
2026.02.11	02:49:40.588		0.60467			4
2026.02.11	02:49:40.893	0.60462	0.60466			6
2026.02.11	02:49:41.236	0.60463				2
2026.02.11	02:49:41.893	0.60462				2
2026.02.11	02:49:43.198	0.60463				2
2026.02.11	02:49:45.153	0.60462				2
2026.02.11	02:49:45.457	0.60463				2
2026.02.11	02:49:46.493	0.60462				2
2026.02.11	02:49:47.055	0.60463				2
2026.02.11	02:49:55.498	0.60462	0.60465			6
2026.02.11	02:49:58.314	0.60463				2
2026.02.11	02:49:58.626		0.60466			4
2026.02.11	02:50:00.202	0.60462	0.60465			6
2026.02.11	02:50:01.154	0.60463				2
2026.02.11	02:50:01.773	0.60462				2
2026.02.11	02:50:09.946	0.60463	0.60466			6
2026.02.11	02:50:10.881	0.60462	0.60465			6
2026.02.11	02:50:12.138	0.60463	0.60466			6
2026.02.11	02:50:14.648	0.60462	0.60465			6
2026.02.11	02:50:16.868	0.60463	0.60466			6
2026.02.11	02:50:24.780	0.60464	0.60467			6
2026.02.11	02:50:25.098	0.60467	0.60469			6
2026.02.11	02:50:25.403		0.60470			4
2026.02.11	02:50:26.349	0.60468	0.60471			6
2026.02.11	02:50:26.782	0.60467				2
2026.02.11	02:50:29.092	0.60468				2
2026.02.11	02:50:30.364	0.60467	0.60470			6
2026.02.11	02:50:30.996	0.60468	0.60471			6
2026.02.11	02:50:31.950	0.60467	0.60470			6
2026.02.11	02:50:33.528	0.60468	0.60471			6
2026.02.11	02:50:38.067	0.60467	0.60470			6
2026.02.11	02:50:55.605	0.60468	0.60471			6
2026.02.11	02:50:58.179	0.60467	0.60470			6
2026.02.11	02:51:00.139	0.60467				2
2026.02.11	02:51:01.787		0.60469			4
2026.02.11	02:51:02.106	0.60462	0.60465			6
2026.02.11	02:51:02.740	0.60463	0.60466			6
2026.02.11	02:51:12.377	0.60467	0.60468			6
2026.02.11	02:51:12.681		0.60470			4
2026.02.11	02:51:12.983	0.60468	0.60471			6
2026.02.11	02:51:13.333	0.60467				2
2026.02.11	02:51:14.033	0.60468	0.60472			6
2026.02.11	02:51:14.991	0.60467	0.60471			6
2026.02.11	02:51:22.119	0.60468	0.60472			6
2026.02.11	02:51:30.787	0.60469				2
2026.02.11	02:51:33.165		0.60471			4
2026.02.11	02:51:34.154		0.60472			4
2026.02.11	02:51:35.186		0.60471			4
2026.02.11	02:51:35.491	0.60468				2
2026.02.11	02:51:36.113	0.60469				2
2026.02.11	02:51:37.771	0.60468				2
2026.02.11	02:51:41.332	0.60469	0.60472			6
2026.02.11	02:51:42.376		0.60471			4
2026.02.11	02:51:44.258	0.60468				2
2026.02.11	02:51:45.209	0.60469				2
2026.02.11	02:51:49.700	0.60470				2
2026.02.11	02:51:50.004	0.60472	0.60475			6
2026.02.11	02:51:51.656		0.60476			4
2026.02.11	02:51:52.264	0.60473	0.60477			6
2026.02.11	02:51:52.613	0.60472	0.60476			6
2026.02.11	02:51:52.964	0.60473	0.60477			6
2026.02.11	02:51:53.266	0.60472	0.60476			6
2026.02.11	02:51:53.597	0.60473				2
2026.02.11	02:51:53.901	0.60472				2
2026.02.11	02:51:54.917	0.60473				2
2026.02.11	02:51:55.230	0.60472				2
2026.02.11	02:52:00.187	0.60472				2
2026.02.11	02:52:01.146	0.60473				2
2026.02.11	02:52:01.457	0.60474	0.60477			6
2026.02.11	02:52:02.448		0.60476			4
2026.02.11	02:52:02.759	0.60472				2
2026.02.11	02:52:03.100	0.60473	0.60477			6
2026.02.11	02:52:03.452	0.60474	0.60476			6
2026.02.11	02:52:05.365	0.60473				2
2026.02.11	02:52:22.926	0.60472	0.60475			6
2026.02.11	02:52:25.533	0.60473	0.60476			6
2026.02.11	02:52:31.529	0.60474				2
2026.02.11	02:52:32.803	0.60473				2
2026.02.11	02:52:33.105	0.60474				2
2026.02.11	02:52:33.454	0.60473				2
2026.02.11	02:52:41.335	0.60474				2
2026.02.11	02:52:43.641	0.60473				2
2026.02.11	02:52:44.293		0.60475			4
2026.02.11	02:52:48.360	0.60474				2
2026.02.11	02:52:48.663	0.60473				2
2026.02.11	02:52:51.773	0.60474				2
2026.02.11	02:52:55.810		0.60476			4
2026.02.11	02:52:56.141		0.60475			4
2026.02.11	02:52:57.413	0.60475	0.60476			6
2026.02.11	02:52:57.714	0.60474				2
2026.02.11	02:53:00.220	0.60474	0.60475			6
2026.02.11	02:53:00.524		0.60476			4
2026.02.11	02:53:03.990		0.60475			4
2026.02.11	02:53:04.622		0.60476			4
2026.02.11	02:53:08.706	0.60473	0.60475			6
2026.02.11	02:53:09.027	0.60475	0.60477			6
2026.02.11	02:53:09.336	0.60474	0.60476			6
2026.02.11	02:53:11.212	0.60475	0.60477			6
2026.02.11	02:53:11.538	0.60476	0.60478			6
2026.02.11	02:53:13.398	0.60478	0.60480			6
2026.02.11	02:53:24.448	0.60479	0.60481			6
2026.02.11	02:53:27.862		0.60480			4
2026.02.11	02:53:28.188	0.60480	0.60482			6
2026.02.11	02:53:38.175	0.60479	0.60481			6
2026.02.11	02:53:45.723	0.60481	0.60483			6
2026.02.11	02:53:46.039	0.60483	0.60485			6
2026.02.11	02:53:47.299		0.60486			4
2026.02.11	02:53:48.605	0.60481	0.60484			6
2026.02.11	02:53:48.951	0.60482				2
2026.02.11	02:53:49.254		0.60485			4
2026.02.11	02:53:51.579	0.60483	0.60486			6
2026.02.11	02:53:53.515	0.60484	0.60487			6
2026.02.11	02:53:54.134	0.60485	0.60488			6
2026.02.11	02:53:54.472	0.60486	0.60489			6
2026.02.11	02:53:58.691	0.60482	0.60485			6
2026.02.11	02:53:58.999	0.60483	0.60486			6
2026.02.11	02:54:00.275	0.60482	0.60485			6
2026.02.11	02:54:00.580	0.60480	0.60484			6
2026.02.11	02:54:00.890	0.60479	0.60483			6
2026.02.11	02:54:01.197	0.60480	0.60484			6
2026.02.11	02:54:03.808	0.60479	0.60483			6
2026.02.11	02:54:04.110	0.60480	0.60484			6
2026.02.11	02:54:05.417	0.60482	0.60485			6
2026.02.11	02:54:05.722		0.60486			4
2026.02.11	02:54:07.976	0.60478	0.60482			6
2026.02.11	02:54:08.300	0.60479				2
2026.02.11	02:54:09.232	0.60478				2
2026.02.11	02:54:14.946	0.60473	0.60477			6
2026.02.11	02:54:15.947	0.60476				2
2026.02.11	02:54:16.259	0.60475				2
2026.02.11	02:54:18.461		0.60478			4
2026.02.11	02:54:18.859		0.60477			4
2026.02.11	02:54:22.102	0.60476				2
2026.02.11	02:54:22.424	0.60475	0.60478			6
2026.02.11	02:54:23.378	0.60477	0.60481			6
2026.02.11	02:54:24.430	0.60478				2
2026.02.11	02:54:24.732	0.60477				2
2026.02.11	02:54:25.034	0.60478				2
2026.02.11	02:54:25.384	0.60477				2
2026.02.11	02:54:25.687	0.60478				2
2026.02.11	02:54:29.649	0.60477				2
2026.02.11	02:54:29.999	0.60478				2
2026.02.11	02:54:31.304		0.60482			4
2026.02.11	02:54:34.568		0.60481			4
2026.02.11	02:54:35.617		0.60482			4
2026.02.11	02:54:35.921		0.60481			4
2026.02.11	02:54:36.574		0.60482			4
2026.02.11	02:54:36.877		0.60481			4
2026.02.11	02:54:37.226		0.60482			4
2026.02.11	02:54:37.927	0.60477	0.60481			6
2026.02.11	02:54:38.229	0.60478				2
2026.02.11	02:54:40.236		0.60482			4
2026.02.11	02:54:40.546		0.60481			4
2026.02.11	02:54:40.871		0.60482			4
2026.02.11	02:54:42.442		0.60481			4
2026.02.11	02:54:43.443		0.60482			4
2026.02.11	02:54:46.766		0.60481			4
2026.02.11	02:54:47.077		0.60482			4
2026.02.11	02:54:47.380	0.60477	0.60481			6
2026.02.11	02:54:50.010		0.60480			4
2026.02.11	02:54:50.667		0.60481			4
2026.02.11	02:54:51.702		0.60480			4
2026.02.11	02:54:53.441		0.60481			4
2026.02.11	02:55:00.281	0.60477				2
2026.02.11	02:55:04.501	0.60478				2
2026.02.11	02:55:05.472	0.60477				2
2026.02.11	02:55:07.170	0.60478	0.60482			6
2026.02.11	02:55:07.482		0.60481			4
2026.02.11	02:55:07.830		0.60482			4
2026.02.11	02:55:10.793	0.60477	0.60481			6
2026.02.11	02:55:11.794	0.60479				2
2026.02.11	02:55:12.101	0.60478				2
2026.02.11	02:55:12.449		0.60482			4
2026.02.11	02:55:15.418		0.60481			4
2026.02.11	02:55:17.023		0.60482			4
2026.02.11	02:55:17.363	0.60477	0.60481			6
2026.02.11	02:55:18.978		0.60480			4
2026.02.11	02:55:19.299		0.60481			4
2026.02.11	02:55:23.893	0.60478				2
2026.02.11	02:55:33.078	0.60479	0.60482			6
2026.02.11	02:55:33.395	0.60478	0.60481			6
2026.02.11	02:55:38.659	0.60477	0.60480			6
2026.02.11	02:55:39.293	0.60478	0.60481			6
2026.02.11	02:55:51.837	0.60477	0.60480			6
2026.02.11	02:55:52.187	0.60478	0.60481			6
2026.02.11	02:55:52.488	0.60477	0.60480			6
2026.02.11	02:56:00.063	0.60477	0.60479			6
2026.02.11	02:56:00.380	0.60472	0.60475			6
2026.02.11	02:56:00.689	0.60473	0.60476			6
2026.02.11	02:56:06.529		0.60477			4
2026.02.11	02:56:10.949	0.60472	0.60476			6
2026.02.11	02:56:12.603	0.60474	0.60478			6
2026.02.11	02:56:13.367	0.60477	0.60480			6
2026.02.11	02:56:13.702		0.60481			4
2026.02.11	02:56:15.523		0.60480			4
2026.02.11	02:56:15.894	0.60478				2
2026.02.11	02:56:16.514		0.60481			4
2026.02.11	02:56:17.170	0.60477	0.60480			6
2026.02.11	02:56:24.137	0.60478				2
2026.02.11	02:56:29.056	0.60473	0.60476			6
2026.02.11	02:56:30.007	0.60474				2
2026.02.11	02:56:31.914	0.60473				2
2026.02.11	02:56:34.524		0.60477			4
2026.02.11	02:56:42.054	0.60474				2
2026.02.11	02:56:48.195	0.60473				2
2026.02.11	02:56:48.758	0.60474	0.60476			6
2026.02.11	02:56:49.061		0.60477			4
2026.02.11	02:56:53.630	0.60473				2
2026.02.11	02:56:56.256		0.60476			4
2026.02.11	02:56:56.600	0.60472				2
2026.02.11	02:56:58.516	0.60467	0.60471			6
2026.02.11	02:56:58.841	0.60468				2
2026.02.11	02:57:00.156	0.60468				2
2026.02.11	02:57:00.891	0.60469				2
2026.02.11	02:57:01.211	0.60468	0.60472			6
2026.02.11	02:57:01.567	0.60469	0.60471			6
2026.02.11	02:57:01.911	0.60467				2
2026.02.11	02:57:02.216	0.60468	0.60472			6
2026.02.11	02:57:02.867	0.60469				2
2026.02.11	02:57:04.421	0.60468				2
2026.02.11	02:57:04.822		0.60471			4
2026.02.11	02:57:06.080		0.60472			4
2026.02.11	02:57:07.159	0.60469				2
2026.02.11	02:57:10.052	0.60470				2
2026.02.11	02:57:10.358	0.60469				2
2026.02.11	02:57:10.764	0.60470				2
2026.02.11	02:57:11.084	0.60472	0.60475			6
2026.02.11	02:57:11.394	0.60473	0.60476			6
2026.02.11	02:57:14.802	0.60474				2
2026.02.11	02:57:15.408	0.60472	0.60475			6
2026.02.11	02:57:17.055		0.60476			4
2026.02.11	02:57:20.368	0.60469	0.60472			6
2026.02.11	02:57:22.940	0.60468				2
2026.02.11	02:57:23.262	0.60469				2
2026.02.11	02:57:24.909	0.60468				2
2026.02.11	02:57:25.532	0.60469	0.60473			6
2026.02.11	02:57:26.580		0.60472			4
2026.02.11	02:57:27.188	0.60468				2
2026.02.11	02:57:27.502	0.60469	0.60473			6
2026.02.11	02:57:28.104		0.60472			4
2026.02.11	02:57:28.435		0.60473			4
2026.02.11	02:57:32.853	0.60468	0.60472			6
2026.02.11	02:57:37.769	0.60469				2
2026.02.11	02:57:41.335	0.60468				2
2026.02.11	02:57:41.644		0.60471			4
2026.02.11	02:57:41.948	0.60469	0.60472			6
2026.02.11	02:57:42.937	0.60468				2
2026.02.11	02:57:43.572		0.60471			4
2026.02.11	02:57:44.190		0.60472			4
2026.02.11	02:57:45.894	0.60469				2
2026.02.11	02:57:46.198		0.60473			4
2026.02.11	02:57:48.457		0.60472			4
2026.02.11	02:57:48.778	0.60470	0.60474			6
2026.02.11	02:57:49.412	0.60469	0.60472			6
2026.02.11	02:57:54.328	0.60468				2
2026.02.11	02:58:00.088	0.60468				2
2026.02.11	02:58:02.190	0.60467	0.60471			6
2026.02.11	02:58:02.509	0.60468				2
2026.02.11	02:58:03.158	0.60467				2
2026.02.11	02:58:03.907	0.60468				2
2026.02.11	02:58:04.597		0.60472			4
2026.02.11	02:58:04.899		0.60471			4
2026.02.11	02:58:05.516		0.60470			4
2026.02.11	02:58:05.820	0.60467				2
2026.02.11	02:58:06.132		0.60471			4
2026.02.11	02:58:06.439	0.60465	0.60467			6
2026.02.11	02:58:06.961	0.60464				2
2026.02.11	02:58:08.253	0.60463				2
2026.02.11	02:58:08.883		0.60466			4
2026.02.11	02:58:10.229		0.60465			4
2026.02.11	02:58:13.794		0.60466			4
2026.02.11	02:58:14.098	0.60464	0.60467			6
2026.02.11	02:58:14.901	0.60463	0.60466			6
2026.02.11	02:58:15.709	0.60464	0.60467			6
2026.02.11	02:58:19.177	0.60465	0.60468			6
2026.02.11	02:58:19.527	0.60466	0.60469			6
2026.02.11	02:58:20.664	0.60468	0.60470			6
2026.02.11	02:58:29.591	0.60467	0.60471			6
2026.02.11	02:58:29.964	0.60468				2
2026.02.11	02:58:30.599	0.60467				2
2026.02.11	02:58:30.952		0.60470			4
2026.02.11	02:58:31.370	0.60466	0.60468			6
2026.02.11	02:58:33.053	0.60462	0.60465			6
2026.02.11	02:58:38.399	0.60459	0.60461			6
2026.02.11	02:58:38.701	0.60457	0.60460			6
2026.02.11	02:58:40.030		0.60461			4
2026.02.11	02:58:40.381	0.60458				2
2026.02.11	02:58:40.694		0.60462			4
2026.02.11	02:58:42.670	0.60457	0.60461			6
2026.02.11	02:58:43.525		0.60460			4
2026.02.11	02:58:46.578	0.60458				2
2026.02.11	02:58:46.898	0.60457				2
2026.02.11	02:58:47.427	0.60458				2
2026.02.11	02:58:47.756	0.60457				2
2026.02.11	02:59:00.351	0.60449	0.60451			6
2026.02.11	02:59:00.659	0.60448				2
2026.02.11	02:59:03.298	0.60447				2
2026.02.11	02:59:12.222		0.60450			4
2026.02.11	02:59:13.342	0.60448	0.60451			6
2026.02.11	02:59:18.701	0.60447				2
2026.02.11	02:59:19.030	0.60448				2
2026.02.11	02:59:19.345	0.60447				2
2026.02.11	02:59:19.691	0.60448				2
2026.02.11	02:59:19.997	0.60447				2
2026.02.11	02:59:20.801	0.60448				2
2026.02.11	02:59:24.005	0.60447				2
2026.02.11	02:59:24.313	0.60448				2
2026.02.11	02:59:24.918	0.60447				2
2026.02.11	02:59:25.331	0.60448				2
2026.02.11	02:59:27.930	0.60449				2
2026.02.11	02:59:28.237	0.60448				2
2026.02.11	02:59:28.885	0.60447				2
2026.02.11	02:59:29.499	0.60448				2
2026.02.11	02:59:30.161	0.60447				2
2026.02.11	02:59:31.443		0.60450			4
2026.02.11	02:59:34.659	0.60448				2
2026.02.11	02:59:34.969	0.60447				2
2026.02.11	02:59:37.523	0.60448				2
2026.02.11	02:59:38.487	0.60447				2
2026.02.11	02:59:39.992	0.60448				2
2026.02.11	02:59:40.331	0.60447				2
2026.02.11	02:59:40.635	0.60448				2
2026.02.11	02:59:41.632	0.60447				2
2026.02.11	02:59:43.991	0.60448				2
2026.02.11	02:59:44.294		0.60451			4
2026.02.11	02:59:45.902	0.60451	0.60454			6
2026.02.11	02:59:46.519		0.60455			4
2026.02.11	02:59:47.019	0.60450	0.60453			6
2026.02.11	02:59:47.373		0.60454			4
2026.02.11	02:59:48.058		0.60453			4
2026.02.11	02:59:48.390		0.60454			4
2026.02.11	02:59:49.315	0.60452	0.60456			6
2026.02.11	02:59:49.660		0.60455			4
2026.02.11	02:59:51.148		0.60456			4
2026.02.11	02:59:53.526		0.60455			4
2026.02.11	02:59:55.016	0.60451				2
2026.02.11	02:59:55.333	0.60452				2
2026.02.11	02:59:59.788	0.60451	0.60454			6
2026.02.11	03:00:00.099	0.60451				2
2026.02.11	03:00:01.043		0.60453			4
2026.02.11	03:00:01.697	0.60447	0.60450			6
2026.02.11	03:00:03.293	0.60449	0.60452			6
2026.02.11	03:00:03.601		0.60451			4
2026.02.11	03:00:03.952	0.60448				2
2026.02.11	03:00:04.258	0.60446	0.60449			6
2026.02.11	03:00:04.598	0.60447				2
2026.02.11	03:00:05.253		0.60450			4
2026.02.11	03:00:05.566		0.60449			4
2026.02.11	03:00:06.254		0.60450			4
2026.02.11	03:00:06.558	0.60446				2
2026.02.11	03:00:06.954	0.60447				2
2026.02.11	03:00:08.473		0.60451			4
2026.02.11	03:00:11.387		0.60450			4
2026.02.11	03:00:13.332		0.60451			4
2026.02.11	03:00:15.254	0.60448				2
2026.02.11	03:00:15.590	0.60447	0.60450			6
2026.02.11	03:00:16.219		0.60451			4
2026.02.11	03:00:17.091	0.60448				2
2026.02.11	03:00:21.661	0.60449	0.60452			6
2026.02.11	03:00:21.964	0.60450	0.60453			6
2026.02.11	03:00:22.310	0.60453	0.60456			6
2026.02.11	03:00:22.963	0.60455	0.60458			6
2026.02.11	03:00:23.614	0.60456	0.60459			6
2026.02.11	03:00:24.266	0.60455	0.60458			6
2026.02.11	03:00:26.127		0.60457			4
2026.02.11	03:00:26.440	0.60451	0.60454			6
2026.02.11	03:00:26.756	0.60452	0.60455			6
2026.02.11	03:00:27.386		0.60456			4
2026.02.11	03:00:29.631	0.60453				2
2026.02.11	03:00:29.934	0.60452				2
2026.02.11	03:00:30.317	0.60453				2
2026.02.11	03:00:30.764	0.60454	0.60457			6
2026.02.11	03:00:31.767	0.60453	0.60456			6
2026.02.11	03:00:33.462	0.60454	0.60458			6
2026.02.11	03:00:34.651		0.60457			4
2026.02.11	03:00:35.490	0.60456	0.60459			6
2026.02.11	03:00:36.715	0.60455				2
2026.02.11	03:00:37.368	0.60456				2
2026.02.11	03:00:37.720		0.60460			4
2026.02.11	03:00:39.487	0.60458	0.60461			6
2026.02.11	03:00:39.814	0.60460	0.60463			6
2026.02.11	03:00:40.477	0.60459	0.60461			6
2026.02.11	03:00:40.786	0.60458				2
2026.02.11	03:00:41.781		0.60462			4
2026.02.11	03:00:43.090		0.60461			4
2026.02.11	03:00:51.816	0.60456	0.60460			6
2026.02.11	03:00:52.162	0.60457				2
2026.02.11	03:00:55.738	0.60456	0.60458			6
2026.02.11	03:00:57.106	0.60458	0.60461			6
2026.02.11	03:00:59.277	0.60459				2
2026.02.11	03:00:59.583		0.60462			4
2026.02.11	03:01:00.246	0.60463	0.60466			6
2026.02.11	03:01:01.503		0.60467			4
2026.02.11	03:01:02.052		0.60465			4
2026.02.11	03:01:02.359	0.60462				2
2026.02.11	03:01:05.148	0.60461	0.60463			6
2026.02.11	03:01:08.178	0.60459	0.60460			6
2026.02.11	03:01:08.482	0.60455	0.60458			6
2026.02.11	03:01:09.529		0.60459			4
2026.02.11	03:01:10.972	0.60456	0.60460			6
2026.02.11	03:01:11.347	0.60457	0.60461			6
2026.02.11	03:01:11.686	0.60456	0.60460			6
2026.02.11	03:01:11.999	0.60457				2
2026.02.11	03:01:13.645	0.60456				2
2026.02.11	03:01:14.296	0.60457				2
2026.02.11	03:01:14.947		0.60459			4
2026.02.11	03:01:15.599		0.60460			4
2026.02.11	03:01:17.510		0.60461			4
2026.02.11	03:01:17.813	0.60458				2
2026.02.11	03:01:18.160	0.60457				2
2026.02.11	03:01:18.622	0.60458				2
2026.02.11	03:01:19.614	0.60457				2
2026.02.11	03:01:20.262	0.60458				2
2026.02.11	03:01:20.873		0.60462			4
2026.02.11	03:01:21.847	0.60459				2
2026.02.11	03:01:22.855		0.60463			4
2026.02.11	03:01:24.594	0.60463	0.60466			6
2026.02.11	03:01:24.901	0.60462	0.60465			6
2026.02.11	03:01:25.205	0.60463	0.60467			6
2026.02.11	03:01:25.548	0.60467	0.60471			6
2026.02.11	03:01:25.867	0.60468				2
2026.02.11	03:01:27.199	0.60467				2
2026.02.11	03:01:28.145	0.60468				2
2026.02.11	03:01:28.476	0.60467				2
2026.02.11	03:01:28.798	0.60468				2
2026.02.11	03:01:29.148	0.60467				2
2026.02.11	03:01:29.822	0.60468				2
2026.02.11	03:01:30.177	0.60469	0.60472			6
2026.02.11	03:01:30.479	0.60468				2
2026.02.11	03:01:30.967	0.60469				2
2026.02.11	03:01:31.303	0.60473	0.60474			6
2026.02.11	03:01:31.607		0.60477			4
2026.02.11	03:01:32.236	0.60474	0.60476			6
2026.02.11	03:01:32.544	0.60473				2
2026.02.11	03:01:35.436	0.60476	0.60479			6
2026.02.11	03:01:38.426		0.60480			4
2026.02.11	03:01:38.822	0.60477				2
2026.02.11	03:01:40.784	0.60475	0.60479			6
2026.02.11	03:01:41.236		0.60478			4
2026.02.11	03:01:41.573		0.60479			4
2026.02.11	03:01:44.234		0.60478			4
2026.02.11	03:01:44.840	0.60476				2
2026.02.11	03:01:45.142		0.60479			4
2026.02.11	03:01:45.492		0.60480			4
2026.02.11	03:01:46.546		0.60479			4
2026.02.11	03:01:52.169		0.60480			4
2026.02.11	03:01:53.176	0.60477				2
2026.02.11	03:01:53.643	0.60476				2
2026.02.11	03:01:54.949		0.60479			4
2026.02.11	03:01:56.236		0.60480			4
2026.02.11	03:01:56.656	0.60475	0.60479			6
2026.02.11	03:01:57.945	0.60472	0.60476			6
2026.02.11	03:01:58.264	0.60473				2
2026.02.11	03:01:58.596	0.60475	0.60478			6
2026.02.11	03:01:58.910	0.60476	0.60480			6
2026.02.11	03:01:59.246	0.60477				2
2026.02.11	03:02:00.287	0.60479	0.60481			6
2026.02.11	03:02:00.599		0.60482			4
2026.02.11	03:02:00.934	0.60478	0.60480			6
2026.02.11	03:02:03.755	0.60480	0.60483			6
2026.02.11	03:02:06.094	0.60479	0.60481			6
2026.02.11	03:02:06.409		0.60480			4
2026.02.11	03:02:07.892	0.60475	0.60477			6
2026.02.11	03:02:08.200	0.60476	0.60478			6
2026.02.11	03:02:08.508	0.60479	0.60480			6
2026.02.11	03:02:09.341	0.60478				2
2026.02.11	03:02:11.387	0.60477	0.60479			6
2026.02.11	03:02:11.690	0.60476				2
2026.02.11	03:02:13.284	0.60475	0.60478			6
2026.02.11	03:02:13.591	0.60476	0.60479			6
2026.02.11	03:02:13.905	0.60478	0.60482			6
2026.02.11	03:02:14.225	0.60479				2
2026.02.11	03:02:14.987	0.60478				2
2026.02.11	03:02:15.607		0.60481			4
2026.02.11	03:02:18.472		0.60482			4
2026.02.11	03:02:21.583		0.60481			4
2026.02.11	03:02:22.636	0.60475	0.60479			6
2026.02.11	03:02:22.990		0.60478			4
2026.02.11	03:02:24.040	0.60476	0.60479			6
2026.02.11	03:02:26.943	0.60474	0.60477			6
2026.02.11	03:02:27.246	0.60473				2
2026.02.11	03:02:29.603	0.60474				2
2026.02.11	03:02:30.303	0.60473				2
2026.02.11	03:02:30.608	0.60474	0.60478			6
2026.02.11	03:02:30.960	0.60473	0.60477			6
2026.02.11	03:02:32.264	0.60474	0.60478			6
2026.02.11	03:02:33.264	0.60476	0.60479			6
2026.02.11	03:02:37.582		0.60480			4
2026.02.11	03:02:37.968	0.60478	0.60482			6
2026.02.11	03:02:38.588	0.60479				2
2026.02.11	03:02:38.929	0.60481	0.60484			6
2026.02.11	03:02:39.243	0.60480				2
2026.02.11	03:02:40.783	0.60481				2
2026.02.11	03:02:41.101	0.60482				2
2026.02.11	03:02:41.450	0.60481				2
2026.02.11	03:02:44.051		0.60485			4
2026.02.11	03:02:45.436		0.60484			4
2026.02.11	03:02:47.373	0.60482				2
2026.02.11	03:02:47.683	0.60484	0.60488			6
2026.02.11	03:02:48.116	0.60485				2
2026.02.11	03:02:48.424	0.60484				2
2026.02.11	03:02:48.923	0.60486	0.60489			6
2026.02.11	03:02:49.227		0.60490			4
2026.02.11	03:02:51.034		0.60489			4
2026.02.11	03:02:56.253	0.60484	0.60488			6
2026.02.11	03:02:56.559	0.60483	0.60487			6
2026.02.11	03:02:57.385		0.60486			4
2026.02.11	03:03:00.157	0.60483				2
2026.02.11	03:03:00.592	0.60481	0.60484			6
2026.02.11	03:03:02.179	0.60482	0.60485			6
2026.02.11	03:03:02.824		0.60486			4
2026.02.11	03:03:05.188	0.60483				2
2026.02.11	03:03:05.833	0.60484	0.60487			6
2026.02.11	03:03:06.530	0.60486	0.60489			6
2026.02.11	03:03:08.966		0.60490			4
2026.02.11	03:03:09.270	0.60487				2
2026.02.11	03:03:10.851	0.60486	0.60489			6
2026.02.11	03:03:11.174		0.60490			4
2026.02.11	03:03:13.273	0.60487	0.60491			6
2026.02.11	03:03:13.628		0.60490			4
2026.02.11	03:03:14.309		0.60491			4
2026.02.11	03:03:15.794	0.60486	0.60489			6
2026.02.11	03:03:19.826	0.60487	0.60490			6
2026.02.11	03:03:20.128	0.60489	0.60492			6
2026.02.11	03:03:22.167	0.60491	0.60494			6
2026.02.11	03:03:27.816	0.60490	0.60493			6
2026.02.11	03:03:41.246		0.60494			4
2026.02.11	03:03:42.951		0.60493			4
2026.02.11	03:03:43.299	0.60493	0.60494			6
2026.02.11	03:03:43.602	0.60491	0.60495			6
2026.02.11	03:03:44.406		0.60494			4
2026.02.11	03:03:46.399	0.60493	0.60497			6
2026.02.11	03:03:47.666	0.60495	0.60498			6
2026.02.11	03:03:47.980	0.60494				2
2026.02.11	03:03:49.484		0.60497			4
2026.02.11	03:03:50.706	0.60496	0.60498			6
2026.02.11	03:03:51.248	0.60494				2
2026.02.11	03:03:55.238	0.60498	0.60500			6
2026.02.11	03:03:55.540		0.60502			4
2026.02.11	03:03:55.984	0.60499				2
2026.02.11	03:03:56.842	0.60498				2
2026.02.11	03:03:58.201	0.60499				2
2026.02.11	03:04:00.315	0.60499				2
2026.02.11	03:04:00.818	0.60502	0.60505			6
2026.02.11	03:04:02.085		0.60506			4
2026.02.11	03:04:02.762	0.60503				2
2026.02.11	03:04:05.106	0.60505	0.60509			6
2026.02.11	03:04:05.422	0.60506	0.60510			6
2026.02.11	03:04:06.063		0.60509			4
2026.02.11	03:04:08.931	0.60505				2
2026.02.11	03:04:10.641	0.60504	0.60506			6
2026.02.11	03:04:10.946	0.60503				2
2026.02.11	03:04:17.864	0.60502	0.60505			6
2026.02.11	03:04:18.514	0.60500	0.60504			6
2026.02.11	03:04:19.991	0.60501				2
2026.02.11	03:04:21.324		0.60505			4
2026.02.11	03:04:22.079	0.60502				2
2026.02.11	03:04:22.430	0.60501				2
2026.02.11	03:04:24.098		0.60504			4
2026.02.11	03:04:24.594		0.60503			4
2026.02.11	03:04:30.338	0.60498	0.60501			6
2026.02.11	03:04:31.456		0.60500			4
2026.02.11	03:04:31.760		0.60502			4
2026.02.11	03:04:33.862		0.60501			4
2026.02.11	03:04:35.868		0.60502			4
2026.02.11	03:04:36.869		0.60501			4
2026.02.11	03:04:40.465	0.60497				2
2026.02.11	03:04:43.957	0.60498				2
2026.02.11	03:04:44.600		0.60502			4
2026.02.11	03:04:45.250	0.60500				2
2026.02.11	03:04:45.560	0.60502	0.60505			6
2026.02.11	03:04:45.880	0.60503				2
2026.02.11	03:04:46.837	0.60500	0.60504			6
2026.02.11	03:04:52.681	0.60501	0.60502			6
2026.02.11	03:04:53.333		0.60503			4
2026.02.11	03:04:55.040		0.60504			4
2026.02.11	03:04:56.994	0.60500				2
2026.02.11	03:04:57.654		0.60503			4
2026.02.11	03:04:58.687	0.60501				2
2026.02.11	03:05:00.035	0.60501				2
2026.02.11	03:05:01.934	0.60500	0.60502			6
2026.02.11	03:05:04.605	0.60493	0.60496			6
2026.02.11	03:05:04.914		0.60495			4
2026.02.11	03:05:05.952	0.60495	0.60498			6
2026.02.11	03:05:06.266	0.60498	0.60499			6
2026.02.11	03:05:09.547	0.60497	0.60500			6
2026.02.11	03:05:10.830	0.60496	0.60497			6
2026.02.11	03:05:11.139	0.60495				2
