<DATE>	<TIME>	<BID>	<ASK>	<LAST>	<VOLUME>	<FLAGS>
2026.05.29	00:03:30.228	0.59296	0.59348			6
2026.05.29	00:04:00.034	0.59296				2
2026.05.29	00:04:30.435		0.59348			4
2026.05.29	00:05:00.232	0.59296				2
2026.05.29	00:05:30.632		0.59348			4
2026.05.29	00:06:00.126	0.59296				2
2026.05.29	00:06:30.815		0.59348			4
2026.05.29	00:07:00.020	0.59296				2
2026.05.29	00:07:31.007		0.59348			4
2026.05.29	00:08:00.189	0.59296				2
2026.05.29	00:08:31.182		0.59348			4
2026.05.29	00:09:00.081	0.59296				2
2026.05.29	00:09:05.506		0.59330			4
2026.05.29	00:09:05.808	0.59276				2
2026.05.29	00:09:06.109		0.59328			4
2026.05.29	00:09:09.416		0.59310			4
2026.05.29	00:09:09.715	0.59266				2
2026.05.29	00:09:34.402		0.59313			4
2026.05.29	00:09:34.710	0.59276	0.59326			6
2026.05.29	00:10:00.287	0.59276				2
2026.05.29	00:12:53.843	0.59276	0.59326			6
2026.05.29	00:13:00.138	0.59276				2
2026.05.29	00:13:17.585	0.59274				2
2026.05.29	00:13:18.486	0.59272				2
2026.05.29	00:13:33.520	0.59270				2
2026.05.29	00:13:41.349	0.59268				2
2026.05.29	00:13:53.988		0.59326			4
2026.05.29	00:14:00.016	0.59268				2
2026.05.29	00:14:54.191		0.59326			4
2026.05.29	00:15:00.211	0.59268				2
2026.05.29	00:15:19.774		0.59330			4
2026.05.29	00:15:20.375		0.59326			4
2026.05.29	00:15:35.130		0.59327			4
2026.05.29	00:15:35.430		0.59326			4
2026.05.29	00:15:41.450	0.59269				2
2026.05.29	00:16:00.105	0.59269				2
2026.05.29	00:16:35.628		0.59326			4
2026.05.29	00:17:00.020	0.59269				2
2026.05.29	00:17:35.847		0.59326			4
2026.05.29	00:18:00.201	0.59269				2
2026.05.29	00:18:36.027		0.59326			4
2026.05.29	00:19:00.121	0.59269				2
2026.05.29	00:19:06.742	0.59276				2
2026.05.29	00:19:36.219		0.59326			4
2026.05.29	00:20:00.295	0.59276				2
2026.05.29	00:20:00.594	0.59254	0.59330			6
2026.05.29	00:21:00.171	0.59254				2
2026.05.29	00:21:00.774		0.59330			4
2026.05.29	00:21:44.118		0.59333			4
2026.05.29	00:22:00.061	0.59254				2
2026.05.29	00:22:44.312		0.59333			4
2026.05.29	00:22:51.235	0.59251				2
2026.05.29	00:23:00.260	0.59251				2
2026.05.29	00:23:22.537	0.59255				2
2026.05.29	00:23:30.510	0.59254				2
2026.05.29	00:23:34.714	0.59251				2
2026.05.29	00:23:42.346	0.59268				2
2026.05.29	00:23:42.647	0.59251				2
2026.05.29	00:23:42.948	0.59268				2
2026.05.29	00:23:43.248	0.59251				2
2026.05.29	00:23:43.548	0.59268				2
2026.05.29	00:23:43.848	0.59251				2
2026.05.29	00:23:44.148	0.59268				2
2026.05.29	00:23:44.448	0.59251	0.59333			6
2026.05.29	00:23:44.749	0.59268				2
2026.05.29	00:23:45.049	0.59251				2
2026.05.29	00:23:45.349	0.59268				2
2026.05.29	00:23:45.649	0.59251				2
2026.05.29	00:24:00.093	0.59251				2
2026.05.29	00:24:44.642		0.59333			4
2026.05.29	00:25:00.295	0.59251				2
2026.05.29	00:25:44.851		0.59333			4
2026.05.29	00:26:00.201	0.59251				2
2026.05.29	00:26:45.053		0.59333			4
2026.05.29	00:26:51.074	0.59250				2
2026.05.29	00:27:00.210	0.59250				2
2026.05.29	00:27:47.609		0.59333			4
2026.05.29	00:28:01.110	0.59250				2
2026.05.29	00:28:47.910		0.59333			4
2026.05.29	00:29:01.720	0.59250				2
2026.05.29	00:29:47.941		0.59333			4
2026.05.29	00:29:52.942		0.59332			4
2026.05.29	00:30:00.079	0.59250				2
2026.05.29	00:30:00.379	0.59253	0.59333			6
2026.05.29	00:30:00.681	0.59250				2
2026.05.29	00:30:50.947	0.59251				2
2026.05.29	00:31:00.278	0.59251				2
2026.05.29	00:31:00.578		0.59333			4
2026.05.29	00:31:35.472		0.59332			4
2026.05.29	00:31:41.784		0.59333			4
2026.05.29	00:31:51.120	0.59253				2
2026.05.29	00:32:00.151	0.59253				2
2026.05.29	00:32:41.978		0.59333			4
2026.05.29	00:33:00.043	0.59253				2
2026.05.29	00:33:42.176		0.59333			4
2026.05.29	00:34:00.076	0.59253				2
2026.05.29	00:34:42.234		0.59333			4
2026.05.29	00:35:00.277	0.59253				2
2026.05.29	00:35:42.405		0.59333			4
2026.05.29	00:35:50.840	0.59258				2
2026.05.29	00:36:00.155	0.59258				2
2026.05.29	00:36:07.074	0.59260				2
2026.05.29	00:36:08.578	0.59259				2
2026.05.29	00:36:13.695	0.59257				2
2026.05.29	00:36:19.115	0.59260				2
2026.05.29	00:36:32.052	0.59261				2
2026.05.29	00:36:42.599	0.59259	0.59333			6
2026.05.29	00:36:52.241	0.59263				2
2026.05.29	00:36:57.050	0.59255				2
2026.05.29	00:37:00.061	0.59255				2
2026.05.29	00:37:02.171	0.59253				2
2026.05.29	00:37:04.876	0.59263				2
2026.05.29	00:37:06.985	0.59262				2
2026.05.29	00:37:08.488	0.59258				2
2026.05.29	00:37:20.216	0.59263				2
2026.05.29	00:37:22.029	0.59260				2
2026.05.29	00:37:33.149	0.59262				2
2026.05.29	00:37:42.777		0.59333			4
2026.05.29	00:38:00.241	0.59265				2
2026.05.29	00:38:02.344	0.59254				2
2026.05.29	00:38:03.848	0.59266				2
2026.05.29	00:38:05.950	0.59260				2
2026.05.29	00:38:18.292	0.59265				2
2026.05.29	00:38:18.893	0.59254				2
2026.05.29	00:38:19.499	0.59261				2
2026.05.29	00:38:20.101	0.59263				2
2026.05.29	00:38:27.926	0.59265				2
2026.05.29	00:38:30.036	0.59266				2
2026.05.29	00:38:30.335	0.59270				2
2026.05.29	00:38:30.936	0.59266				2
2026.05.29	00:38:31.241	0.59270				2
2026.05.29	00:38:31.542	0.59266				2
2026.05.29	00:38:31.841	0.59270				2
2026.05.29	00:38:32.376	0.59266				2
2026.05.29	00:38:32.675	0.59270				2
2026.05.29	00:38:32.977	0.59266				2
2026.05.29	00:38:37.784	0.59272				2
2026.05.29	00:38:41.704	0.59257				2
2026.05.29	00:38:42.906		0.59333			4
2026.05.29	00:38:44.107	0.59265				2
2026.05.29	00:38:45.610	0.59264				2
2026.05.29	00:38:46.513	0.59272				2
2026.05.29	00:38:46.813	0.59263				2
2026.05.29	00:38:50.121	0.59254				2
2026.05.29	00:38:59.751	0.59272				2
2026.05.29	00:39:00.053	0.59272				2
2026.05.29	00:39:01.556	0.59258				2
2026.05.29	00:39:03.669	0.59253				2
2026.05.29	00:39:03.971	0.59251				2
2026.05.29	00:39:04.571	0.59258				2
2026.05.29	00:39:06.372	0.59250				2
2026.05.29	00:39:08.175	0.59255				2
2026.05.29	00:39:13.287	0.59250				2
2026.05.29	00:39:13.588	0.59256				2
2026.05.29	00:39:16.299	0.59254				2
2026.05.29	00:39:18.710	0.59253				2
2026.05.29	00:39:19.911	0.59250				2
2026.05.29	00:39:22.917	0.59259				2
2026.05.29	00:39:23.522	0.59254				2
2026.05.29	00:39:31.644	0.59250				2
2026.05.29	00:39:31.945	0.59251				2
2026.05.29	00:39:43.078		0.59333			4
2026.05.29	00:39:59.315	0.59257				2
2026.05.29	00:40:00.216	0.59257				2
2026.05.29	00:40:02.923	0.59250				2
2026.05.29	00:40:03.223	0.59258				2
2026.05.29	00:40:08.047	0.59251				2
2026.05.29	00:40:10.448	0.59252				2
2026.05.29	00:40:13.450	0.59260				2
2026.05.29	00:40:13.750	0.59259				2
2026.05.29	00:40:14.352	0.59267				2
2026.05.29	00:40:16.154	0.59260				2
2026.05.29	00:40:16.454	0.59267				2
2026.05.29	00:40:16.754	0.59261				2
2026.05.29	00:40:17.659	0.59267				2
2026.05.29	00:40:19.472	0.59257				2
2026.05.29	00:40:19.773	0.59267				2
2026.05.29	00:40:20.073	0.59266				2
2026.05.29	00:40:20.375	0.59263				2
2026.05.29	00:40:20.675	0.59258				2
2026.05.29	00:40:22.178	0.59260				2
2026.05.29	00:40:22.478	0.59264				2
2026.05.29	00:40:22.780	0.59258				2
2026.05.29	00:40:23.381	0.59262				2
2026.05.29	00:40:23.983	0.59266				2
2026.05.29	00:40:26.084	0.59256				2
2026.05.29	00:40:26.993	0.59259				2
2026.05.29	00:40:27.296	0.59258				2
2026.05.29	00:40:27.597	0.59266				2
2026.05.29	00:40:28.799	0.59259				2
2026.05.29	00:40:29.402	0.59263				2
2026.05.29	00:40:31.810	0.59259				2
2026.05.29	00:40:32.415	0.59266				2
2026.05.29	00:40:43.241		0.59333			4
2026.05.29	00:41:00.085	0.59266				2
2026.05.29	00:41:02.191	0.59255				2
2026.05.29	00:41:02.492	0.59263				2
2026.05.29	00:41:03.096	0.59267				2
2026.05.29	00:41:03.698	0.59266				2
2026.05.29	00:41:06.404	0.59261				2
2026.05.29	00:41:06.705	0.59267				2
2026.05.29	00:41:07.305	0.59258				2
2026.05.29	00:41:07.904	0.59267				2
2026.05.29	00:41:08.206	0.59259				2
2026.05.29	00:41:13.921	0.59251				2
2026.05.29	00:41:14.223	0.59262				2
2026.05.29	00:41:16.630	0.59267				2
2026.05.29	00:41:18.436	0.59262				2
2026.05.29	00:41:18.737	0.59258				2
2026.05.29	00:41:19.041	0.59267				2
2026.05.29	00:41:20.542	0.59265				2
2026.05.29	00:41:20.847	0.59260				2
2026.05.29	00:41:23.249	0.59257				2
2026.05.29	00:41:23.550	0.59254				2
2026.05.29	00:41:23.850	0.59261				2
2026.05.29	00:41:24.753	0.59262				2
2026.05.29	00:41:28.372	0.59261				2
2026.05.29	00:41:28.672	0.59266				2
2026.05.29	00:41:28.973	0.59261				2
2026.05.29	00:41:29.273	0.59266				2
2026.05.29	00:41:43.418		0.59333			4
2026.05.29	00:41:44.018	0.59262				2
2026.05.29	00:41:49.442	0.59267				2
2026.05.29	00:41:53.648	0.59259				2
2026.05.29	00:41:54.549	0.59268				2
2026.05.29	00:41:56.652	0.59258				2
2026.05.29	00:41:57.252	0.59260				2
2026.05.29	00:41:57.553	0.59268				2
2026.05.29	00:42:00.263	0.59268				2
2026.05.29	00:42:09.586	0.59273	0.59344			6
2026.05.29	00:42:09.887	0.59264	0.59366			6
2026.05.29	00:42:10.188		0.59369			4
2026.05.29	00:42:10.789	0.59294	0.59395			6
2026.05.29	00:42:12.702	0.59276	0.59366			6
2026.05.29	00:42:13.002	0.59288	0.59374			6
2026.05.29	00:42:13.302	0.59287	0.59379			6
2026.05.29	00:42:13.905	0.59288	0.59378			6
2026.05.29	00:42:14.506	0.59290	0.59376			6
2026.05.29	00:42:14.809	0.59288	0.59378			6
2026.05.29	00:42:15.111	0.59287				2
2026.05.29	00:42:15.412	0.59284	0.59382			6
2026.05.29	00:42:15.714	0.59280	0.59375			6
2026.05.29	00:42:16.014	0.59281				2
2026.05.29	00:42:16.316	0.59282				2
2026.05.29	00:42:16.614	0.59280	0.59360			6
2026.05.29	00:42:16.917	0.59270	0.59365			6
2026.05.29	00:42:17.216	0.59293	0.59373			6
2026.05.29	00:42:17.518	0.59294	0.59372			6
2026.05.29	00:42:17.817	0.59296	0.59370			6
2026.05.29	00:42:18.117	0.59295				2
2026.05.29	00:42:18.425		0.59371			4
2026.05.29	00:42:18.722	0.59293	0.59373			6
2026.05.29	00:42:19.023	0.59289	0.59376			6
2026.05.29	00:42:19.319	0.59295	0.59371			6
2026.05.29	00:42:19.619		0.59370			4
2026.05.29	00:42:19.924	0.59294	0.59371			6
2026.05.29	00:42:20.223	0.59289	0.59377			6
2026.05.29	00:42:20.524	0.59294	0.59385			6
2026.05.29	00:42:20.826	0.59293				2
2026.05.29	00:42:21.127	0.59290				2
2026.05.29	00:42:21.430	0.59289	0.59366			6
2026.05.29	00:42:21.730	0.59285	0.59378			6
2026.05.29	00:42:22.030	0.59286				2
2026.05.29	00:42:22.330	0.59283				2
2026.05.29	00:42:22.631	0.59281	0.59371			6
2026.05.29	00:42:22.931	0.59279				2
2026.05.29	00:42:23.231	0.59278				2
2026.05.29	00:42:23.859	0.59291	0.59368			6
2026.05.29	00:42:24.161	0.59293	0.59384			6
2026.05.29	00:42:24.462	0.59297	0.59385			6
2026.05.29	00:42:24.763	0.59298	0.59386			6
2026.05.29	00:42:25.664		0.59389			4
2026.05.29	00:42:26.567	0.59297				2
2026.05.29	00:42:27.469		0.59376			4
2026.05.29	00:42:27.770		0.59391			4
2026.05.29	00:42:28.070	0.59298				2
2026.05.29	00:42:28.371	0.59284	0.59369			6
2026.05.29	00:42:28.672	0.59273	0.59370			6
2026.05.29	00:42:29.873		0.59365			4
2026.05.29	00:42:30.175		0.59366			4
2026.05.29	00:42:30.476		0.59367			4
2026.05.29	00:42:32.278		0.59366			4
2026.05.29	00:42:32.879		0.59364			4
2026.05.29	00:42:33.182		0.59363			4
2026.05.29	00:42:33.482		0.59365			4
2026.05.29	00:42:34.087	0.59291				2
2026.05.29	00:42:34.388	0.59293	0.59373			6
2026.05.29	00:42:34.689		0.59372			4
2026.05.29	00:42:39.856	0.59295	0.59371			6
2026.05.29	00:42:40.156	0.59294	0.59385			6
2026.05.29	00:42:40.457	0.59290				2
2026.05.29	00:42:41.381	0.59293				2
2026.05.29	00:42:41.681	0.59292				2
2026.05.29	00:42:41.981	0.59290				2
2026.05.29	00:42:42.281	0.59288				2
2026.05.29	00:42:42.582	0.59287				2
2026.05.29	00:42:42.883	0.59285	0.59377			6
2026.05.29	00:42:43.484	0.59283				2
2026.05.29	00:42:43.784	0.59285	0.59376			6
2026.05.29	00:42:44.084	0.59283				2
2026.05.29	00:42:44.384	0.59284				2
2026.05.29	00:42:44.684	0.59282	0.59375			6
2026.05.29	00:42:46.414	0.59281				2
2026.05.29	00:42:46.715	0.59282				2
2026.05.29	00:42:48.570	0.59283	0.59372			6
2026.05.29	00:42:48.870		0.59373			4
2026.05.29	00:42:49.471		0.59372			4
2026.05.29	00:42:49.773		0.59374			4
2026.05.29	00:42:50.074		0.59373			4
2026.05.29	00:42:50.373		0.59374			4
2026.05.29	00:42:50.674	0.59284	0.59373			6
2026.05.29	00:42:51.205	0.59283				2
2026.05.29	00:42:52.110	0.59284				2
2026.05.29	00:42:53.010	0.59283				2
2026.05.29	00:42:57.276	0.59287	0.59371			6
2026.05.29	00:42:57.576	0.59286	0.59358			6
2026.05.29	00:42:57.876		0.59376			4
2026.05.29	00:42:58.177	0.59285	0.59374			6
2026.05.29	00:42:58.476	0.59284				2
2026.05.29	00:42:59.081	0.59285	0.59384			6
2026.05.29	00:42:59.381		0.59386			4
2026.05.29	00:42:59.681		0.59388			4
2026.05.29	00:43:00.282	0.59285	0.59399			6
2026.05.29	00:43:01.522	0.59286				2
2026.05.29	00:43:02.125		0.59395			4
2026.05.29	00:43:02.425	0.59288	0.59392			6
2026.05.29	00:43:02.729	0.59287	0.59388			6
2026.05.29	00:43:03.029		0.59386			4
2026.05.29	00:43:04.347		0.59391			4
2026.05.29	00:43:04.648		0.59408			4
2026.05.29	00:43:04.949		0.59382			4
2026.05.29	00:43:05.249		0.59389			4
2026.05.29	00:43:05.550	0.59288	0.59392			6
2026.05.29	00:43:05.850	0.59287	0.59386			6
2026.05.29	00:43:06.150		0.59388			4
2026.05.29	00:43:06.751	0.59286	0.59396			6
2026.05.29	00:43:07.052		0.59387			4
2026.05.29	00:43:07.353	0.59287	0.59386			6
2026.05.29	00:43:09.810	0.59289				2
2026.05.29	00:43:10.110	0.59288	0.59383			6
2026.05.29	00:43:10.410	0.59286	0.59401			6
2026.05.29	00:43:10.712	0.59287	0.59385			6
2026.05.29	00:43:11.313	0.59288	0.59390			6
2026.05.29	00:43:11.615	0.59287				2
2026.05.29	00:43:12.438	0.59286				2
2026.05.29	00:43:15.174		0.59379			4
2026.05.29	00:43:15.476	0.59290	0.59398			6
2026.05.29	00:43:15.777	0.59288	0.59389			6
2026.05.29	00:43:16.077		0.59378			4
2026.05.29	00:43:16.377	0.59287	0.59379			6
2026.05.29	00:43:16.981	0.59286				2
2026.05.29	00:43:17.937	0.59289	0.59358			6
2026.05.29	00:43:18.237	0.59290	0.59389			6
2026.05.29	00:43:18.538	0.59288	0.59388			6
2026.05.29	00:43:19.441	0.59287				2
2026.05.29	00:43:19.741	0.59288				2
2026.05.29	00:43:20.042	0.59287	0.59379			6
2026.05.29	00:43:22.481	0.59286	0.59381			6
2026.05.29	00:43:22.782	0.59289	0.59356			6
2026.05.29	00:43:23.081	0.59287	0.59376			6
2026.05.29	00:43:23.384		0.59379			4
2026.05.29	00:43:23.685	0.59288	0.59378			6
2026.05.29	00:43:24.290	0.59287				2
2026.05.29	00:43:25.819	0.59288	0.59374			6
2026.05.29	00:43:26.120	0.59280	0.59348			6
2026.05.29	00:43:26.421	0.59288	0.59377			6
2026.05.29	00:43:26.722		0.59372			4
2026.05.29	00:43:27.024	0.59286				2
2026.05.29	00:43:27.324	0.59288	0.59380			6
2026.05.29	00:43:27.623		0.59391			4
2026.05.29	00:43:27.925	0.59289	0.59395			6
2026.05.29	00:43:28.389		0.59378			4
2026.05.29	00:43:28.689	0.59288	0.59358			6
2026.05.29	00:43:28.990	0.59280	0.59349			6
2026.05.29	00:43:29.293		0.59348			4
2026.05.29	00:43:29.594	0.59279				2
2026.05.29	00:43:29.894		0.59349			4
2026.05.29	00:43:30.496	0.59280	0.59347			6
2026.05.29	00:43:30.799		0.59348			4
2026.05.29	00:43:31.100		0.59349			4
2026.05.29	00:43:31.401		0.59347			4
2026.05.29	00:43:31.701		0.59349			4
2026.05.29	00:43:32.303		0.59348			4
2026.05.29	00:43:32.607		0.59349			4
2026.05.29	00:43:33.510		0.59350			4
2026.05.29	00:43:33.810		0.59348			4
2026.05.29	00:43:34.115		0.59349			4
2026.05.29	00:43:34.414		0.59346			4
2026.05.29	00:43:34.716		0.59348			4
2026.05.29	00:43:35.017		0.59349			4
2026.05.29	00:43:35.921		0.59348			4
2026.05.29	00:43:38.933	0.59279				2
2026.05.29	00:43:43.141		0.59346			4
2026.05.29	00:43:43.742		0.59348			4
2026.05.29	00:43:44.944		0.59346			4
2026.05.29	00:43:45.245		0.59349			4
2026.05.29	00:43:45.546		0.59346			4
2026.05.29	00:43:45.847		0.59347			4
2026.05.29	00:43:46.148		0.59348			4
2026.05.29	00:43:46.447		0.59347			4
2026.05.29	00:43:48.552		0.59346			4
2026.05.29	00:43:49.453	0.59282	0.59348			6
2026.05.29	00:43:50.053		0.59346			4
2026.05.29	00:43:50.654		0.59347			4
2026.05.29	00:43:51.854		0.59346			4
2026.05.29	00:43:55.763	0.59293	0.59382			6
2026.05.29	00:43:56.063	0.59292	0.59387			6
2026.05.29	00:43:56.363	0.59293	0.59388			6
2026.05.29	00:43:56.664	0.59291	0.59375			6
2026.05.29	00:43:56.965	0.59290	0.59376			6
2026.05.29	00:43:57.265		0.59375			4
2026.05.29	00:43:57.566	0.59284	0.59350			6
2026.05.29	00:43:57.866		0.59349			4
2026.05.29	00:43:58.167	0.59283				2
2026.05.29	00:43:58.467	0.59292	0.59374			6
2026.05.29	00:43:58.768	0.59290	0.59375			6
2026.05.29	00:43:59.068	0.59291				2
2026.05.29	00:43:59.369		0.59374			4
2026.05.29	00:43:59.669		0.59375			4
2026.05.29	00:43:59.969	0.59290	0.59376			6
2026.05.29	00:44:00.270	0.59291	0.59375			6
2026.05.29	00:44:00.871	0.59290	0.59376			6
2026.05.29	00:44:02.050	0.59291				2
2026.05.29	00:44:02.350		0.59375			4
2026.05.29	00:44:02.950	0.59292	0.59373			6
2026.05.29	00:44:03.856	0.59291	0.59375			6
2026.05.29	00:44:04.456	0.59292	0.59374			6
2026.05.29	00:44:05.058	0.59286	0.59349			6
2026.05.29	00:44:05.360		0.59348			4
2026.05.29	00:44:05.961		0.59347			4
2026.05.29	00:44:07.162		0.59346			4
2026.05.29	00:44:08.365		0.59347			4
2026.05.29	00:44:08.665		0.59346			4
2026.05.29	00:44:09.569		0.59347			4
2026.05.29	00:44:09.872	0.59285	0.59352			6
2026.05.29	00:44:10.171	0.59283	0.59346			6
2026.05.29	00:44:10.472	0.59291	0.59354			6
2026.05.29	00:44:10.772	0.59290	0.59375			6
2026.05.29	00:44:12.054	0.59291				2
2026.05.29	00:44:12.354	0.59292	0.59374			6
2026.05.29	00:44:12.655	0.59290	0.59375			6
2026.05.29	00:44:12.955	0.59291	0.59374			6
2026.05.29	00:44:13.255		0.59375			4
2026.05.29	00:44:14.909	0.59290				2
2026.05.29	00:44:16.077		0.59376			4
2026.05.29	00:44:18.337		0.59375			4
2026.05.29	00:44:18.638	0.59289	0.59377			6
2026.05.29	00:44:18.939	0.59300	0.59374			6
2026.05.29	00:44:19.240	0.59304	0.59410			6
2026.05.29	00:44:19.541	0.59303				2
2026.05.29	00:44:19.840	0.59304				2
2026.05.29	00:44:20.140	0.59305				2
2026.05.29	00:44:20.741	0.59304	0.59385			6
2026.05.29	00:44:21.041	0.59305	0.59384			6
2026.05.29	00:44:22.258	0.59306				2
2026.05.29	00:44:22.560		0.59383			4
2026.05.29	00:44:23.162	0.59305	0.59384			6
2026.05.29	00:44:23.465	0.59303	0.59386			6
2026.05.29	00:44:23.877	0.59302				2
2026.05.29	00:44:24.176	0.59301	0.59408			6
2026.05.29	00:44:24.477	0.59289	0.59358			6
2026.05.29	00:44:24.775	0.59286	0.59354			6
2026.05.29	00:44:25.077	0.59299	0.59362			6
2026.05.29	00:44:25.378	0.59282	0.59363			6
2026.05.29	00:44:25.681		0.59360			4
2026.05.29	00:44:25.980	0.59300	0.59369			6
2026.05.29	00:44:27.264	0.59290	0.59360			6
2026.05.29	00:44:27.570	0.59298	0.59365			6
2026.05.29	00:44:27.871	0.59287	0.59360			6
2026.05.29	00:44:28.172	0.59297	0.59407			6
2026.05.29	00:44:29.074	0.59296	0.59410			6
2026.05.29	00:44:30.829	0.59298	0.59379			6
2026.05.29	00:44:31.129	0.59297	0.59368			6
2026.05.29	00:44:31.430		0.59369			4
2026.05.29	00:44:33.376	0.59295	0.59370			6
2026.05.29	00:44:33.676	0.59303	0.59386			6
2026.05.29	00:44:33.976	0.59287	0.59357			6
2026.05.29	00:44:34.276		0.59380			4
2026.05.29	00:44:34.577	0.59290	0.59376			6
2026.05.29	00:44:34.876	0.59288	0.59378			6
2026.05.29	00:44:36.647	0.59289	0.59377			6
2026.05.29	00:44:36.948	0.59287	0.59378			6
2026.05.29	00:44:37.248	0.59289	0.59377			6
2026.05.29	00:44:38.148	0.59288	0.59378			6
2026.05.29	00:44:39.556	0.59287				2
2026.05.29	00:44:39.856		0.59379			4
2026.05.29	00:44:40.458	0.59288	0.59377			6
2026.05.29	00:44:41.060	0.59287	0.59378			6
2026.05.29	00:44:41.361	0.59290				2
2026.05.29	00:44:41.968	0.59289	0.59376			6
2026.05.29	00:44:42.571		0.59377			4
2026.05.29	00:44:42.871	0.59290	0.59378			6
2026.05.29	00:44:43.171		0.59377			4
2026.05.29	00:44:43.772	0.59288	0.59378			6
2026.05.29	00:44:44.073	0.59289	0.59377			6
2026.05.29	00:44:44.811	0.59290				2
2026.05.29	00:44:45.716		0.59378			4
2026.05.29	00:44:46.618	0.59300	0.59366			6
2026.05.29	00:44:46.920	0.59308	0.59410			6
2026.05.29	00:44:47.224	0.59304				2
2026.05.29	00:44:47.528	0.59301				2
2026.05.29	00:44:48.420	0.59300	0.59409			6
2026.05.29	00:44:48.720	0.59301	0.59410			6
2026.05.29	00:44:49.020	0.59300				2
2026.05.29	00:44:49.320	0.59297	0.59369			6
2026.05.29	00:44:49.620	0.59298	0.59368			6
2026.05.29	00:44:49.921		0.59367			4
2026.05.29	00:44:50.826	0.59297	0.59368			6
2026.05.29	00:44:51.127	0.59296	0.59408			6
2026.05.29	00:44:51.429	0.59295	0.59409			6
2026.05.29	00:44:51.728	0.59292				2
2026.05.29	00:44:52.926	0.59291				2
2026.05.29	00:44:53.229	0.59287	0.59401			6
2026.05.29	00:44:53.528	0.59290	0.59391			6
2026.05.29	00:44:53.830	0.59287				2
2026.05.29	00:44:54.130		0.59397			4
2026.05.29	00:44:54.435		0.59398			4
2026.05.29	00:44:54.735	0.59291				2
2026.05.29	00:44:55.942	0.59288				2
2026.05.29	00:44:56.242	0.59289	0.59396			6
2026.05.29	00:44:56.542	0.59288	0.59395			6
2026.05.29	00:44:56.843	0.59286	0.59398			6
2026.05.29	00:44:57.143	0.59287	0.59396			6
2026.05.29	00:44:57.444	0.59288				2
2026.05.29	00:44:57.746		0.59394			4
2026.05.29	00:44:58.046	0.59287	0.59397			6
2026.05.29	00:44:58.346	0.59288				2
2026.05.29	00:44:58.647		0.59395			4
2026.05.29	00:44:59.248	0.59286	0.59400			6
2026.05.29	00:44:59.548	0.59285	0.59330			6
2026.05.29	00:45:00.149	0.59282				2
2026.05.29	00:45:00.449	0.59281				2
2026.05.29	00:45:00.750	0.59283				2
2026.05.29	00:45:01.050	0.59282				2
2026.05.29	00:45:01.350	0.59275				2
2026.05.29	00:45:01.650	0.59287				2
2026.05.29	00:45:02.251	0.59283				2
2026.05.29	00:45:02.850	0.59273	0.59344			6
2026.05.29	00:45:03.151	0.59274				2
2026.05.29	00:45:05.856	0.59283	0.59330			6
2026.05.29	00:45:06.777	0.59286				2
2026.05.29	00:45:07.077	0.59285				2
2026.05.29	00:45:07.377	0.59283				2
2026.05.29	00:45:07.677	0.59284				2
2026.05.29	00:45:07.978	0.59285				2
2026.05.29	00:45:08.278	0.59289				2
2026.05.29	00:45:08.878	0.59287				2
2026.05.29	00:45:09.178	0.59286				2
2026.05.29	00:45:09.479	0.59274				2
2026.05.29	00:45:09.779	0.59266				2
2026.05.29	00:45:10.080	0.59259				2
2026.05.29	00:45:11.883	0.59263				2
2026.05.29	00:45:12.193	0.59271				2
2026.05.29	00:45:12.495	0.59265				2
2026.05.29	00:45:12.797	0.59264				2
2026.05.29	00:45:17.012	0.59255				2
2026.05.29	00:45:17.313	0.59259				2
2026.05.29	00:45:17.615	0.59258				2
2026.05.29	00:45:17.916	0.59262				2
2026.05.29	00:45:18.216	0.59261				2
2026.05.29	00:45:18.816	0.59262				2
2026.05.29	00:45:19.117	0.59257				2
2026.05.29	00:45:20.921	0.59262				2
2026.05.29	00:45:27.540	0.59267				2
2026.05.29	00:45:28.142	0.59269				2
2026.05.29	00:45:28.443	0.59262				2
2026.05.29	00:45:29.042	0.59260				2
2026.05.29	00:45:29.344	0.59268				2
2026.05.29	00:45:30.248	0.59261				2
2026.05.29	00:45:32.654	0.59254				2
2026.05.29	00:45:33.255	0.59266				2
2026.05.29	00:45:33.856	0.59258				2
2026.05.29	00:45:34.458	0.59263				2
2026.05.29	00:45:34.758	0.59261				2
2026.05.29	00:45:35.062	0.59259				2
2026.05.29	00:45:36.870	0.59267				2
2026.05.29	00:45:37.771	0.59258				2
2026.05.29	00:45:38.973	0.59267				2
2026.05.29	00:45:39.274	0.59259				2
2026.05.29	00:45:42.277	0.59254				2
2026.05.29	00:45:42.577	0.59256				2
2026.05.29	00:45:42.877	0.59254				2
2026.05.29	00:45:44.078	0.59262				2
2026.05.29	00:45:45.284	0.59254				2
2026.05.29	00:45:46.794	0.59259				2
2026.05.29	00:45:47.094	0.59258				2
2026.05.29	00:45:50.407	0.59265				2
2026.05.29	00:45:59.448	0.59259				2
2026.05.29	00:46:00.050	0.59266				2
2026.05.29	00:46:00.350	0.59260				2
2026.05.29	00:46:01.854	0.59266				2
2026.05.29	00:46:02.455	0.59265				2
2026.05.29	00:46:03.356	0.59264				2
2026.05.29	00:46:03.656	0.59270				2
2026.05.29	00:46:03.956	0.59265				2
2026.05.29	00:46:06.065	0.59264	0.59330			6
2026.05.29	00:46:07.267	0.59263				2
2026.05.29	00:46:08.472	0.59256				2
2026.05.29	00:46:09.071	0.59267				2
2026.05.29	00:46:09.672	0.59258				2
2026.05.29	00:46:10.874	0.59267				2
2026.05.29	00:46:11.174	0.59262				2
2026.05.29	00:46:13.576	0.59258				2
2026.05.29	00:46:21.706	0.59263				2
2026.05.29	00:46:24.416	0.59262				2
2026.05.29	00:46:29.534	0.59253				2
2026.05.29	00:46:30.438	0.59260				2
2026.05.29	00:46:30.738	0.59264				2
2026.05.29	00:46:31.340	0.59263				2
2026.05.29	00:46:38.864	0.59265				2
2026.05.29	00:46:43.376	0.59258				2
2026.05.29	00:46:44.581	0.59261				2
2026.05.29	00:46:58.728	0.59253				2
2026.05.29	00:47:00.236	0.59253				2
2026.05.29	00:47:00.536	0.59264				2
2026.05.29	00:47:02.943		0.59344			4
2026.05.29	00:47:03.245		0.59349			4
2026.05.29	00:47:03.546	0.59265	0.59347			6
2026.05.29	00:47:03.846		0.59348			4
2026.05.29	00:47:05.048	0.59263	0.59335			6
2026.05.29	00:47:07.751	0.59261				2
2026.05.29	00:47:09.855	0.59266				2
2026.05.29	00:47:10.755	0.59263				2
2026.05.29	00:47:11.355	0.59262				2
2026.05.29	00:47:15.568	0.59260				2
2026.05.29	00:47:18.575	0.59259				2
2026.05.29	00:47:20.077	0.59264				2
2026.05.29	00:47:28.808	0.59261				2
2026.05.29	00:47:30.610	0.59259				2
2026.05.29	00:47:32.114	0.59266				2
2026.05.29	00:47:33.316	0.59265				2
2026.05.29	00:47:33.616	0.59266				2
2026.05.29	00:47:35.424	0.59264				2
2026.05.29	00:47:35.725	0.59263				2
2026.05.29	00:47:36.025	0.59266				2
2026.05.29	00:47:36.929	0.59261				2
2026.05.29	00:47:37.234	0.59265				2
2026.05.29	00:47:38.436	0.59263				2
2026.05.29	00:47:38.737	0.59262				2
2026.05.29	00:47:39.641	0.59266				2
2026.05.29	00:47:42.648	0.59259				2
2026.05.29	00:47:42.948	0.59266				2
2026.05.29	00:47:43.249	0.59263				2
2026.05.29	00:47:48.964	0.59262				2
2026.05.29	00:47:49.870	0.59267				2
2026.05.29	00:47:50.472	0.59263				2
2026.05.29	00:47:53.174	0.59268				2
2026.05.29	00:47:53.474	0.59267				2
2026.05.29	00:47:54.979	0.59261				2
2026.05.29	00:47:55.281	0.59268				2
2026.05.29	00:47:55.585	0.59264				2
2026.05.29	00:48:00.109	0.59264				2
2026.05.29	00:48:01.611	0.59252				2
2026.05.29	00:48:01.913	0.59263				2
2026.05.29	00:48:03.715	0.59261				2
2026.05.29	00:48:04.316	0.59267				2
2026.05.29	00:48:05.223		0.59335			4
2026.05.29	00:48:07.030	0.59268				2
2026.05.29	00:48:08.836	0.59266				2
2026.05.29	00:48:12.446	0.59259				2
2026.05.29	00:48:12.746	0.59265				2
2026.05.29	00:48:13.047	0.59262				2
2026.05.29	00:48:13.948	0.59263				2
2026.05.29	00:48:14.248	0.59268				2
2026.05.29	00:48:16.354	0.59262				2
2026.05.29	00:48:16.654	0.59268				2
2026.05.29	00:48:17.256	0.59262				2
2026.05.29	00:48:17.858	0.59268				2
2026.05.29	00:48:23.575	0.59265				2
2026.05.29	00:48:25.981	0.59264				2
2026.05.29	00:48:28.096	0.59268				2
2026.05.29	00:48:31.703	0.59263				2
2026.05.29	00:48:32.305	0.59268				2
2026.05.29	00:48:36.516	0.59269				2
2026.05.29	00:48:38.627	0.59265				2
2026.05.29	00:48:40.436	0.59264				2
2026.05.29	00:48:42.244	0.59261				2
2026.05.29	00:48:44.650	0.59269				2
2026.05.29	00:48:45.853	0.59268				2
2026.05.29	00:48:46.154	0.59263				2
2026.05.29	00:48:47.656	0.59269				2
2026.05.29	00:48:48.259	0.59267				2
2026.05.29	00:48:49.162	0.59264				2
2026.05.29	00:48:51.871	0.59262				2
2026.05.29	00:48:53.674	0.59269				2
2026.05.29	00:48:56.679	0.59265				2
2026.05.29	00:49:00.287	0.59265				2
2026.05.29	00:49:02.095	0.59263				2
2026.05.29	00:49:05.403		0.59335			4
2026.05.29	00:49:06.910	0.59256				2
2026.05.29	00:49:07.209	0.59265				2
2026.05.29	00:49:08.717	0.59266				2
2026.05.29	00:49:09.018	0.59264				2
2026.05.29	00:49:09.619	0.59263				2
2026.05.29	00:49:10.221	0.59269				2
2026.05.29	00:49:11.427	0.59266				2
2026.05.29	00:49:12.027	0.59262				2
2026.05.29	00:49:12.627	0.59268				2
2026.05.29	00:49:12.929	0.59267				2
2026.05.29	00:49:13.232	0.59264				2
2026.05.29	00:49:17.141	0.59252				2
2026.05.29	00:49:18.042	0.59261				2
2026.05.29	00:49:19.544	0.59260				2
2026.05.29	00:49:19.845	0.59269				2
2026.05.29	00:49:22.848	0.59270				2
2026.05.29	00:49:23.148	0.59262				2
2026.05.29	00:49:25.251	0.59271				2
2026.05.29	00:49:25.550	0.59270				2
2026.05.29	00:49:25.850	0.59265				2
2026.05.29	00:49:27.655	0.59261				2
2026.05.29	00:49:27.956	0.59263				2
2026.05.29	00:49:28.255	0.59264				2
2026.05.29	00:49:29.157	0.59266				2
2026.05.29	00:49:31.560	0.59270				2
2026.05.29	00:49:32.764	0.59271				2
2026.05.29	00:49:33.664	0.59270				2
2026.05.29	00:49:38.777	0.59268				2
2026.05.29	00:49:42.377	0.59261				2
2026.05.29	00:49:43.278	0.59264				2
2026.05.29	00:49:43.878	0.59263				2
2026.05.29	00:49:47.185	0.59262				2
2026.05.29	00:49:47.485	0.59265				2
2026.05.29	00:49:48.687	0.59264				2
2026.05.29	00:49:48.988	0.59270				2
2026.05.29	00:49:56.808	0.59276				2
2026.05.29	00:49:57.108	0.59256				2
2026.05.29	00:49:57.410	0.59255				2
2026.05.29	00:49:58.311	0.59267				2
2026.05.29	00:49:58.911	0.59265				2
2026.05.29	00:49:59.211	0.59262				2
2026.05.29	00:50:00.116	0.59262				2
2026.05.29	00:50:02.221	0.59261				2
2026.05.29	00:50:02.522	0.59272				2
2026.05.29	00:50:02.822	0.59267				2
2026.05.29	00:50:05.527		0.59335			4
2026.05.29	00:50:07.931	0.59274				2
2026.05.29	00:50:10.940	0.59273				2
2026.05.29	00:50:11.542	0.59263				2
2026.05.29	00:50:12.443	0.59259				2
2026.05.29	00:50:12.746	0.59265				2
2026.05.29	00:50:15.749	0.59262				2
2026.05.29	00:50:16.049	0.59264				2
2026.05.29	00:50:17.250	0.59262				2
2026.05.29	00:50:17.551	0.59268				2
2026.05.29	00:50:27.181	0.59261				2
2026.05.29	00:50:27.482	0.59263				2
2026.05.29	00:50:32.306	0.59252				2
2026.05.29	00:50:35.619	0.59267				2
2026.05.29	00:50:42.543	0.59258				2
2026.05.29	00:50:42.844	0.59269				2
2026.05.29	00:50:45.249	0.59266				2
2026.05.29	00:50:45.550	0.59264				2
2026.05.29	00:50:54.872	0.59252				2
2026.05.29	00:50:56.676	0.59260				2
2026.05.29	00:50:57.277	0.59259				2
2026.05.29	00:51:00.285	0.59254				2
2026.05.29	00:51:00.584	0.59266				2
2026.05.29	00:51:01.185	0.59269				2
2026.05.29	00:51:01.486	0.59267				2
2026.05.29	00:51:02.989	0.59262				2
2026.05.29	00:51:05.699		0.59335			4
2026.05.29	00:51:11.708	0.59268				2
2026.05.29	00:51:17.429	0.59267				2
2026.05.29	00:51:17.731	0.59264				2
2026.05.29	00:51:18.032	0.59272				2
2026.05.29	00:51:18.637	0.59267				2
2026.05.29	00:51:20.441	0.59269				2
2026.05.29	00:51:21.043	0.59267				2
2026.05.29	00:51:21.342	0.59268				2
2026.05.29	00:51:21.643	0.59269				2
2026.05.29	00:51:21.942	0.59272				2
2026.05.29	00:51:22.547	0.59271				2
2026.05.29	00:51:22.847	0.59267				2
2026.05.29	00:51:27.654	0.59266				2
2026.05.29	00:51:27.954	0.59267				2
2026.05.29	00:51:30.667	0.59266				2
2026.05.29	00:51:30.967	0.59267				2
2026.05.29	00:51:31.268	0.59266				2
2026.05.29	00:51:32.171	0.59267				2
2026.05.29	00:51:32.472	0.59266				2
2026.05.29	00:51:32.773	0.59264				2
2026.05.29	00:51:33.374	0.59263				2
2026.05.29	00:51:46.315	0.59268				2
2026.05.29	00:51:46.615	0.59266				2
2026.05.29	00:51:47.819	0.59267				2
2026.05.29	00:51:52.035	0.59268				2
2026.05.29	00:51:58.649	0.59269				2
2026.05.29	00:52:00.151	0.59269				2
2026.05.29	00:52:02.867	0.59273				2
2026.05.29	00:52:03.167	0.59270				2
2026.05.29	00:52:03.769	0.59271				2
2026.05.29	00:52:05.875		0.59335			4
2026.05.29	00:52:08.583	0.59266				2
2026.05.29	00:52:08.884	0.59273				2
2026.05.29	00:52:27.534	0.59269				2
2026.05.29	00:52:27.836	0.59275				2
2026.05.29	00:52:30.547	0.59276				2
2026.05.29	00:52:35.651	0.59272	0.59320			6
2026.05.29	00:52:46.184	0.59267				2
2026.05.29	00:52:46.485	0.59268				2
2026.05.29	00:52:53.105	0.59271				2
2026.05.29	00:53:00.027	0.59271				2
2026.05.29	00:53:05.441	0.59272				2
2026.05.29	00:53:28.906	0.59269				2
2026.05.29	00:53:29.210	0.59271				2
2026.05.29	00:53:35.826		0.59320			4
2026.05.29	00:53:43.048	0.59270				2
2026.05.29	00:53:48.460	0.59276	0.59330			6
2026.05.29	00:53:49.061	0.59277				2
2026.05.29	00:54:00.216	0.59277				2
2026.05.29	00:54:08.039	0.59269				2
2026.05.29	00:54:08.340	0.59277				2
2026.05.29	00:54:42.350	0.59274				2
2026.05.29	00:54:42.651	0.59277				2
2026.05.29	00:54:48.673		0.59330			4
2026.05.29	00:54:55.588	0.59271				2
2026.05.29	00:54:55.888	0.59277				2
2026.05.29	00:55:00.106	0.59277				2
2026.05.29	00:55:00.406	0.59270				2
2026.05.29	00:55:00.706	0.59275	0.59329			6
2026.05.29	00:55:01.006		0.59330			4
2026.05.29	00:55:03.110	0.59272				2
2026.05.29	00:55:04.615	0.59271				2
2026.05.29	00:55:06.119	0.59277				2
2026.05.29	00:55:07.324	0.59269				2
2026.05.29	00:55:08.529	0.59277				2
2026.05.29	00:55:08.831	0.59269				2
2026.05.29	00:55:09.435	0.59268				2
2026.05.29	00:55:13.326	0.59294				2
2026.05.29	00:55:14.834	0.59290				2
2026.05.29	00:55:15.111	0.59303				2
2026.05.29	00:55:16.009	0.59301				2
2026.05.29	00:55:16.610	0.59300				2
2026.05.29	00:55:19.015	0.59297				2
2026.05.29	00:55:19.316	0.59296				2
2026.05.29	00:55:19.917	0.59293				2
2026.05.29	00:55:20.217	0.59297				2
2026.05.29	00:55:20.516	0.59302				2
2026.05.29	00:55:27.245	0.59299				2
2026.05.29	00:55:27.545	0.59298				2
2026.05.29	00:55:30.854	0.59295				2
2026.05.29	00:55:31.455	0.59298				2
2026.05.29	00:55:34.757	0.59301				2
2026.05.29	00:55:35.055	0.59300				2
2026.05.29	00:55:35.356	0.59301				2
2026.05.29	00:55:41.972	0.59302				2
2026.05.29	00:55:45.579	0.59296				2
2026.05.29	00:55:45.876	0.59291				2
2026.05.29	00:55:46.780	0.59292				2
2026.05.29	00:55:49.182		0.59333			4
2026.05.29	00:55:50.383	0.59290				2
2026.05.29	00:55:50.685	0.59289				2
2026.05.29	00:55:50.985	0.59291				2
2026.05.29	00:55:53.092	0.59292				2
2026.05.29	00:55:57.604	0.59280				2
2026.05.29	00:55:57.902	0.59270				2
2026.05.29	00:55:58.205	0.59265				2
2026.05.29	00:56:00.018	0.59265				2
2026.05.29	00:56:00.917	0.59269				2
2026.05.29	00:56:01.218	0.59273				2
2026.05.29	00:56:03.924	0.59275				2
2026.05.29	00:56:04.226	0.59280				2
2026.05.29	00:56:04.524	0.59265				2
2026.05.29	00:56:05.432	0.59273				2
2026.05.29	00:56:05.732	0.59281				2
2026.05.29	00:56:06.033	0.59286				2
2026.05.29	00:56:06.332	0.59294				2
2026.05.29	00:56:07.537	0.59293				2
2026.05.29	00:56:07.837	0.59292				2
2026.05.29	00:56:09.641	0.59296				2
2026.05.29	00:56:09.943	0.59294				2
2026.05.29	00:56:10.844	0.59272				2
2026.05.29	00:56:13.852	0.59278				2
2026.05.29	00:56:14.151	0.59275				2
2026.05.29	00:56:14.449	0.59289				2
2026.05.29	00:56:14.751	0.59283				2
2026.05.29	00:56:15.054	0.59289				2
2026.05.29	00:56:15.352	0.59288				2
2026.05.29	00:56:15.652	0.59290				2
2026.05.29	00:56:15.952	0.59278				2
2026.05.29	00:56:16.254	0.59289				2
2026.05.29	00:56:17.456	0.59278				2
2026.05.29	00:56:17.757	0.59283				2
2026.05.29	00:56:18.056	0.59278				2
2026.05.29	00:56:18.358	0.59294				2
2026.05.29	00:56:18.658	0.59282				2
2026.05.29	00:56:18.958	0.59273				2
2026.05.29	00:56:19.258	0.59290				2
2026.05.29	00:56:19.862	0.59287				2
2026.05.29	00:56:20.466	0.59276				2
2026.05.29	00:56:20.764	0.59280				2
2026.05.29	00:56:21.064	0.59269				2
2026.05.29	00:56:21.365	0.59290				2
2026.05.29	00:56:22.268	0.59286				2
2026.05.29	00:56:22.866	0.59290				2
2026.05.29	00:56:23.468	0.59281				2
2026.05.29	00:56:23.769	0.59288				2
2026.05.29	00:56:24.071	0.59286				2
2026.05.29	00:56:24.372	0.59293				2
2026.05.29	00:56:24.672	0.59280				2
2026.05.29	00:56:24.974	0.59283				2
2026.05.29	00:56:25.273	0.59281				2
2026.05.29	00:56:25.573	0.59286				2
2026.05.29	00:56:25.875	0.59290				2
2026.05.29	00:56:26.774	0.59286				2
2026.05.29	00:56:27.076	0.59283				2
2026.05.29	00:56:27.375	0.59290				2
2026.05.29	00:56:27.979	0.59269				2
2026.05.29	00:56:33.386	0.59259				2
2026.05.29	00:56:33.688	0.59286				2
2026.05.29	00:56:34.290	0.59282				2
2026.05.29	00:56:34.590	0.59283				2
2026.05.29	00:56:34.898	0.59278				2
2026.05.29	00:56:41.222	0.59293				2
2026.05.29	00:56:41.522	0.59281				2
2026.05.29	00:56:41.824	0.59286				2
2026.05.29	00:56:42.128	0.59289				2
2026.05.29	00:56:42.428	0.59290				2
2026.05.29	00:56:42.726	0.59281				2
2026.05.29	00:56:43.029	0.59293				2
2026.05.29	00:56:43.933	0.59290				2
2026.05.29	00:56:48.449	0.59289				2
2026.05.29	00:56:48.745	0.59284				2
2026.05.29	00:56:49.046	0.59286				2
2026.05.29	00:56:49.348		0.59333			4
2026.05.29	00:56:49.648	0.59290				2
2026.05.29	00:56:51.151	0.59286				2
2026.05.29	00:56:51.749	0.59280				2
2026.05.29	00:56:52.052	0.59281				2
2026.05.29	00:56:52.349	0.59284				2
2026.05.29	00:56:52.649	0.59285				2
2026.05.29	00:56:52.950	0.59281				2
2026.05.29	00:56:53.251	0.59278				2
2026.05.29	00:56:53.550	0.59284				2
2026.05.29	00:56:53.850	0.59281				2
2026.05.29	00:56:54.152	0.59282				2
2026.05.29	00:56:54.453	0.59283				2
2026.05.29	00:56:55.054	0.59278				2
2026.05.29	00:56:55.355	0.59286				2
2026.05.29	00:56:55.655	0.59284				2
2026.05.29	00:56:55.957	0.59283				2
2026.05.29	00:56:56.559	0.59286				2
2026.05.29	00:56:56.862	0.59283				2
2026.05.29	00:56:57.163	0.59282				2
2026.05.29	00:56:57.463	0.59283				2
2026.05.29	00:56:57.763	0.59290				2
2026.05.29	00:56:58.064	0.59280				2
2026.05.29	00:56:58.365	0.59284				2
2026.05.29	00:56:58.665	0.59275				2
2026.05.29	00:56:58.966	0.59281				2
2026.05.29	00:56:59.266	0.59270				2
2026.05.29	00:56:59.566	0.59284				2
2026.05.29	00:56:59.867	0.59281				2
2026.05.29	00:57:00.170	0.59290				2
2026.05.29	00:57:00.469	0.59282				2
2026.05.29	00:57:00.769	0.59281				2
2026.05.29	00:57:01.070	0.59283				2
2026.05.29	00:57:01.373	0.59284				2
2026.05.29	00:57:01.672	0.59280				2
2026.05.29	00:57:01.974	0.59286				2
2026.05.29	00:57:03.778	0.59281				2
2026.05.29	00:57:04.079	0.59285				2
2026.05.29	00:57:04.379	0.59282				2
2026.05.29	00:57:04.680	0.59281				2
2026.05.29	00:57:04.980	0.59290				2
2026.05.29	00:57:05.282	0.59284				2
2026.05.29	00:57:05.581	0.59270				2
2026.05.29	00:57:14.014	0.59271				2
2026.05.29	00:57:15.817	0.59282				2
2026.05.29	00:57:16.119	0.59271				2
2026.05.29	00:57:28.752	0.59272				2
2026.05.29	00:57:29.054	0.59273				2
2026.05.29	00:57:30.257	0.59275				2
2026.05.29	00:57:30.557	0.59273				2
2026.05.29	00:57:30.857	0.59271				2
2026.05.29	00:57:31.158	0.59272				2
2026.05.29	00:57:32.375	0.59278				2
2026.05.29	00:57:32.673	0.59289				2
2026.05.29	00:57:32.974	0.59273				2
2026.05.29	00:57:33.275	0.59286				2
2026.05.29	00:57:33.575	0.59275				2
2026.05.29	00:57:33.875	0.59288				2
2026.05.29	00:57:34.178	0.59290				2
2026.05.29	00:57:34.479	0.59283				2
2026.05.29	00:57:34.781	0.59290				2
2026.05.29	00:57:35.078	0.59283				2
2026.05.29	00:57:35.378	0.59288				2
2026.05.29	00:57:41.399	0.59290				2
2026.05.29	00:57:41.697	0.59294				2
2026.05.29	00:57:42.300	0.59296				2
2026.05.29	00:57:45.311	0.59293				2
2026.05.29	00:57:45.608	0.59281				2
2026.05.29	00:57:45.908	0.59270				2
2026.05.29	00:57:49.529		0.59333			4
2026.05.29	00:57:50.129	0.59271				2
2026.05.29	00:57:52.538	0.59283				2
2026.05.29	00:57:52.840	0.59272				2
2026.05.29	00:57:53.138	0.59286				2
2026.05.29	00:57:54.340	0.59281				2
2026.05.29	00:57:54.642	0.59288				2
2026.05.29	00:57:54.941	0.59286				2
2026.05.29	00:57:55.243	0.59283				2
2026.05.29	00:57:55.543	0.59290				2
2026.05.29	00:57:57.047	0.59280				2
2026.05.29	00:57:57.348	0.59282				2
2026.05.29	00:57:57.645	0.59283				2
2026.05.29	00:57:57.945	0.59281				2
2026.05.29	00:57:58.248	0.59290				2
2026.05.29	00:57:58.545	0.59283				2
2026.05.29	00:57:58.847	0.59284				2
2026.05.29	00:57:59.147	0.59286				2
2026.05.29	00:57:59.448	0.59280				2
2026.05.29	00:57:59.747	0.59290				2
2026.05.29	00:58:00.049	0.59282				2
2026.05.29	00:58:00.349	0.59283				2
2026.05.29	00:58:00.650	0.59284				2
2026.05.29	00:58:01.249	0.59281				2
2026.05.29	00:58:01.550	0.59286				2
2026.05.29	00:58:01.850	0.59290				2
2026.05.29	00:58:02.150	0.59283				2
2026.05.29	00:58:02.451	0.59271				2
2026.05.29	00:58:02.750	0.59283				2
2026.05.29	00:58:03.050	0.59286				2
2026.05.29	00:58:03.351	0.59283				2
2026.05.29	00:58:03.652	0.59288				2
2026.05.29	00:58:03.953	0.59286				2
2026.05.29	00:58:04.255	0.59271				2
2026.05.29	00:58:04.556	0.59286				2
2026.05.29	00:58:04.854	0.59283				2
2026.05.29	00:58:05.457	0.59286				2
2026.05.29	00:58:05.760	0.59290				2
2026.05.29	00:58:06.057	0.59281				2
2026.05.29	00:58:06.357	0.59283				2
2026.05.29	00:58:07.262	0.59286				2
2026.05.29	00:58:07.560	0.59290				2
2026.05.29	00:58:07.863	0.59273				2
2026.05.29	00:58:08.467	0.59283				2
2026.05.29	00:58:08.766	0.59281				2
2026.05.29	00:58:09.070	0.59288				2
2026.05.29	00:58:09.373	0.59282				2
2026.05.29	00:58:09.674	0.59286				2
2026.05.29	00:58:09.974	0.59278				2
2026.05.29	00:58:10.276	0.59286				2
2026.05.29	00:58:10.575	0.59284				2
2026.05.29	00:58:10.876	0.59288				2
2026.05.29	00:58:18.396	0.59282				2
2026.05.29	00:58:18.695	0.59283				2
2026.05.29	00:58:19.296	0.59285				2
2026.05.29	00:58:19.596	0.59289				2
2026.05.29	00:58:19.896	0.59285				2
2026.05.29	00:58:20.196	0.59293				2
2026.05.29	00:58:20.497	0.59274				2
2026.05.29	00:58:20.798	0.59277				2
2026.05.29	00:58:21.099	0.59288				2
2026.05.29	00:58:21.398	0.59274				2
2026.05.29	00:58:21.697	0.59290				2
2026.05.29	00:58:21.998	0.59281				2
2026.05.29	00:58:22.298	0.59280				2
2026.05.29	00:58:22.598	0.59286				2
2026.05.29	00:58:22.902	0.59282				2
2026.05.29	00:58:23.201	0.59286				2
2026.05.29	00:58:23.500	0.59281				2
2026.05.29	00:58:23.801	0.59293				2
2026.05.29	00:58:24.401	0.59296				2
2026.05.29	00:58:24.701	0.59297				2
2026.05.29	00:58:27.105	0.59299				2
2026.05.29	00:58:27.405	0.59310	0.59340			6
2026.05.29	00:58:27.706	0.59313				2
2026.05.29	00:58:28.005		0.59339			4
2026.05.29	00:58:28.306	0.59311				2
2026.05.29	00:58:28.606	0.59312	0.59342			6
2026.05.29	00:58:29.208	0.59303				2
2026.05.29	00:58:30.409	0.59305				2
2026.05.29	00:58:30.712	0.59306	0.59341			6
2026.05.29	00:58:31.012	0.59307				2
2026.05.29	00:58:31.311	0.59305				2
2026.05.29	00:58:32.514	0.59303				2
2026.05.29	00:58:33.420	0.59305				2
2026.05.29	00:58:33.720	0.59306				2
2026.05.29	00:58:34.323	0.59305				2
2026.05.29	00:58:34.924	0.59306				2
2026.05.29	00:58:35.223	0.59305				2
2026.05.29	00:58:35.526	0.59303				2
2026.05.29	00:58:36.129	0.59304				2
2026.05.29	00:58:37.337	0.59303				2
2026.05.29	00:58:37.635	0.59304				2
2026.05.29	00:58:37.937	0.59303	0.59343			6
2026.05.29	00:58:38.239	0.59304	0.59342			6
2026.05.29	00:58:39.443	0.59302	0.59343			6
2026.05.29	00:58:40.044	0.59304	0.59342			6
2026.05.29	00:58:40.645	0.59303	0.59343			6
2026.05.29	00:58:41.848	0.59304	0.59342			6
2026.05.29	00:58:43.352	0.59302	0.59343			6
2026.05.29	00:58:44.853	0.59304	0.59342			6
2026.05.29	00:58:45.153	0.59305	0.59343			6
2026.05.29	00:58:49.357	0.59302				2
2026.05.29	00:58:49.657	0.59304	0.59342			6
2026.05.29	00:58:50.260	0.59307	0.59343			6
2026.05.29	00:58:50.560		0.59342			4
2026.05.29	00:58:51.160		0.59343			4
2026.05.29	00:58:51.460		0.59342			4
2026.05.29	00:58:52.970	0.59304				2
2026.05.29	00:58:53.269	0.59314	0.59370			6
2026.05.29	00:58:53.571	0.59315				2
2026.05.29	00:58:53.873	0.59313				2
2026.05.29	00:58:54.473	0.59319				2
2026.05.29	00:58:54.773	0.59322				2
2026.05.29	00:58:55.372	0.59311				2
2026.05.29	00:58:55.975	0.59312				2
2026.05.29	00:58:56.876	0.59315				2
2026.05.29	00:58:58.681	0.59316				2
2026.05.29	00:58:59.282	0.59314				2
2026.05.29	00:58:59.583	0.59319				2
2026.05.29	00:58:59.885	0.59314				2
2026.05.29	00:59:00.188	0.59316				2
2026.05.29	00:59:00.783	0.59317				2
2026.05.29	00:59:01.688	0.59314				2
2026.05.29	00:59:03.488	0.59317				2
2026.05.29	00:59:06.490	0.59322				2
2026.05.29	00:59:06.791	0.59323				2
2026.05.29	00:59:08.900	0.59325				2
2026.05.29	00:59:23.626	0.59328				2
2026.05.29	00:59:27.236	0.59330				2
2026.05.29	00:59:27.842	0.59331	0.59369			6
2026.05.29	00:59:28.143	0.59329	0.59367			6
2026.05.29	00:59:28.441	0.59325	0.59361			6
2026.05.29	00:59:28.744	0.59326	0.59367			6
2026.05.29	00:59:29.042		0.59365			4
2026.05.29	00:59:29.942	0.59325	0.59361			6
2026.05.29	00:59:30.244	0.59328	0.59370			6
2026.05.29	00:59:32.347	0.59329				2
2026.05.29	00:59:32.948	0.59328				2
2026.05.29	00:59:36.253	0.59327	0.59369			6
2026.05.29	00:59:39.560	0.59326	0.59370			6
2026.05.29	00:59:40.769	0.59325				2
2026.05.29	00:59:42.876	0.59326	0.59369			6
2026.05.29	00:59:45.579	0.59327	0.59370			6
2026.05.29	00:59:46.476	0.59328				2
2026.05.29	00:59:50.985	0.59330	0.59369			6
2026.05.29	00:59:56.395	0.59329	0.59370			6
2026.05.29	00:59:56.996	0.59332	0.59362			6
2026.05.29	00:59:57.299		0.59361			4
2026.05.29	00:59:58.801	0.59331				2
2026.05.29	00:59:59.406	0.59332				2
2026.05.29	01:00:00.012	0.59318				2
2026.05.29	01:00:00.305	0.59320	0.59370			6
2026.05.29	01:00:00.607	0.59330	0.59352			6
2026.05.29	01:00:01.215	0.59328				2
2026.05.29	01:00:01.507		0.59343			4
2026.05.29	01:00:01.806	0.59329				2
2026.05.29	01:00:02.107	0.59330				2
2026.05.29	01:00:03.009		0.59341			4
2026.05.29	01:00:03.915	0.59329				2
2026.05.29	01:00:04.518	0.59323				2
2026.05.29	01:00:04.817	0.59324				2
2026.05.29	01:00:05.115	0.59316				2
2026.05.29	01:00:09.018	0.59317	0.59340			6
2026.05.29	01:00:09.323	0.59318	0.59339			6
2026.05.29	01:00:11.722	0.59315				2
2026.05.29	01:00:15.635	0.59329	0.59336			6
2026.05.29	01:00:17.138	0.59330	0.59337			6
2026.05.29	01:00:17.436	0.59331	0.59338			6
2026.05.29	01:00:17.737	0.59316	0.59339			6
2026.05.29	01:00:18.638	0.59318				2
2026.05.29	01:00:18.935	0.59317				2
2026.05.29	01:00:19.536	0.59316				2
2026.05.29	01:00:20.136		0.59346			4
2026.05.29	01:00:20.438	0.59324	0.59347			6
2026.05.29	01:00:20.741	0.59330	0.59354			6
2026.05.29	01:00:21.038	0.59329				2
2026.05.29	01:00:21.337	0.59330	0.59353			6
2026.05.29	01:00:21.639		0.59354			4
2026.05.29	01:00:21.944	0.59329	0.59355			6
2026.05.29	01:00:26.746	0.59330	0.59353			6
2026.05.29	01:00:27.348	0.59329	0.59354			6
2026.05.29	01:00:27.648	0.59324	0.59355			6
2026.05.29	01:00:28.549	0.59325	0.59354			6
2026.05.29	01:00:28.850	0.59327	0.59352			6
2026.05.29	01:00:29.155	0.59324	0.59355			6
2026.05.29	01:00:30.651	0.59325	0.59354			6
2026.05.29	01:00:37.253	0.59327				2
2026.05.29	01:00:40.261	0.59329				2
2026.05.29	01:00:40.859		0.59353			4
2026.05.29	01:00:42.363	0.59328	0.59355			6
2026.05.29	01:00:42.965		0.59356			4
2026.05.29	01:00:51.075	0.59331				2
2026.05.29	01:00:53.183		0.59357			4
2026.05.29	01:00:55.283	0.59332				2
2026.05.29	01:00:55.584	0.59331				2
2026.05.29	01:00:56.785	0.59333				2
2026.05.29	01:01:00.092	0.59336	0.59356			6
2026.05.29	01:01:00.393	0.59347	0.59350			6
2026.05.29	01:01:06.695	0.59345	0.59348			6
2026.05.29	01:01:07.596	0.59346	0.59349			6
2026.05.29	01:01:09.100	0.59344				2
2026.05.29	01:01:09.700	0.59346				2
2026.05.29	01:01:10.302	0.59345				2
2026.05.29	01:01:10.605	0.59346	0.59350			6
2026.05.29	01:01:10.901	0.59345				2
2026.05.29	01:01:11.201		0.59349			4
2026.05.29	01:01:11.802	0.59347				2
2026.05.29	01:01:12.105	0.59344	0.59348			6
2026.05.29	01:01:12.407	0.59343				2
2026.05.29	01:01:13.910	0.59345				2
2026.05.29	01:01:16.916	0.59346	0.59349			6
2026.05.29	01:01:17.215	0.59345	0.59348			6
2026.05.29	01:01:18.416	0.59346	0.59349			6
2026.05.29	01:01:22.027	0.59343	0.59345			6
2026.05.29	01:01:24.132		0.59346			4
2026.05.29	01:01:24.433		0.59344			4
2026.05.29	01:01:25.637	0.59344	0.59345			6
2026.05.29	01:01:27.142	0.59343				2
2026.05.29	01:01:31.946		0.59344			4
2026.05.29	01:01:32.248		0.59346			4
2026.05.29	01:01:36.447	0.59344				2
2026.05.29	01:01:37.950		0.59345			4
2026.05.29	01:01:38.252	0.59345	0.59346			6
2026.05.29	01:01:46.059	0.59343	0.59344			6
2026.05.29	01:01:46.363	0.59340	0.59342			6
2026.05.29	01:01:47.266	0.59339	0.59341			6
2026.05.29	01:01:50.570	0.59341	0.59342			6
2026.05.29	01:01:50.875	0.59342	0.59343			6
2026.05.29	01:01:53.278	0.59339	0.59341			6
2026.05.29	01:01:55.384	0.59340	0.59342			6
2026.05.29	01:02:00.188	0.59340				2
2026.05.29	01:02:05.897	0.59342	0.59343			6
2026.05.29	01:02:06.796	0.59343	0.59344			6
2026.05.29	01:02:07.399	0.59342	0.59343			6
2026.05.29	01:02:09.501	0.59343	0.59344			6
2026.05.29	01:02:11.002	0.59340	0.59342			6
2026.05.29	01:02:11.303	0.59342	0.59343			6
2026.05.29	01:02:16.115	0.59344	0.59345			6
2026.05.29	01:02:17.613	0.59340	0.59342			6
2026.05.29	01:02:18.211	0.59338				2
2026.05.29	01:02:19.112	0.59341				2
2026.05.29	01:02:20.314	0.59342	0.59343			6
2026.05.29	01:02:24.518	0.59341	0.59344			6
2026.05.29	01:02:25.423	0.59344	0.59345			6
2026.05.29	01:02:29.028	0.59343	0.59344			6
2026.05.29	01:02:31.744	0.59344	0.59345			6
2026.05.29	01:02:37.454	0.59345	0.59346			6
2026.05.29	01:02:50.674	0.59346	0.59347			6
2026.05.29	01:02:51.878	0.59345	0.59346			6
2026.05.29	01:03:00.283	0.59345				2
2026.05.29	01:03:00.888	0.59346	0.59347			6
2026.05.29	01:03:02.991	0.59345				2
2026.05.29	01:03:14.103	0.59344				2
2026.05.29	01:03:18.011	0.59345				2
2026.05.29	01:03:18.313		0.59346			4
2026.05.29	01:03:20.717	0.59346	0.59347			6
2026.05.29	01:03:21.318	0.59347	0.59348			6
2026.05.29	01:03:30.636	0.59348	0.59349			6
2026.05.29	01:03:30.937	0.59349	0.59350			6
2026.05.29	01:03:33.642	0.59348	0.59349			6
2026.05.29	01:03:37.545	0.59347	0.59348			6
2026.05.29	01:03:39.045	0.59348	0.59349			6
2026.05.29	01:03:41.450	0.59344	0.59346			6
2026.05.29	01:03:41.749		0.59347			4
2026.05.29	01:03:42.652	0.59345				2
2026.05.29	01:03:43.551	0.59349	0.59350			6
2026.05.29	01:03:46.255	0.59346	0.59347			6
2026.05.29	01:03:47.151	0.59347	0.59348			6
2026.05.29	01:03:49.255	0.59346	0.59347			6
2026.05.29	01:03:54.062	0.59348	0.59349			6
2026.05.29	01:03:54.963	0.59349	0.59350			6
2026.05.29	01:03:55.261	0.59348	0.59349			6
2026.05.29	01:03:56.164	0.59349	0.59350			6
2026.05.29	01:03:58.872	0.59348	0.59349			6
2026.05.29	01:04:00.081	0.59348				2
2026.05.29	01:04:03.086	0.59349	0.59350			6
2026.05.29	01:04:03.384	0.59348	0.59349			6
2026.05.29	01:04:04.887	0.59347	0.59348			6
2026.05.29	01:04:05.789	0.59348	0.59349			6
2026.05.29	01:04:06.389	0.59349	0.59350			6
2026.05.29	01:04:09.394	0.59350	0.59351			6
2026.05.29	01:04:11.795	0.59349	0.59350			6
2026.05.29	01:04:20.813	0.59350	0.59351			6
2026.05.29	01:04:24.120	0.59349	0.59350			6
2026.05.29	01:04:29.232	0.59350	0.59351			6
2026.05.29	01:04:31.639	0.59349	0.59350			6
2026.05.29	01:04:34.644	0.59348	0.59349			6
2026.05.29	01:04:39.149	0.59350	0.59351			6
2026.05.29	01:04:39.749	0.59351	0.59352			6
2026.05.29	01:04:43.658	0.59352	0.59353			6
2026.05.29	01:04:50.878	0.59351	0.59352			6
2026.05.29	01:05:00.186	0.59351				2
2026.05.29	01:05:03.489	0.59352	0.59353			6
2026.05.29	01:05:08.304	0.59351	0.59352			6
2026.05.29	01:05:08.604	0.59352	0.59353			6
2026.05.29	01:05:13.116	0.59353	0.59355			6
2026.05.29	01:05:13.419	0.59352	0.59354			6
2026.05.29	01:05:14.016	0.59353	0.59355			6
2026.05.29	01:05:14.315	0.59354				2
2026.05.29	01:05:15.519		0.59356			4
2026.05.29	01:05:15.819		0.59355			4
2026.05.29	01:05:16.117		0.59356			4
2026.05.29	01:05:16.416		0.59355			4
2026.05.29	01:05:37.750	0.59353				2
2026.05.29	01:05:39.855		0.59354			4
2026.05.29	01:05:40.154	0.59349	0.59351			6
2026.05.29	01:05:40.452	0.59351	0.59353			6
2026.05.29	01:05:45.868	0.59350	0.59352			6
2026.05.29	01:05:48.875	0.59351	0.59353			6
2026.05.29	01:05:53.678	0.59350	0.59352			6
2026.05.29	01:06:00.295	0.59350				2
2026.05.29	01:06:05.103	0.59351	0.59353			6
2026.05.29	01:06:09.307	0.59352	0.59354			6
2026.05.29	01:06:20.728	0.59350	0.59352			6
2026.05.29	01:06:53.194	0.59351	0.59353			6
2026.05.29	01:06:58.604		0.59352			4
2026.05.29	01:07:00.108	0.59351				2
2026.05.29	01:07:08.820	0.59350				2
2026.05.29	01:07:11.827	0.59352	0.59353			6
2026.05.29	01:07:21.454	0.59351				2
2026.05.29	01:07:30.772		0.59352			4
2026.05.29	01:07:31.368	0.59352	0.59353			6
2026.05.29	01:07:33.478		0.59354			4
2026.05.29	01:07:42.790	0.59351	0.59353			6
2026.05.29	01:08:00.235	0.59351				2
2026.05.29	01:08:02.043	0.59353	0.59354			6
2026.05.29	01:08:16.464	0.59352	0.59353			6
2026.05.29	01:08:17.065	0.59351				2
2026.05.29	01:08:21.574	0.59350	0.59352			6
2026.05.29	01:08:21.874	0.59346	0.59348			6
2026.05.29	01:08:22.177	0.59345				2
2026.05.29	01:08:23.676	0.59346	0.59349			6
2026.05.29	01:08:28.479	0.59345	0.59348			6
2026.05.29	01:08:32.990	0.59347	0.59349			6
2026.05.29	01:08:33.290	0.59348				2
2026.05.29	01:08:34.193	0.59347				2
2026.05.29	01:08:40.503	0.59346				2
2026.05.29	01:08:47.413	0.59347	0.59350			6
2026.05.29	01:08:49.218	0.59346	0.59349			6
2026.05.29	01:08:51.021	0.59347	0.59350			6
2026.05.29	01:08:53.423	0.59348	0.59351			6
2026.05.29	01:08:54.623		0.59350			4
2026.05.29	01:08:54.925	0.59345	0.59348			6
2026.05.29	01:08:55.825	0.59342	0.59345			6
2026.05.29	01:08:58.531	0.59343	0.59346			6
2026.05.29	01:09:00.029	0.59343				2
2026.05.29	01:09:08.746	0.59344	0.59347			6
2026.05.29	01:09:10.248	0.59343	0.59346			6
2026.05.29	01:09:11.150	0.59344	0.59347			6
2026.05.29	01:09:27.078	0.59346	0.59349			6
2026.05.29	01:09:27.378	0.59347	0.59350			6
2026.05.29	01:09:31.877	0.59344	0.59347			6
2026.05.29	01:09:32.181	0.59341	0.59344			6
2026.05.29	01:09:37.887	0.59342	0.59345			6
2026.05.29	01:09:46.006	0.59341	0.59344			6
2026.05.29	01:09:46.907	0.59340	0.59343			6
2026.05.29	01:09:47.813	0.59342	0.59345			6
2026.05.29	01:09:48.412	0.59343	0.59346			6
2026.05.29	01:09:50.517	0.59344	0.59347			6
2026.05.29	01:09:58.941	0.59343	0.59346			6
2026.05.29	01:09:59.239	0.59342	0.59345			6
2026.05.29	01:10:00.141	0.59342				2
2026.05.29	01:10:16.959	0.59343	0.59346			6
2026.05.29	01:10:30.180		0.59345			4
2026.05.29	01:10:40.400	0.59345	0.59346			6
2026.05.29	01:10:40.701	0.59343	0.59345			6
2026.05.29	01:10:41.002	0.59345	0.59346			6
2026.05.29	01:10:41.301	0.59343	0.59345			6
2026.05.29	01:10:41.601	0.59345	0.59346			6
2026.05.29	01:10:41.903	0.59343	0.59345			6
2026.05.29	01:10:42.201	0.59345	0.59346			6
2026.05.29	01:10:42.502	0.59343	0.59345			6
2026.05.29	01:10:42.808	0.59345	0.59346			6
2026.05.29	01:10:43.107	0.59343	0.59345			6
2026.05.29	01:10:43.405	0.59345	0.59346			6
2026.05.29	01:10:43.702	0.59343	0.59345			6
2026.05.29	01:10:51.518	0.59341	0.59343			6
2026.05.29	01:10:52.119	0.59342	0.59344			6
2026.05.29	01:10:55.420	0.59340	0.59342			6
2026.05.29	01:10:56.320		0.59343			4
2026.05.29	01:11:00.229	0.59340				2
2026.05.29	01:11:02.633		0.59341			4
2026.05.29	01:11:02.930	0.59336	0.59339			6
2026.05.29	01:11:03.229	0.59335	0.59337			6
2026.05.29	01:11:03.534	0.59334	0.59336			6
2026.05.29	01:11:04.432		0.59337			4
2026.05.29	01:11:30.886	0.59332	0.59335			6
2026.05.29	01:11:33.585	0.59331	0.59334			6
2026.05.29	01:11:33.884	0.59329	0.59332			6
2026.05.29	01:11:37.194	0.59330	0.59333			6
2026.05.29	01:11:42.008	0.59329	0.59332			6
2026.05.29	01:11:44.112	0.59332	0.59335			6
2026.05.29	01:11:45.618	0.59331	0.59334			6
2026.05.29	01:11:46.215	0.59332	0.59335			6
2026.05.29	01:11:47.721	0.59333	0.59336			6
2026.05.29	01:11:49.223	0.59332	0.59335			6
2026.05.29	01:11:56.130	0.59334	0.59337			6
2026.05.29	01:12:00.037	0.59334				2
2026.05.29	01:12:10.251	0.59333	0.59336			6
2026.05.29	01:12:10.551	0.59335	0.59338			6
2026.05.29	01:12:31.887	0.59336	0.59339			6
2026.05.29	01:12:37.295		0.59338			4
2026.05.29	01:13:00.144	0.59336				2
2026.05.29	01:13:01.045	0.59338	0.59340			6
2026.05.29	01:13:15.764	0.59341	0.59342			6
2026.05.29	01:13:16.066	0.59340				2
2026.05.29	01:13:17.270		0.59343			4
2026.05.29	01:13:20.573	0.59339	0.59342			6
2026.05.29	01:13:26.882	0.59340	0.59343			6
2026.05.29	01:13:30.199		0.59342			4
2026.05.29	01:13:54.558	0.59341	0.59343			6
2026.05.29	01:14:00.272	0.59341				2
2026.05.29	01:14:03.578	0.59340	0.59342			6
2026.05.29	01:14:06.286	0.59341	0.59343			6
2026.05.29	01:14:13.799	0.59339	0.59341			6
2026.05.29	01:14:33.350	0.59340	0.59342			6
2026.05.29	01:14:35.150	0.59339	0.59341			6
2026.05.29	01:14:37.850	0.59340	0.59342			6
2026.05.29	01:15:00.100	0.59340				2
2026.05.29	01:15:01.599	0.59339	0.59341			6
2026.05.29	01:15:02.498	0.59341	0.59343			6
2026.05.29	01:15:11.220	0.59339	0.59341			6
2026.05.29	01:15:11.518	0.59340	0.59342			6
2026.05.29	01:15:12.121	0.59342	0.59344			6
2026.05.29	01:15:23.854	0.59340	0.59342			6
2026.05.29	01:15:24.155	0.59339				2
2026.05.29	01:15:26.259	0.59340				2
2026.05.29	01:15:40.990	0.59341	0.59343			6
2026.05.29	01:15:42.188	0.59340	0.59342			6
2026.05.29	01:15:46.404	0.59341	0.59343			6
2026.05.29	01:15:46.705	0.59340	0.59342			6
2026.05.29	01:16:00.246	0.59340				2
2026.05.29	01:16:01.145	0.59341	0.59343			6
2026.05.29	01:16:04.448	0.59340	0.59342			6
2026.05.29	01:16:12.264	0.59339	0.59341			6
2026.05.29	01:16:15.262	0.59340	0.59342			6
2026.05.29	01:16:16.168	0.59339	0.59341			6
2026.05.29	01:16:18.276	0.59337	0.59339			6
2026.05.29	01:16:19.176	0.59339	0.59341			6
2026.05.29	01:16:20.074	0.59338	0.59340			6
2026.05.29	01:16:20.674	0.59337	0.59339			6
2026.05.29	01:16:21.277		0.59340			4
2026.05.29	01:16:23.382		0.59339			4
2026.05.29	01:16:26.384	0.59339	0.59341			6
2026.05.29	01:16:27.286		0.59342			4
2026.05.29	01:16:34.802	0.59338	0.59341			6
2026.05.29	01:16:38.107	0.59337	0.59340			6
2026.05.29	01:16:38.409	0.59338	0.59341			6
2026.05.29	01:16:40.208	0.59339	0.59342			6
2026.05.29	01:16:56.141		0.59341			4
2026.05.29	01:17:00.056	0.59339				2
2026.05.29	01:17:39.151	0.59338	0.59340			6
2026.05.29	01:17:39.454	0.59340	0.59342			6
2026.05.29	01:17:40.352	0.59339				2
2026.05.29	01:17:42.765	0.59337	0.59340			6
2026.05.29	01:17:44.877	0.59339	0.59342			6
2026.05.29	01:18:00.209	0.59339				2
2026.05.29	01:18:11.644	0.59338	0.59341			6
2026.05.29	01:18:39.283		0.59340			4
2026.05.29	01:18:39.884	0.59339	0.59341			6
2026.05.29	01:18:47.405	0.59338	0.59340			6
2026.05.29	01:18:47.707	0.59339	0.59341			6
2026.05.29	01:19:00.036	0.59339				2
2026.05.29	01:19:05.147	0.59340	0.59342			6
2026.05.29	01:19:05.446	0.59339	0.59341			6
2026.05.29	01:19:39.109	0.59340	0.59342			6
2026.05.29	01:19:44.221	0.59339	0.59341			6
2026.05.29	01:19:47.219	0.59338	0.59340			6
2026.05.29	01:19:56.238	0.59339	0.59341			6
2026.05.29	01:19:56.836	0.59340	0.59342			6
2026.05.29	01:19:57.137		0.59343			4
2026.05.29	01:19:57.434	0.59338	0.59341			6
2026.05.29	01:20:00.139	0.59338				2
2026.05.29	01:20:01.943	0.59337	0.59340			6
2026.05.29	01:20:02.242	0.59339	0.59342			6
2026.05.29	01:20:35.309	0.59340				2
2026.05.29	01:20:43.119	0.59338	0.59340			6
2026.05.29	01:20:44.320		0.59341			4
2026.05.29	01:20:58.155		0.59340			4
2026.05.29	01:20:59.355	0.59339	0.59341			6
2026.05.29	01:21:00.261	0.59338				2
2026.05.29	01:21:01.157	0.59339				2
2026.05.29	01:21:14.399	0.59340	0.59342			6
2026.05.29	01:21:50.785	0.59341	0.59343			6
2026.05.29	01:21:51.983	0.59340	0.59342			6
2026.05.29	01:21:53.190	0.59341	0.59343			6
2026.05.29	01:21:57.696	0.59340	0.59342			6
2026.05.29	01:21:57.992	0.59341	0.59343			6
2026.05.29	01:21:58.295	0.59340				2
2026.05.29	01:22:00.096	0.59340				2
2026.05.29	01:22:07.316	0.59338	0.59341			6
2026.05.29	01:22:10.622	0.59340	0.59343			6
2026.05.29	01:22:33.481	0.59341	0.59344			6
2026.05.29	01:22:46.714	0.59342	0.59345			6
2026.05.29	01:23:00.243	0.59340	0.59343			6
2026.05.29	01:23:08.356	0.59342	0.59345			6
2026.05.29	01:23:08.656	0.59341	0.59344			6
2026.05.29	01:23:18.583	0.59340	0.59343			6
2026.05.29	01:23:32.113	0.59341	0.59344			6
2026.05.29	01:24:00.070	0.59341				2
2026.05.29	01:24:05.779	0.59342	0.59345			6
2026.05.29	01:24:09.986	0.59341	0.59344			6
2026.05.29	01:24:21.418	0.59342				2
2026.05.29	01:24:46.066	0.59341	0.59343			6
2026.05.29	01:24:49.980	0.59342	0.59344			6
2026.05.29	01:24:50.577	0.59341	0.59343			6
2026.05.29	01:24:52.678	0.59342	0.59344			6
2026.05.29	01:24:53.883	0.59341	0.59343			6
2026.05.29	01:24:55.384	0.59340				2
2026.05.29	01:25:00.207	0.59340				2
2026.05.29	01:25:02.310	0.59339	0.59342			6
2026.05.29	01:25:02.903	0.59338	0.59341			6
2026.05.29	01:25:07.120	0.59337	0.59340			6
2026.05.29	01:25:07.717	0.59338	0.59341			6
2026.05.29	01:25:12.546	0.59339	0.59342			6
2026.05.29	01:25:16.153	0.59338	0.59341			6
2026.05.29	01:25:20.963	0.59339	0.59342			6
2026.05.29	01:25:21.868	0.59338	0.59341			6
2026.05.29	01:25:26.377	0.59339	0.59342			6
2026.05.29	01:25:30.284	0.59338	0.59341			6
2026.05.29	01:25:32.389	0.59339	0.59342			6
2026.05.29	01:25:56.750	0.59338	0.59341			6
2026.05.29	01:26:00.061	0.59338				2
2026.05.29	01:26:00.657	0.59339	0.59342			6
2026.05.29	01:26:03.360	0.59338	0.59341			6
2026.05.29	01:26:15.989	0.59339	0.59342			6
2026.05.29	01:26:22.306	0.59340	0.59343			6
2026.05.29	01:26:27.715	0.59338	0.59341			6
2026.05.29	01:26:28.617	0.59339	0.59342			6
2026.05.29	01:26:31.333	0.59338	0.59341			6
2026.05.29	01:26:31.931	0.59340	0.59343			6
2026.05.29	01:26:38.544	0.59339	0.59342			6
2026.05.29	01:27:00.185	0.59339				2
2026.05.29	01:27:00.484	0.59337	0.59340			6
2026.05.29	01:27:01.084	0.59336	0.59339			6
2026.05.29	01:27:10.094	0.59332	0.59335			6
2026.05.29	01:27:11.001	0.59331	0.59334			6
2026.05.29	01:27:11.299		0.59335			4
2026.05.29	01:27:34.151	0.59332	0.59336			6
2026.05.29	01:27:34.451	0.59333	0.59337			6
2026.05.29	01:27:35.952	0.59334	0.59338			6
2026.05.29	01:27:40.461	0.59333	0.59337			6
2026.05.29	01:27:43.167	0.59334	0.59338			6
2026.05.29	01:27:51.283	0.59333	0.59337			6
2026.05.29	01:27:56.092	0.59335	0.59339			6
2026.05.29	01:27:58.195	0.59333	0.59337			6
2026.05.29	01:28:00.301	0.59333				2
2026.05.29	01:28:00.601	0.59334	0.59338			6
2026.05.29	01:28:10.517	0.59333	0.59337			6
2026.05.29	01:28:11.116	0.59331	0.59335			6
2026.05.29	01:28:11.418	0.59330	0.59334			6
2026.05.29	01:28:24.944	0.59331	0.59335			6
2026.05.29	01:28:25.245	0.59332	0.59336			6
2026.05.29	01:28:28.546	0.59330	0.59334			6
2026.05.29	01:28:29.450	0.59331				2
2026.05.29	01:28:30.050	0.59330				2
2026.05.29	01:28:30.352	0.59331				2
2026.05.29	01:28:30.955	0.59333	0.59337			6
2026.05.29	01:28:31.251	0.59334	0.59338			6
2026.05.29	01:28:33.652	0.59332	0.59336			6
2026.05.29	01:28:33.953	0.59333	0.59337			6
2026.05.29	01:28:36.357	0.59334	0.59338			6
2026.05.29	01:28:46.276	0.59333	0.59337			6
2026.05.29	01:28:48.979	0.59334	0.59338			6
2026.05.29	01:28:58.605	0.59333	0.59337			6
2026.05.29	01:29:00.112	0.59333				2
2026.05.29	01:29:05.218	0.59334	0.59338			6
2026.05.29	01:29:05.819	0.59336				2
2026.05.29	01:29:06.126	0.59334				2
2026.05.29	01:29:06.427	0.59336				2
2026.05.29	01:29:07.338	0.59334				2
2026.05.29	01:29:08.243	0.59335	0.59336			6
2026.05.29	01:29:08.542		0.59337			4
2026.05.29	01:29:08.841	0.59333				2
2026.05.29	01:29:11.548	0.59334	0.59338			6
2026.05.29	01:29:29.278	0.59335				2
2026.05.29	01:29:29.881	0.59334	0.59337			6
2026.05.29	01:29:41.900	0.59332	0.59335			6
2026.05.29	01:29:42.800	0.59331	0.59334			6
2026.05.29	01:29:43.101		0.59335			4
2026.05.29	01:29:44.002	0.59332	0.59336			6
2026.05.29	01:29:52.125	0.59331	0.59335			6
2026.05.29	01:29:55.438	0.59332	0.59336			6
2026.05.29	01:29:57.249		0.59335			4
2026.05.29	01:30:00.253	0.59332				2
2026.05.29	01:30:05.059	0.59330	0.59333			6
2026.05.29	01:30:06.259		0.59334			4
2026.05.29	01:30:07.155	0.59331				2
2026.05.29	01:30:09.557	0.59330	0.59333			6
2026.05.29	01:30:18.284	0.59331	0.59334			6
2026.05.29	01:30:20.988	0.59335	0.59338			6
2026.05.29	01:30:22.189	0.59334				2
2026.05.29	01:30:22.489	0.59335	0.59339			6
2026.05.29	01:30:22.791	0.59333	0.59337			6
2026.05.29	01:30:28.213	0.59334	0.59338			6
2026.05.29	01:30:30.014	0.59333	0.59337			6
2026.05.29	01:30:30.614	0.59332	0.59336			6
2026.05.29	01:30:33.618	0.59331	0.59335			6
2026.05.29	01:30:37.542	0.59332	0.59336			6
2026.05.29	01:30:37.840	0.59331	0.59335			6
2026.05.29	01:30:40.540	0.59330	0.59334			6
2026.05.29	01:30:42.345	0.59332	0.59336			6
2026.05.29	01:30:43.549	0.59331	0.59335			6
2026.05.29	01:30:47.752	0.59333	0.59337			6
2026.05.29	01:30:49.256	0.59332	0.59336			6
2026.05.29	01:30:49.854	0.59333	0.59337			6
2026.05.29	01:30:51.358	0.59332	0.59336			6
2026.05.29	01:30:52.259	0.59333	0.59337			6
2026.05.29	01:30:59.175	0.59331	0.59335			6
2026.05.29	01:31:00.074	0.59331				2
2026.05.29	01:31:27.131		0.59334			4
2026.05.29	01:31:29.841	0.59329	0.59332			6
2026.05.29	01:31:31.341		0.59333			4
2026.05.29	01:31:37.357		0.59332			4
2026.05.29	01:31:40.056	0.59330	0.59333			6
2026.05.29	01:31:46.973	0.59329	0.59332			6
2026.05.29	01:32:00.201	0.59329				2
2026.05.29	01:32:00.795	0.59328	0.59331			6
2026.05.29	01:32:05.909	0.59329	0.59332			6
2026.05.29	01:32:11.919	0.59330	0.59333			6
2026.05.29	01:32:21.851	0.59329	0.59332			6
2026.05.29	01:32:22.451	0.59328	0.59331			6
2026.05.29	01:32:23.048	0.59329	0.59332			6
2026.05.29	01:32:33.265	0.59328	0.59331			6
2026.05.29	01:32:43.487	0.59329	0.59332			6
2026.05.29	01:32:47.690	0.59330	0.59333			6
2026.05.29	01:32:52.201		0.59332			4
2026.05.29	01:33:00.017	0.59330				2
2026.05.29	01:33:03.633	0.59333	0.59335			6
2026.05.29	01:33:04.230	0.59332				2
2026.05.29	01:33:10.245	0.59331	0.59334			6
2026.05.29	01:33:12.648	0.59332	0.59335			6
2026.05.29	01:33:19.259		0.59334			4
2026.05.29	01:33:21.672	0.59333	0.59335			6
2026.05.29	01:33:22.574	0.59332	0.59334			6
2026.05.29	01:33:54.126	0.59333				2
2026.05.29	01:34:00.135	0.59333				2
2026.05.29	01:34:20.573	0.59331	0.59333			6
2026.05.29	01:34:25.986	0.59329	0.59331			6
2026.05.29	01:34:26.888	0.59330	0.59332			6
2026.05.29	01:34:29.302	0.59326	0.59328			6
2026.05.29	01:34:29.898	0.59324	0.59326			6
2026.05.29	01:34:30.199	0.59323	0.59327			6
2026.05.29	01:34:31.401	0.59324	0.59328			6
2026.05.29	01:34:39.227	0.59323	0.59327			6
2026.05.29	01:34:41.926	0.59324				2
2026.05.29	01:34:47.046	0.59325	0.59329			6
2026.05.29	01:34:47.647	0.59324	0.59327			6
2026.05.29	01:34:47.945	0.59323				2
2026.05.29	01:34:51.852	0.59325	0.59329			6
2026.05.29	01:34:53.657	0.59323	0.59327			6
2026.05.29	01:34:53.961	0.59324	0.59328			6
2026.05.29	01:34:54.858	0.59325	0.59329			6
2026.05.29	01:35:00.276	0.59325				2
2026.05.29	01:35:17.709	0.59326	0.59330			6
2026.05.29	01:35:23.429		0.59329			4
2026.05.29	01:35:35.756	0.59325	0.59328			6
2026.05.29	01:35:36.060	0.59324	0.59327			6
2026.05.29	01:35:50.184	0.59325				2
2026.05.29	01:35:58.305	0.59326	0.59328			6
2026.05.29	01:35:58.607	0.59327	0.59329			6
2026.05.29	01:36:00.109	0.59327				2
2026.05.29	01:36:11.530	0.59325	0.59327			6
2026.05.29	01:36:42.488		0.59326			4
2026.05.29	01:36:43.389		0.59327			4
2026.05.29	01:36:44.586		0.59326			4
2026.05.29	01:36:52.708		0.59327			4
2026.05.29	01:36:53.911		0.59326			4
2026.05.29	01:37:00.227	0.59325				2
2026.05.29	01:37:05.036	0.59326	0.59327			6
2026.05.29	01:37:11.947		0.59328			4
2026.05.29	01:37:13.752		0.59327			4
2026.05.29	01:37:19.161		0.59328			4
2026.05.29	01:37:19.760	0.59325	0.59326			6
2026.05.29	01:37:21.861		0.59327			4
2026.05.29	01:37:23.369		0.59326			4
2026.05.29	01:37:29.677	0.59326	0.59327			6
2026.05.29	01:37:40.803	0.59325				2
2026.05.29	01:37:45.621	0.59322	0.59324			6
2026.05.29	01:37:45.915	0.59323	0.59325			6
2026.05.29	01:37:48.017	0.59322	0.59324			6
2026.05.29	01:37:51.024	0.59324	0.59326			6
2026.05.29	01:37:52.227	0.59323				2
2026.05.29	01:37:52.825	0.59324	0.59327			6
2026.05.29	01:37:55.535	0.59321	0.59324			6
2026.05.29	01:37:55.830	0.59322	0.59325			6
2026.05.29	01:37:56.132	0.59323	0.59326			6
2026.05.29	01:38:00.043	0.59323				2
2026.05.29	01:38:04.850	0.59324	0.59327			6
2026.05.29	01:38:19.283		0.59326			4
2026.05.29	01:38:21.985	0.59325	0.59327			6
2026.05.29	01:38:39.730	0.59323	0.59325			6
2026.05.29	01:38:44.247	0.59324	0.59326			6
2026.05.29	01:38:44.550	0.59325	0.59327			6
2026.05.29	01:38:45.149	0.59324				2
2026.05.29	01:38:49.357	0.59325				2
2026.05.29	01:38:58.079	0.59326	0.59328			6
2026.05.29	01:38:58.375	0.59324	0.59326			6
2026.05.29	01:38:58.676	0.59323	0.59325			6
2026.05.29	01:38:59.280	0.59322				2
2026.05.29	01:39:00.178	0.59322				2
2026.05.29	01:39:12.188	0.59323				2
2026.05.29	01:39:22.116	0.59326	0.59328			6
2026.05.29	01:39:23.318	0.59325				2
2026.05.29	01:39:24.824	0.59328	0.59331			6
2026.05.29	01:39:26.333		0.59332			4
2026.05.29	01:39:28.142		0.59331			4
2026.05.29	01:39:30.853	0.59327	0.59330			6
2026.05.29	01:39:31.149	0.59326	0.59329			6
2026.05.29	01:39:32.357		0.59330			4
2026.05.29	01:39:42.276	0.59325	0.59328			6
2026.05.29	01:39:43.177	0.59324				2
2026.05.29	01:39:50.385	0.59325				2
2026.05.29	01:40:00.004	0.59325				2
2026.05.29	01:40:07.218		0.59327			4
2026.05.29	01:40:11.433	0.59328	0.59330			6
2026.05.29	01:40:11.732	0.59327	0.59329			6
2026.05.29	01:40:12.331		0.59330			4
2026.05.29	01:40:14.137	0.59326	0.59329			6
2026.05.29	01:40:18.352	0.59327				2
2026.05.29	01:40:23.461	0.59326	0.59328			6
2026.05.29	01:40:30.376	0.59327	0.59329			6
2026.05.29	01:40:31.578	0.59326	0.59328			6
2026.05.29	01:40:39.685	0.59325	0.59327			6
2026.05.29	01:40:40.591	0.59328	0.59330			6
2026.05.29	01:40:40.891	0.59327	0.59329			6
2026.05.29	01:40:58.032	0.59326	0.59328			6
2026.05.29	01:41:00.140	0.59326				2
2026.05.29	01:41:16.960	0.59328	0.59329			6
2026.05.29	01:41:17.259	0.59327	0.59330			6
2026.05.29	01:41:18.159	0.59328				2
2026.05.29	01:41:35.312	0.59329	0.59331			6
2026.05.29	01:41:35.611	0.59330	0.59332			6
2026.05.29	01:41:36.212	0.59329				2
2026.05.29	01:41:39.819	0.59328	0.59331			6
2026.05.29	01:41:40.119		0.59332			4
2026.05.29	01:41:41.025	0.59329	0.59333			6
2026.05.29	01:41:45.839	0.59330				2
2026.05.29	01:41:46.738	0.59329				2
2026.05.29	01:41:47.040	0.59330				2
2026.05.29	01:41:47.342	0.59329				2
2026.05.29	01:41:47.640	0.59330				2
2026.05.29	01:41:47.942	0.59329				2
2026.05.29	01:41:59.357	0.59330				2
2026.05.29	01:42:00.258	0.59330				2
2026.05.29	01:42:12.884	0.59331	0.59334			6
2026.05.29	01:42:14.088	0.59328	0.59331			6
2026.05.29	01:42:14.385	0.59326	0.59330			6
2026.05.29	01:42:34.226		0.59329			4
2026.05.29	01:42:34.825	0.59327	0.59330			6
2026.05.29	01:42:35.124	0.59326				2
2026.05.29	01:42:40.232	0.59327				2
2026.05.29	01:42:41.441	0.59326	0.59329			6
2026.05.29	01:42:43.242	0.59325				2
2026.05.29	01:42:47.152	0.59326				2
2026.05.29	01:42:53.765	0.59323	0.59326			6
2026.05.29	01:42:54.060	0.59321	0.59324			6
2026.05.29	01:42:55.262		0.59325			4
2026.05.29	01:42:56.468	0.59324	0.59328			6
2026.05.29	01:43:00.087	0.59324				2
2026.05.29	01:43:01.884	0.59325	0.59329			6
2026.05.29	01:43:21.745	0.59324	0.59328			6
2026.05.29	01:43:27.452	0.59325	0.59329			6
2026.05.29	01:43:28.655	0.59324	0.59328			6
2026.05.29	01:43:32.869	0.59326				2
2026.05.29	01:43:33.171	0.59324				2
2026.05.29	01:43:33.473	0.59326				2
2026.05.29	01:43:34.377	0.59324				2
2026.05.29	01:43:34.677	0.59326				2
2026.05.29	01:43:34.976	0.59324				2
2026.05.29	01:43:35.278	0.59326				2
2026.05.29	01:43:35.581	0.59324				2
2026.05.29	01:43:35.879	0.59326				2
2026.05.29	01:43:36.180	0.59324				2
2026.05.29	01:43:49.107	0.59325				2
2026.05.29	01:44:00.226	0.59325				2
2026.05.29	01:44:02.331		0.59327			4
2026.05.29	01:44:16.155	0.59326				2
2026.05.29	01:44:33.286	0.59327	0.59329			6
2026.05.29	01:44:33.580	0.59328	0.59330			6
2026.05.29	01:44:35.686	0.59327	0.59329			6
2026.05.29	01:45:00.058	0.59327				2
2026.05.29	01:45:04.260		0.59328			4
2026.05.29	01:45:05.160		0.59329			4
2026.05.29	01:45:29.258	0.59328	0.59330			6
2026.05.29	01:45:39.177	0.59326	0.59328			6
2026.05.29	01:45:49.113		0.59327			4
2026.05.29	01:45:51.510		0.59328			4
2026.05.29	01:45:52.711	0.59327	0.59329			6
2026.05.29	01:46:00.233	0.59327				2
2026.05.29	01:46:10.152	0.59326	0.59328			6
2026.05.29	01:46:14.057	0.59327	0.59329			6
2026.05.29	01:46:15.558		0.59328			4
2026.05.29	01:46:19.468	0.59326	0.59327			6
2026.05.29	01:46:27.280		0.59328			4
2026.05.29	01:46:57.049	0.59327				2
2026.05.29	01:46:57.346		0.59329			4
2026.05.29	01:46:58.544		0.59328			4
2026.05.29	01:47:00.054	0.59327				2
2026.05.29	01:47:21.684	0.59326				2
2026.05.29	01:47:56.256	0.59323	0.59325			6
2026.05.29	01:47:57.161		0.59326			4
2026.05.29	01:47:58.362	0.59324				2
2026.05.29	01:47:58.660	0.59325	0.59327			6
2026.05.29	01:47:59.261	0.59324	0.59328			6
2026.05.29	01:48:00.164	0.59324				2
2026.05.29	01:48:04.372	0.59325				2
2026.05.29	01:48:21.206		0.59327			4
2026.05.29	01:48:25.715	0.59326	0.59328			6
2026.05.29	01:49:00.020	0.59326				2
2026.05.29	01:49:04.230	0.59328	0.59330			6
2026.05.29	01:49:05.132	0.59327				2
2026.05.29	01:49:06.335	0.59328				2
2026.05.29	01:49:57.457	0.59326	0.59327			6
2026.05.29	01:49:57.756		0.59328			4
2026.05.29	01:49:59.252	0.59325				2
2026.05.29	01:50:00.153	0.59325				2
2026.05.29	01:50:14.894	0.59326	0.59329			6
2026.05.29	01:50:15.196		0.59328			4
2026.05.29	01:50:18.203		0.59329			4
2026.05.29	01:50:19.109		0.59328			4
2026.05.29	01:50:21.213		0.59329			4
2026.05.29	01:50:22.118		0.59328			4
2026.05.29	01:51:00.008	0.59326				2
2026.05.29	01:51:02.712	0.59327	0.59329			6
2026.05.29	01:51:30.968	0.59326	0.59328			6
2026.05.29	01:51:32.473		0.59327			4
2026.05.29	01:51:42.393	0.59325				2
2026.05.29	01:51:44.502	0.59326	0.59328			6
2026.05.29	01:51:47.506	0.59328	0.59329			6
2026.05.29	01:51:48.110	0.59326				2
2026.05.29	01:51:52.323	0.59330	0.59333			6
2026.05.29	01:51:53.220	0.59329				2
2026.05.29	01:52:00.129	0.59329				2
2026.05.29	01:52:08.850	0.59331	0.59335			6
2026.05.29	01:52:10.050	0.59329	0.59333			6
2026.05.29	01:52:22.981	0.59328	0.59332			6
2026.05.29	01:52:44.333	0.59329				2
2026.05.29	01:53:00.270	0.59329				2
2026.05.29	01:53:00.566	0.59330	0.59333			6
2026.05.29	01:53:13.511	0.59329	0.59332			6
2026.05.29	01:53:15.913	0.59327	0.59330			6
2026.05.29	01:53:16.218	0.59326	0.59329			6
2026.05.29	01:53:17.420		0.59330			4
2026.05.29	01:53:22.236	0.59327				2
2026.05.29	01:53:22.536		0.59331			4
2026.05.29	01:53:27.353		0.59330			4
2026.05.29	01:53:30.058		0.59331			4
2026.05.29	01:53:37.280		0.59330			4
2026.05.29	01:53:37.580	0.59328	0.59332			6
2026.05.29	01:53:39.386	0.59327	0.59331			6
2026.05.29	01:53:55.042	0.59328	0.59332			6
2026.05.29	01:53:55.348	0.59327	0.59330			6
2026.05.29	01:53:56.845	0.59328	0.59332			6
2026.05.29	01:53:57.451	0.59327	0.59331			6
2026.05.29	01:53:59.252	0.59326	0.59330			6
2026.05.29	01:54:00.150	0.59326				2
2026.05.29	01:54:00.751		0.59329			4
2026.05.29	01:54:01.352	0.59327	0.59330			6
2026.05.29	01:54:01.652		0.59331			4
2026.05.29	01:54:05.557	0.59328				2
2026.05.29	01:54:05.863		0.59332			4
2026.05.29	01:54:09.772		0.59331			4
2026.05.29	01:54:21.790	0.59329				2
2026.05.29	01:54:26.004	0.59328				2
2026.05.29	01:54:26.310	0.59326	0.59329			6
2026.05.29	01:54:30.520	0.59327	0.59331			6
2026.05.29	01:54:36.535	0.59326	0.59330			6
2026.05.29	01:54:38.342	0.59327				2
2026.05.29	01:54:50.978	0.59326	0.59329			6
2026.05.29	01:54:56.388	0.59327				2
2026.05.29	01:54:57.291	0.59333	0.59335			6
2026.05.29	01:54:57.588	0.59332	0.59334			6
2026.05.29	01:54:57.887		0.59333			4
2026.05.29	01:54:58.190		0.59334			4
2026.05.29	01:54:58.493		0.59335			4
2026.05.29	01:54:59.092		0.59336			4
2026.05.29	01:55:00.300	0.59332				2
2026.05.29	01:55:07.514		0.59334			4
2026.05.29	01:55:07.816	0.59335	0.59339			6
2026.05.29	01:55:08.118	0.59334	0.59338			6
2026.05.29	01:55:13.233	0.59337	0.59340			6
2026.05.29	01:55:13.533	0.59339	0.59343			6
2026.05.29	01:55:14.433	0.59340	0.59344			6
2026.05.29	01:55:15.037	0.59341	0.59345			6
2026.05.29	01:55:21.648	0.59342				2
2026.05.29	01:55:25.856	0.59341				2
2026.05.29	01:55:41.187	0.59340	0.59344			6
2026.05.29	01:55:47.499	0.59338	0.59342			6
2026.05.29	01:55:47.798	0.59339	0.59343			6
2026.05.29	01:55:48.399	0.59338	0.59342			6
2026.05.29	01:55:48.698		0.59341			4
2026.05.29	01:55:53.807	0.59339	0.59343			6
2026.05.29	01:55:55.312		0.59342			4
2026.05.29	01:56:00.122	0.59340				2
2026.05.29	01:56:01.619	0.59338				2
2026.05.29	01:56:02.530	0.59339	0.59341			6
2026.05.29	01:56:03.426		0.59342			4
2026.05.29	01:56:04.935		0.59341			4
2026.05.29	01:56:05.838	0.59338				2
2026.05.29	01:56:07.642		0.59342			4
2026.05.29	01:56:11.554		0.59341			4
2026.05.29	01:56:11.852	0.59339	0.59342			6
2026.05.29	01:56:14.257	0.59336	0.59340			6
2026.05.29	01:56:14.565	0.59337				2
2026.05.29	01:56:14.865		0.59339			4
2026.05.29	01:56:19.082	0.59336				2
2026.05.29	01:56:28.413	0.59335				2
2026.05.29	01:56:30.819	0.59336	0.59340			6
2026.05.29	01:56:31.420		0.59339			4
2026.05.29	01:56:32.021	0.59337	0.59340			6
2026.05.29	01:56:32.625	0.59336	0.59339			6
2026.05.29	01:56:33.529	0.59337	0.59340			6
2026.05.29	01:56:33.830	0.59336				2
2026.05.29	01:56:39.554	0.59335	0.59339			6
2026.05.29	01:56:41.352	0.59336				2
2026.05.29	01:56:41.959	0.59335	0.59338			6
2026.05.29	01:56:42.560	0.59333	0.59336			6
2026.05.29	01:56:44.362		0.59337			4
2026.05.29	01:56:44.962	0.59334	0.59338			6
2026.05.29	01:56:45.565	0.59333	0.59337			6
2026.05.29	01:56:45.865	0.59332	0.59336			6
2026.05.29	01:56:46.159	0.59333	0.59337			6
2026.05.29	01:56:49.773	0.59335	0.59338			6
2026.05.29	01:56:58.199	0.59334				2
2026.05.29	01:57:00.010	0.59334				2
2026.05.29	01:57:06.623	0.59335	0.59339			6
2026.05.29	01:57:10.238		0.59338			4
2026.05.29	01:57:12.640	0.59336	0.59339			6
2026.05.29	01:57:17.450	0.59335	0.59338			6
2026.05.29	01:57:17.745	0.59337	0.59340			6
2026.05.29	01:57:18.045	0.59336	0.59339			6
2026.05.29	01:57:18.346	0.59338				2
2026.05.29	01:57:27.966	0.59336				2
2026.05.29	01:57:35.183	0.59337	0.59340			6
2026.05.29	01:57:38.187		0.59339			4
2026.05.29	01:57:39.096	0.59338	0.59340			6
2026.05.29	01:57:47.818	0.59337	0.59339			6
2026.05.29	01:57:52.931	0.59340	0.59341			6
2026.05.29	01:57:53.229	0.59341	0.59343			6
2026.05.29	01:57:54.432	0.59340	0.59344			6
2026.05.29	01:57:57.145		0.59343			4
2026.05.29	01:58:00.146	0.59340				2
2026.05.29	01:58:01.649		0.59342			4
2026.05.29	01:58:07.660	0.59339				2
2026.05.29	01:58:16.380		0.59341			4
2026.05.29	01:58:16.685	0.59338				2
2026.05.29	01:58:19.984	0.59337	0.59340			6
2026.05.29	01:58:21.786	0.59339	0.59342			6
2026.05.29	01:58:25.996	0.59338	0.59341			6
2026.05.29	01:58:27.800		0.59340			4
2026.05.29	01:58:28.101	0.59339	0.59341			6
2026.05.29	01:58:33.512		0.59342			4
2026.05.29	01:58:34.116	0.59337	0.59340			6
2026.05.29	01:58:36.818	0.59336	0.59339			6
2026.05.29	01:58:38.624	0.59337	0.59340			6
2026.05.29	01:58:40.735	0.59336	0.59339			6
2026.05.29	01:58:42.842	0.59337	0.59340			6
2026.05.29	01:58:45.850	0.59338	0.59341			6
2026.05.29	01:58:52.760	0.59337	0.59340			6
2026.05.29	01:58:53.661	0.59336	0.59339			6
2026.05.29	01:59:00.272	0.59336				2
2026.05.29	01:59:02.378		0.59338			4
2026.05.29	01:59:03.877	0.59337	0.59339			6
2026.05.29	01:59:09.586	0.59338	0.59340			6
2026.05.29	01:59:13.501	0.59337	0.59339			6
2026.05.29	01:59:20.718	0.59339	0.59341			6
2026.05.29	01:59:23.424	0.59338	0.59340			6
2026.05.29	01:59:25.525	0.59339	0.59341			6
2026.05.29	01:59:27.633	0.59338	0.59340			6
2026.05.29	01:59:29.436	0.59337	0.59339			6
2026.05.29	01:59:30.639	0.59338	0.59340			6
2026.05.29	01:59:50.484	0.59339	0.59341			6
2026.05.29	01:59:52.884	0.59338	0.59340			6
2026.05.29	01:59:53.185	0.59337	0.59339			6
2026.05.29	01:59:53.786	0.59336	0.59338			6
2026.05.29	02:00:00.102	0.59337	0.59339			6
2026.05.29	02:00:07.620	0.59338	0.59340			6
2026.05.29	02:00:08.823	0.59336	0.59338			6
2026.05.29	02:00:10.029	0.59337	0.59339			6
2026.05.29	02:00:15.749	0.59336	0.59338			6
2026.05.29	02:00:16.645	0.59337	0.59339			6
2026.05.29	02:00:25.663	0.59338	0.59340			6
2026.05.29	02:00:25.965	0.59340	0.59342			6
2026.05.29	02:00:26.264		0.59343			4
2026.05.29	02:00:26.571	0.59339	0.59342			6
2026.05.29	02:00:29.875	0.59337	0.59340			6
2026.05.29	02:00:30.178		0.59341			4
2026.05.29	02:00:30.776	0.59336	0.59340			6
2026.05.29	02:00:34.689	0.59337	0.59341			6
2026.05.29	02:00:37.405	0.59338				2
2026.05.29	02:00:38.907	0.59339	0.59342			6
2026.05.29	02:00:39.210		0.59343			4
2026.05.29	02:00:41.017	0.59338	0.59342			6
2026.05.29	02:00:41.919	0.59348	0.59350			6
2026.05.29	02:00:42.216	0.59353	0.59357			6
2026.05.29	02:00:42.515	0.59352	0.59356			6
2026.05.29	02:00:43.116	0.59355	0.59359			6
2026.05.29	02:00:47.941	0.59351	0.59355			6
2026.05.29	02:00:48.244	0.59352	0.59356			6
2026.05.29	02:00:50.649	0.59353	0.59357			6
2026.05.29	02:00:50.947	0.59352	0.59356			6
2026.05.29	02:00:51.549	0.59353	0.59357			6
2026.05.29	02:00:53.649	0.59352	0.59356			6
2026.05.29	02:00:53.951	0.59357	0.59359			6
2026.05.29	02:00:54.254		0.59361			4
2026.05.29	02:00:54.558	0.59359	0.59363			6
2026.05.29	02:00:54.854	0.59360	0.59364			6
2026.05.29	02:00:55.153	0.59361	0.59365			6
2026.05.29	02:00:56.053	0.59368	0.59372			6
2026.05.29	02:00:56.957	0.59374	0.59378			6
2026.05.29	02:00:57.857	0.59380	0.59384			6
2026.05.29	02:00:58.158	0.59385	0.59388			6
2026.05.29	02:00:58.458	0.59384				2
2026.05.29	02:00:58.755	0.59385				2
2026.05.29	02:00:59.057	0.59390	0.59394			6
2026.05.29	02:00:59.357	0.59388	0.59391			6
2026.05.29	02:00:59.656	0.59391	0.59392			6
2026.05.29	02:00:59.959	0.59400	0.59404			6
2026.05.29	02:01:00.258	0.59400				2
2026.05.29	02:01:00.563	0.59399	0.59403			6
2026.05.29	02:01:00.863	0.59401	0.59404			6
2026.05.29	02:01:01.158	0.59404	0.59407			6
2026.05.29	02:01:01.457	0.59405	0.59408			6
2026.05.29	02:01:01.761		0.59409			4
2026.05.29	02:01:02.060	0.59414	0.59415			6
2026.05.29	02:01:02.358	0.59420	0.59422			6
2026.05.29	02:01:02.658	0.59422	0.59426			6
2026.05.29	02:01:02.963	0.59421	0.59425			6
2026.05.29	02:01:03.260	0.59424	0.59428			6
2026.05.29	02:01:03.861	0.59416	0.59420			6
2026.05.29	02:01:04.161	0.59411	0.59415			6
2026.05.29	02:01:05.062	0.59418	0.59419			6
2026.05.29	02:01:05.362	0.59443	0.59444			6
2026.05.29	02:01:05.661	0.59445	0.59449			6
2026.05.29	02:01:05.961	0.59446	0.59450			6
2026.05.29	02:01:06.261	0.59440	0.59444			6
2026.05.29	02:01:06.562	0.59437	0.59441			6
2026.05.29	02:01:06.862	0.59436	0.59440			6
2026.05.29	02:01:07.463	0.59435	0.59439			6
2026.05.29	02:01:07.764	0.59432	0.59436			6
2026.05.29	02:01:08.064	0.59435	0.59439			6
2026.05.29	02:01:08.365	0.59425	0.59429			6
2026.05.29	02:01:08.666	0.59426	0.59430			6
2026.05.29	02:01:09.266	0.59428	0.59432			6
2026.05.29	02:01:09.566	0.59430	0.59434			6
2026.05.29	02:01:10.472	0.59427	0.59430			6
2026.05.29	02:01:10.772	0.59423	0.59427			6
2026.05.29	02:01:11.072	0.59422	0.59426			6
2026.05.29	02:01:11.673	0.59419	0.59423			6
2026.05.29	02:01:13.175	0.59420				2
2026.05.29	02:01:14.078	0.59419				2
2026.05.29	02:01:14.682	0.59430	0.59431			6
2026.05.29	02:01:14.981	0.59436	0.59440			6
2026.05.29	02:01:15.280	0.59435	0.59439			6
2026.05.29	02:01:15.883	0.59444	0.59448			6
2026.05.29	02:01:16.182	0.59451	0.59452			6
2026.05.29	02:01:16.482	0.59450	0.59454			6
2026.05.29	02:01:16.783	0.59449	0.59453			6
2026.05.29	02:01:17.082	0.59450	0.59454			6
2026.05.29	02:01:17.382	0.59449	0.59451			6
2026.05.29	02:01:17.683	0.59447				2
2026.05.29	02:01:18.586	0.59439	0.59443			6
2026.05.29	02:01:19.486	0.59437	0.59441			6
2026.05.29	02:01:19.787	0.59436	0.59440			6
2026.05.29	02:01:20.087	0.59437	0.59441			6
2026.05.29	02:01:20.689	0.59432	0.59435			6
2026.05.29	02:01:20.988	0.59429	0.59433			6
2026.05.29	02:01:21.288	0.59430	0.59434			6
2026.05.29	02:01:21.889	0.59431				2
2026.05.29	02:01:22.189	0.59433	0.59437			6
2026.05.29	02:01:23.690	0.59434	0.59438			6
2026.05.29	02:01:24.592	0.59433	0.59437			6
2026.05.29	02:01:24.895	0.59434	0.59438			6
2026.05.29	02:01:25.198	0.59430	0.59434			6
2026.05.29	02:01:25.497	0.59421	0.59425			6
2026.05.29	02:01:25.798	0.59420	0.59424			6
2026.05.29	02:01:26.100		0.59423			4
2026.05.29	02:01:26.400		0.59424			4
2026.05.29	02:01:26.701	0.59422	0.59426			6
2026.05.29	02:01:27.301	0.59423	0.59427			6
2026.05.29	02:01:29.714	0.59422	0.59426			6
2026.05.29	02:01:30.007	0.59423	0.59427			6
2026.05.29	02:01:30.315	0.59415	0.59419			6
2026.05.29	02:01:30.609	0.59414	0.59418			6
2026.05.29	02:01:30.908	0.59413	0.59417			6
2026.05.29	02:01:31.208	0.59414	0.59418			6
2026.05.29	02:01:31.512	0.59412	0.59416			6
2026.05.29	02:01:33.015		0.59415			4
2026.05.29	02:01:33.316	0.59411				2
2026.05.29	02:01:35.429	0.59414				2
2026.05.29	02:01:36.032	0.59411				2
2026.05.29	02:01:36.331	0.59414				2
2026.05.29	02:01:36.632	0.59411				2
2026.05.29	02:01:36.933	0.59414				2
2026.05.29	02:01:37.234	0.59411				2
2026.05.29	02:01:37.534	0.59414				2
2026.05.29	02:01:37.840	0.59411				2
2026.05.29	02:01:38.144	0.59414				2
2026.05.29	02:01:38.438	0.59412	0.59416			6
2026.05.29	02:01:38.738	0.59415	0.59419			6
2026.05.29	02:01:40.548	0.59416	0.59420			6
2026.05.29	02:01:41.751	0.59415	0.59419			6
2026.05.29	02:01:42.644	0.59416	0.59420			6
2026.05.29	02:01:43.844	0.59413	0.59417			6
2026.05.29	02:01:44.747	0.59414	0.59418			6
2026.05.29	02:01:46.248	0.59415	0.59419			6
2026.05.29	02:01:46.548	0.59414	0.59418			6
2026.05.29	02:01:47.149	0.59415	0.59419			6
2026.05.29	02:01:48.053	0.59416	0.59420			6
2026.05.29	02:01:49.256	0.59419	0.59422			6
2026.05.29	02:01:49.557		0.59423			4
2026.05.29	02:01:50.458	0.59421	0.59425			6
2026.05.29	02:01:51.058	0.59420	0.59424			6
2026.05.29	02:01:51.959	0.59421	0.59425			6
2026.05.29	02:01:52.562	0.59420	0.59424			6
2026.05.29	02:01:52.863	0.59419	0.59423			6
2026.05.29	02:01:53.164	0.59415	0.59419			6
2026.05.29	02:01:53.465	0.59416	0.59420			6
2026.05.29	02:01:54.071	0.59414	0.59418			6
2026.05.29	02:01:54.373	0.59415	0.59419			6
2026.05.29	02:01:56.476	0.59414	0.59418			6
2026.05.29	02:01:57.076	0.59413	0.59416			6
2026.05.29	02:01:57.376	0.59410	0.59414			6
2026.05.29	02:01:57.978	0.59409	0.59413			6
2026.05.29	02:01:58.879	0.59410	0.59414			6
2026.05.29	02:01:59.178	0.59411	0.59415			6
2026.05.29	02:02:00.080	0.59411				2
2026.05.29	02:02:00.980	0.59412	0.59416			6
2026.05.29	02:02:01.282		0.59414			4
2026.05.29	02:02:01.581	0.59410				2
2026.05.29	02:02:02.182	0.59411				2
2026.05.29	02:02:02.482	0.59412	0.59415			6
2026.05.29	02:02:02.782		0.59416			4
2026.05.29	02:02:03.383	0.59413	0.59415			6
2026.05.29	02:02:04.885	0.59412	0.59416			6
2026.05.29	02:02:07.598	0.59422	0.59423			6
2026.05.29	02:02:07.892	0.59423	0.59427			6
2026.05.29	02:02:08.196	0.59424				2
2026.05.29	02:02:08.497		0.59428			4
2026.05.29	02:02:08.800	0.59422	0.59426			6
2026.05.29	02:02:09.093		0.59424			4
2026.05.29	02:02:10.901	0.59428	0.59432			6
2026.05.29	02:02:11.799	0.59427	0.59431			6
2026.05.29	02:02:13.006	0.59426	0.59430			6
2026.05.29	02:02:13.304	0.59427	0.59431			6
2026.05.29	02:02:13.907		0.59430			4
2026.05.29	02:02:14.808		0.59431			4
2026.05.29	02:02:15.111	0.59436	0.59437			6
2026.05.29	02:02:15.413	0.59438	0.59443			6
2026.05.29	02:02:15.709	0.59439	0.59442			6
2026.05.29	02:02:16.010	0.59438				2
2026.05.29	02:02:16.309	0.59437	0.59441			6
2026.05.29	02:02:17.212	0.59435	0.59439			6
2026.05.29	02:02:17.812	0.59430	0.59434			6
2026.05.29	02:02:18.416	0.59429	0.59433			6
2026.05.29	02:02:19.018	0.59428	0.59432			6
2026.05.29	02:02:19.317	0.59429	0.59433			6
2026.05.29	02:02:19.623	0.59428	0.59432			6
2026.05.29	02:02:20.217	0.59427	0.59431			6
2026.05.29	02:02:20.521	0.59426	0.59430			6
2026.05.29	02:02:20.824	0.59430	0.59433			6
2026.05.29	02:02:21.428	0.59440	0.59441			6
2026.05.29	02:02:21.723	0.59434	0.59438			6
2026.05.29	02:02:22.024	0.59433	0.59437			6
2026.05.29	02:02:22.925	0.59432	0.59435			6
2026.05.29	02:02:23.828	0.59435	0.59438			6
2026.05.29	02:02:24.430	0.59436	0.59439			6
2026.05.29	02:02:25.932	0.59435	0.59438			6
2026.05.29	02:02:27.738	0.59434	0.59437			6
2026.05.29	02:02:28.038		0.59438			4
2026.05.29	02:02:28.338	0.59433	0.59437			6
2026.05.29	02:02:28.939		0.59436			4
2026.05.29	02:02:29.239		0.59437			4
2026.05.29	02:02:29.841	0.59434	0.59438			6
2026.05.29	02:02:31.044	0.59433	0.59437			6
2026.05.29	02:02:31.345	0.59439	0.59443			6
2026.05.29	02:02:31.644	0.59437	0.59440			6
2026.05.29	02:02:31.946	0.59434	0.59438			6
2026.05.29	02:02:32.847		0.59437			4
2026.05.29	02:02:34.349	0.59433				2
2026.05.29	02:02:35.550	0.59453	0.59456			6
2026.05.29	02:02:35.850	0.59450	0.59454			6
2026.05.29	02:02:36.149	0.59451				2
2026.05.29	02:02:36.450	0.59452	0.59456			6
2026.05.29	02:02:37.051	0.59455				2
2026.05.29	02:02:37.350		0.59459			4
2026.05.29	02:02:38.852	0.59451	0.59455			6
2026.05.29	02:02:39.152	0.59450	0.59453			6
2026.05.29	02:02:39.457	0.59452	0.59454			6
2026.05.29	02:02:39.759	0.59450				2
2026.05.29	02:02:40.058	0.59449	0.59452			6
2026.05.29	02:02:40.359	0.59448				2
2026.05.29	02:02:41.261	0.59450	0.59453			6
2026.05.29	02:02:41.559	0.59452	0.59454			6
2026.05.29	02:02:41.859	0.59451	0.59455			6
2026.05.29	02:02:42.159	0.59456	0.59460			6
2026.05.29	02:02:42.463	0.59458	0.59462			6
2026.05.29	02:02:42.762	0.59459	0.59463			6
2026.05.29	02:02:43.670	0.59460				2
2026.05.29	02:02:45.780	0.59458	0.59462			6
2026.05.29	02:02:46.078	0.59459	0.59461			6
2026.05.29	02:02:46.382	0.59457	0.59459			6
2026.05.29	02:02:46.677	0.59454	0.59458			6
2026.05.29	02:02:47.882	0.59455				2
2026.05.29	02:02:48.182	0.59454	0.59456			6
2026.05.29	02:02:48.483	0.59451	0.59454			6
2026.05.29	02:02:48.783		0.59453			4
2026.05.29	02:02:51.183	0.59450	0.59452			6
2026.05.29	02:02:51.484	0.59449	0.59453			6
2026.05.29	02:02:51.784	0.59447	0.59451			6
2026.05.29	02:02:52.086	0.59448				2
2026.05.29	02:02:52.386	0.59447	0.59450			6
2026.05.29	02:02:52.988	0.59449	0.59452			6
2026.05.29	02:02:53.290		0.59453			4
2026.05.29	02:02:54.192	0.59454	0.59456			6
2026.05.29	02:02:54.494	0.59455	0.59459			6
2026.05.29	02:02:55.700	0.59459	0.59460			6
2026.05.29	02:02:56.000	0.59458	0.59462			6
2026.05.29	02:02:56.301		0.59461			4
2026.05.29	02:02:58.111		0.59460			4
2026.05.29	02:02:58.714		0.59461			4
2026.05.29	02:02:59.916		0.59460			4
2026.05.29	02:03:00.217	0.59458	0.59461			6
2026.05.29	02:03:01.713	0.59459				2
2026.05.29	02:03:02.015	0.59458				2
2026.05.29	02:03:04.721	0.59449	0.59452			6
2026.05.29	02:03:06.599		0.59453			4
2026.05.29	02:03:06.899	0.59448	0.59452			6
2026.05.29	02:03:07.799	0.59449	0.59453			6
2026.05.29	02:03:09.693	0.59450				2
2026.05.29	02:03:10.294	0.59449	0.59452			6
2026.05.29	02:03:13.000	0.59450	0.59453			6
2026.05.29	02:03:16.306	0.59449	0.59452			6
2026.05.29	02:03:16.906	0.59446	0.59449			6
2026.05.29	02:03:17.207	0.59440	0.59443			6
2026.05.29	02:03:17.507	0.59438	0.59441			6
2026.05.29	02:03:19.011	0.59439	0.59442			6
2026.05.29	02:03:20.967	0.59445	0.59448			6
2026.05.29	02:03:21.263	0.59446	0.59449			6
2026.05.29	02:03:24.569	0.59447				2
2026.05.29	02:03:26.678	0.59446				2
2026.05.29	02:03:31.782	0.59442	0.59445			6
2026.05.29	02:03:32.083	0.59441	0.59444			6
2026.05.29	02:03:35.395	0.59440	0.59443			6
2026.05.29	02:03:38.101	0.59445	0.59447			6
2026.05.29	02:03:38.401		0.59448			4
2026.05.29	02:03:43.928	0.59446				2
2026.05.29	02:03:44.829	0.59450	0.59452			6
2026.05.29	02:03:45.131	0.59452	0.59455			6
2026.05.29	02:03:45.733	0.59455	0.59456			6
2026.05.29	02:03:46.034	0.59452	0.59455			6
2026.05.29	02:03:46.334	0.59450	0.59453			6
2026.05.29	02:03:46.635	0.59451	0.59454			6
2026.05.29	02:03:51.746	0.59450	0.59453			6
2026.05.29	02:03:53.551	0.59451	0.59454			6
2026.05.29	02:03:56.256	0.59447	0.59450			6
2026.05.29	02:03:56.557	0.59445	0.59448			6
2026.05.29	02:03:56.861	0.59446	0.59449			6
2026.05.29	02:03:57.162	0.59445	0.59448			6
2026.05.29	02:03:58.972	0.59444	0.59447			6
2026.05.29	02:04:00.173	0.59444				2
2026.05.29	02:04:00.473	0.59446	0.59449			6
2026.05.29	02:04:00.774	0.59448	0.59451			6
2026.05.29	02:04:01.674	0.59452	0.59454			6
2026.05.29	02:04:02.576	0.59450	0.59453			6
2026.05.29	02:04:02.877	0.59449	0.59452			6
2026.05.29	02:04:06.780	0.59448	0.59451			6
2026.05.29	02:04:07.080	0.59447	0.59450			6
2026.05.29	02:04:10.383	0.59448	0.59451			6
2026.05.29	02:04:10.683	0.59447	0.59450			6
2026.05.29	02:04:12.786	0.59444	0.59447			6
2026.05.29	02:04:13.088	0.59443	0.59446			6
2026.05.29	02:04:13.388		0.59445			4
2026.05.29	02:04:13.689		0.59446			4
2026.05.29	02:04:13.989	0.59444	0.59447			6
2026.05.29	02:04:16.098	0.59445	0.59448			6
2026.05.29	02:04:16.397	0.59448	0.59451			6
2026.05.29	02:04:16.697	0.59447	0.59450			6
2026.05.29	02:04:17.298	0.59446	0.59449			6
2026.05.29	02:04:17.899	0.59444	0.59447			6
2026.05.29	02:04:22.109	0.59443	0.59446			6
2026.05.29	02:04:22.409	0.59444	0.59447			6
2026.05.29	02:04:23.012	0.59445	0.59448			6
2026.05.29	02:04:25.416	0.59444	0.59447			6
2026.05.29	02:04:27.527	0.59445	0.59448			6
2026.05.29	02:04:28.729	0.59443	0.59446			6
2026.05.29	02:04:30.842	0.59444	0.59447			6
2026.05.29	02:04:31.141	0.59443	0.59446			6
2026.05.29	02:04:31.442	0.59444	0.59447			6
2026.05.29	02:04:34.747	0.59445	0.59448			6
2026.05.29	02:04:35.047	0.59444	0.59447			6
2026.05.29	02:04:35.948	0.59445	0.59448			6
2026.05.29	02:04:36.248	0.59444	0.59447			6
2026.05.29	02:04:36.548	0.59445	0.59448			6
2026.05.29	02:04:43.159	0.59444	0.59447			6
2026.05.29	02:04:43.462	0.59443	0.59446			6
2026.05.29	02:04:43.763	0.59444	0.59447			6
2026.05.29	02:04:53.087	0.59445				2
2026.05.29	02:04:55.491	0.59444	0.59446			6
2026.05.29	02:04:55.790	0.59448	0.59450			6
2026.05.29	02:04:56.090	0.59451	0.59453			6
2026.05.29	02:04:57.293		0.59454			4
2026.05.29	02:04:57.894	0.59450	0.59453			6
2026.05.29	02:04:58.195	0.59451	0.59454			6
2026.05.29	02:05:00.298	0.59451				2
2026.05.29	02:05:00.598	0.59449	0.59453			6
2026.05.29	02:05:02.701	0.59450				2
2026.05.29	02:05:03.301		0.59452			4
2026.05.29	02:05:06.006	0.59451	0.59453			6
2026.05.29	02:05:12.924	0.59452	0.59454			6
2026.05.29	02:05:13.526	0.59456	0.59457			6
2026.05.29	02:05:13.826		0.59458			4
2026.05.29	02:05:14.127	0.59457	0.59459			6
2026.05.29	02:05:24.649	0.59456	0.59458			6
2026.05.29	02:05:25.549	0.59451	0.59453			6
2026.05.29	02:05:25.849	0.59449	0.59451			6
2026.05.29	02:05:28.552	0.59450	0.59452			6
2026.05.29	02:05:33.663	0.59435	0.59437			6
2026.05.29	02:05:33.962	0.59431	0.59433			6
2026.05.29	02:05:34.264		0.59434			4
2026.05.29	02:05:34.865	0.59432	0.59435			6
2026.05.29	02:05:39.069	0.59433	0.59436			6
2026.05.29	02:05:42.976	0.59434	0.59437			6
2026.05.29	02:05:50.195	0.59433	0.59436			6
2026.05.29	02:05:51.096	0.59434	0.59437			6
2026.05.29	02:05:51.999	0.59433	0.59436			6
2026.05.29	02:05:52.299	0.59432	0.59435			6
2026.05.29	02:05:53.504	0.59433	0.59436			6
2026.05.29	02:05:58.919	0.59434	0.59437			6
2026.05.29	02:06:00.125	0.59434				2
2026.05.29	02:06:03.429	0.59433	0.59436			6
2026.05.29	02:06:07.342	0.59434				2
2026.05.29	02:06:17.555	0.59433	0.59435			6
2026.05.29	02:06:18.157	0.59432	0.59434			6
2026.05.29	02:06:18.456	0.59433	0.59435			6
2026.05.29	02:06:19.357	0.59432	0.59434			6
2026.05.29	02:06:19.957	0.59431	0.59433			6
2026.05.29	02:06:20.258	0.59430	0.59432			6
2026.05.29	02:06:22.063	0.59429	0.59431			6
2026.05.29	02:06:24.473	0.59427	0.59429			6
2026.05.29	02:06:24.772	0.59425	0.59427			6
2026.05.29	02:06:25.073	0.59423	0.59425			6
2026.05.29	02:06:26.574	0.59424	0.59426			6
2026.05.29	02:06:26.876	0.59425	0.59427			6
2026.05.29	02:06:36.791	0.59426	0.59428			6
2026.05.29	02:06:37.093	0.59414	0.59416			6
2026.05.29	02:06:37.394	0.59411	0.59413			6
2026.05.29	02:06:37.995	0.59413	0.59415			6
2026.05.29	02:06:38.295		0.59416			4
2026.05.29	02:06:38.595	0.59414				2
2026.05.29	02:06:38.896	0.59413				2
2026.05.29	02:06:42.505	0.59412	0.59414			6
2026.05.29	02:06:42.805	0.59422	0.59424			6
2026.05.29	02:06:47.618		0.59425			4
2026.05.29	02:07:00.253	0.59422				2
2026.05.29	02:07:05.358	0.59419	0.59422			6
2026.05.29	02:07:05.658	0.59420	0.59423			6
2026.05.29	02:07:05.959	0.59419	0.59422			6
2026.05.29	02:07:06.860	0.59420				2
2026.05.29	02:07:09.273		0.59423			4
2026.05.29	02:07:17.390	0.59419	0.59422			6
2026.05.29	02:07:17.690	0.59418	0.59421			6
2026.05.29	02:07:17.991	0.59413	0.59416			6
2026.05.29	02:07:18.291	0.59412	0.59415			6
2026.05.29	02:07:18.592	0.59413				2
2026.05.29	02:07:19.195	0.59412				2
2026.05.29	02:07:22.805	0.59405	0.59406			6
2026.05.29	02:07:23.102	0.59401	0.59404			6
2026.05.29	02:07:26.410	0.59402	0.59405			6
2026.05.29	02:07:27.310	0.59401	0.59404			6
2026.05.29	02:07:27.611	0.59400	0.59402			6
2026.05.29	02:07:27.910	0.59399				2
2026.05.29	02:07:28.211	0.59400				2
2026.05.29	02:07:31.220		0.59401			4
2026.05.29	02:07:33.328	0.59399	0.59402			6
2026.05.29	02:07:33.629		0.59401			4
2026.05.29	02:07:34.229		0.59402			4
2026.05.29	02:07:39.042		0.59401			4
2026.05.29	02:07:40.242		0.59402			4
2026.05.29	02:07:47.754	0.59400	0.59403			6
2026.05.29	02:07:48.055	0.59399	0.59401			6
2026.05.29	02:07:48.955	0.59400	0.59403			6
2026.05.29	02:07:51.358		0.59402			4
2026.05.29	02:07:59.481	0.59401	0.59403			6
2026.05.29	02:08:00.081	0.59401				2
2026.05.29	02:08:00.381	0.59400	0.59402			6
2026.05.29	02:08:01.886	0.59399	0.59401			6
2026.05.29	02:08:03.087	0.59400	0.59402			6
2026.05.29	02:08:04.288	0.59401	0.59403			6
2026.05.29	02:08:04.589	0.59400	0.59402			6
2026.05.29	02:08:05.192	0.59401				2
2026.05.29	02:08:06.093		0.59403			4
2026.05.29	02:08:07.897	0.59402	0.59404			6
2026.05.29	02:08:12.407	0.59399	0.59401			6
2026.05.29	02:08:13.308	0.59400	0.59402			6
2026.05.29	02:08:13.610	0.59401	0.59403			6
2026.05.29	02:08:18.419	0.59402				2
2026.05.29	02:08:18.719	0.59399	0.59401			6
2026.05.29	02:08:19.321	0.59398	0.59400			6
2026.05.29	02:08:19.622	0.59399	0.59401			6
2026.05.29	02:08:25.642	0.59398	0.59400			6
2026.05.29	02:08:28.344	0.59400	0.59402			6
2026.05.29	02:08:32.550	0.59401				2
2026.05.29	02:08:32.849	0.59400				2
2026.05.29	02:08:33.150	0.59401				2
2026.05.29	02:08:33.451	0.59400				2
2026.05.29	02:08:33.750	0.59401				2
2026.05.29	02:08:34.652		0.59403			4
2026.05.29	02:08:37.053	0.59400	0.59402			6
2026.05.29	02:08:37.354	0.59403	0.59405			6
2026.05.29	02:08:37.654	0.59405	0.59407			6
2026.05.29	02:08:38.556	0.59406	0.59408			6
2026.05.29	02:08:38.858	0.59407	0.59409			6
2026.05.29	02:08:39.159	0.59406	0.59408			6
2026.05.29	02:08:40.062	0.59405	0.59407			6
2026.05.29	02:08:48.181	0.59406	0.59408			6
2026.05.29	02:08:54.185	0.59405	0.59407			6
2026.05.29	02:08:56.591	0.59407	0.59409			6
2026.05.29	02:08:58.996	0.59406	0.59408			6
2026.05.29	02:08:59.597	0.59408	0.59410			6
2026.05.29	02:09:00.199	0.59407	0.59409			6
2026.05.29	02:09:05.015	0.59404	0.59406			6
2026.05.29	02:09:05.315	0.59403	0.59405			6
2026.05.29	02:09:05.616	0.59402	0.59404			6
2026.05.29	02:09:07.117	0.59403	0.59405			6
2026.05.29	02:09:16.435	0.59402	0.59404			6
2026.05.29	02:09:18.243	0.59403	0.59405			6
2026.05.29	02:09:42.889	0.59405	0.59407			6
2026.05.29	02:09:43.490	0.59406	0.59408			6
2026.05.29	02:09:48.601	0.59405	0.59407			6
2026.05.29	02:09:52.511	0.59406	0.59408			6
2026.05.29	02:09:59.437	0.59407	0.59409			6
2026.05.29	02:10:00.038	0.59407				2
2026.05.29	02:10:00.940	0.59406	0.59408			6
2026.05.29	02:10:02.140	0.59409	0.59411			6
2026.05.29	02:10:02.441	0.59410	0.59412			6
2026.05.29	02:10:05.142	0.59409	0.59411			6
2026.05.29	02:10:05.442	0.59410	0.59412			6
