<DATE>	<TIME>	<BID>	<ASK>	<LAST>	<VOLUME>	<FLAGS>
2026.04.17	00:03:30.423	0.58918	0.58972			6
2026.04.17	00:04:00.234	0.58918				2
2026.04.17	00:04:30.631		0.58972			4
2026.04.17	00:05:00.178	0.58918				2
2026.04.17	00:05:00.778	0.58905	0.58958			6
2026.04.17	00:05:04.091	0.58923	0.58976			6
2026.04.17	00:05:13.110	0.58925	0.58978			6
2026.04.17	00:05:31.195	0.58933	0.58986			6
2026.04.17	00:05:31.496	0.58940	0.58993			6
2026.04.17	00:05:34.804	0.58925				2
2026.04.17	00:05:36.007	0.58926				2
2026.04.17	00:05:38.720	0.58925				2
2026.04.17	00:05:41.126	0.58939				2
2026.04.17	00:05:42.332	0.58925				2
2026.04.17	00:05:51.060	0.58940				2
2026.04.17	00:05:51.663	0.58938				2
2026.04.17	00:05:51.965	0.58925				2
2026.04.17	00:06:00.087	0.58925				2
2026.04.17	00:06:00.988	0.58921	0.58989			6
2026.04.17	00:06:01.292	0.58934				2
2026.04.17	00:06:06.100	0.58936				2
2026.04.17	00:06:07.305	0.58921				2
2026.04.17	00:06:11.214	0.58935				2
2026.04.17	00:06:13.318	0.58936	0.58990			6
2026.04.17	00:06:15.427	0.58921				2
2026.04.17	00:06:16.028	0.58936				2
2026.04.17	00:06:21.142	0.58937				2
2026.04.17	00:06:51.235	0.58846	0.58993			6
2026.04.17	00:06:52.136	0.58913	0.58940			6
2026.04.17	00:07:00.263	0.58913				2
2026.04.17	00:07:48.133	0.58919	0.58946			6
2026.04.17	00:07:51.141	0.58920	0.58947			6
2026.04.17	00:07:52.042	0.58915	0.58942			6
2026.04.17	00:08:00.162	0.58915				2
2026.04.17	00:08:48.321	0.58921	0.58948			6
2026.04.17	00:08:59.465	0.58916	0.58943			6
2026.04.17	00:09:00.066	0.58916				2
2026.04.17	00:09:10.602	0.58917	0.58944			6
2026.04.17	00:09:40.399	0.58918	0.58945			6
2026.04.17	00:10:00.295	0.58918				2
2026.04.17	00:10:03.605	0.58917	0.58944			6
2026.04.17	00:11:00.188	0.58917				2
2026.04.17	00:11:03.798		0.58944			4
2026.04.17	00:11:08.304	0.58908	0.58935			6
2026.04.17	00:11:31.476	0.58918	0.58945			6
2026.04.17	00:11:34.182	0.58915	0.58942			6
2026.04.17	00:11:37.192	0.58911	0.58938			6
2026.04.17	00:11:46.822	0.58912	0.58939			6
2026.04.17	00:11:47.726	0.58921	0.58948			6
2026.04.17	00:11:48.027	0.58912	0.58939			6
2026.04.17	00:11:59.453	0.58915	0.58942			6
2026.04.17	00:12:00.054	0.58915				2
2026.04.17	00:12:05.775	0.58909	0.58936			6
2026.04.17	00:12:06.077	0.58917	0.58944			6
2026.04.17	00:12:06.379	0.58918	0.58945			6
2026.04.17	00:12:06.980	0.58917	0.58944			6
2026.04.17	00:12:08.483	0.58918	0.58945			6
2026.04.17	00:12:15.711	0.58926	0.58953			6
2026.04.17	00:12:31.345	0.58924	0.58951			6
2026.04.17	00:12:49.999	0.58912	0.58939			6
2026.04.17	00:12:56.919	0.58924	0.58951			6
2026.04.17	00:12:57.220	0.58925	0.58952			6
2026.04.17	00:13:00.223	0.58925				2
2026.04.17	00:13:11.353	0.58920	0.58947			6
2026.04.17	00:13:17.383	0.58917	0.58944			6
2026.04.17	00:13:19.191	0.58922	0.58949			6
2026.04.17	00:13:19.491	0.58915	0.58942			6
2026.04.17	00:13:49.906	0.58918	0.58945			6
2026.04.17	00:14:00.146	0.58918				2
2026.04.17	00:14:10.389	0.58919	0.58946			6
2026.04.17	00:14:17.305	0.58918	0.58945			6
2026.04.17	00:14:30.538	0.58921	0.58948			6
2026.04.17	00:14:44.397	0.58920	0.58947			6
2026.04.17	00:14:58.543	0.58921	0.58948			6
2026.04.17	00:15:00.053	0.58921				2
2026.04.17	00:15:04.574	0.58920	0.58947			6
2026.04.17	00:15:08.188	0.58919	0.58946			6
2026.04.17	00:15:08.489	0.58920	0.58947			6
2026.04.17	00:15:18.718	0.58919	0.58946			6
2026.04.17	00:15:48.205	0.58923	0.58950			6
2026.04.17	00:16:00.242	0.58923				2
2026.04.17	00:16:04.747	0.58920	0.58947			6
2026.04.17	00:16:05.048	0.58924	0.58951			6
2026.04.17	00:16:08.655	0.58923	0.58950			6
2026.04.17	00:16:11.666	0.58922	0.58949			6
2026.04.17	00:16:22.814	0.58928	0.58955			6
2026.04.17	00:16:27.929	0.58926	0.58953			6
2026.04.17	00:16:29.133	0.58931	0.58958			6
2026.04.17	00:16:41.178	0.58930	0.58957			6
2026.04.17	00:16:51.413	0.58924	0.58951			6
2026.04.17	00:16:57.126	0.58923	0.58950			6
2026.04.17	00:16:57.426	0.58924	0.58951			6
2026.04.17	00:17:00.133	0.58924				2
2026.04.17	00:17:07.971	0.58923	0.58950			6
2026.04.17	00:17:08.273	0.58914	0.58941			6
2026.04.17	00:17:08.574	0.58924	0.58951			6
2026.04.17	00:17:09.475	0.58923	0.58950			6
2026.04.17	00:17:09.775	0.58920	0.58947			6
2026.04.17	00:17:10.076	0.58921	0.58948			6
2026.04.17	00:17:12.185	0.58922	0.58949			6
2026.04.17	00:17:14.894	0.58930	0.58957			6
2026.04.17	00:17:26.020	0.58929	0.58956			6
2026.04.17	00:17:30.539	0.58924	0.58951			6
2026.04.17	00:17:35.648	0.58923	0.58950			6
2026.04.17	00:17:37.459	0.58924	0.58951			6
2026.04.17	00:17:45.894	0.58933	0.58960			6
2026.04.17	00:17:46.493	0.58932	0.58959			6
2026.04.17	00:17:48.596	0.58933	0.58960			6
2026.04.17	00:17:56.107	0.58929	0.58956			6
2026.04.17	00:17:56.407	0.58938	0.58965			6
2026.04.17	00:17:56.709	0.58935				2
2026.04.17	00:18:00.025	0.58934				2
2026.04.17	00:18:01.227	0.58938				2
2026.04.17	00:18:06.031	0.58932				2
2026.04.17	00:18:06.331	0.58936				2
2026.04.17	00:18:11.441	0.58938				2
2026.04.17	00:18:25.583	0.58937	0.58964			6
2026.04.17	00:18:31.301	0.58934	0.58961			6
2026.04.17	00:18:31.600	0.58933	0.58960			6
2026.04.17	00:18:32.806	0.58934	0.58961			6
2026.04.17	00:18:41.233	0.58933	0.58960			6
2026.04.17	00:18:46.043	0.58897	0.59002			6
2026.04.17	00:18:46.343		0.59007			4
2026.04.17	00:18:46.812	0.58898	0.59006			6
2026.04.17	00:18:48.506	0.58894	0.58993			6
2026.04.17	00:18:49.409	0.58899				2
2026.04.17	00:18:49.710	0.58894				2
2026.04.17	00:18:50.618	0.58899	0.59005			6
2026.04.17	00:18:52.108	0.58897				2
2026.04.17	00:18:52.409		0.59007			4
2026.04.17	00:18:55.506	0.58896	0.59008			6
2026.04.17	00:18:55.807	0.58898	0.59006			6
2026.04.17	00:18:58.201	0.58897	0.59007			6
2026.04.17	00:18:58.502	0.58888	0.58990			6
2026.04.17	00:18:59.404		0.58993			4
2026.04.17	00:19:00.008	0.58888				2
2026.04.17	00:19:08.433	0.58903				2
2026.04.17	00:19:22.287		0.58992			4
2026.04.17	00:19:24.996		0.58990			4
2026.04.17	00:19:32.512		0.58989			4
2026.04.17	00:19:32.813	0.58926	0.58953			6
2026.04.17	00:19:43.041	0.58934	0.58961			6
2026.04.17	00:19:52.664	0.58933	0.58960			6
2026.04.17	00:20:00.196	0.58907	0.58981			6
2026.04.17	00:20:12.520		0.58980			4
2026.04.17	00:20:18.530	0.58897				2
2026.04.17	00:20:18.830	0.58906	0.58978			6
2026.04.17	00:20:23.339		0.58977			4
2026.04.17	00:20:25.746		0.58979			4
2026.04.17	00:20:28.457	0.58897				2
2026.04.17	00:20:29.361		0.58980			4
2026.04.17	00:20:29.963		0.58978			4
2026.04.17	00:20:32.374	0.58907				2
2026.04.17	00:20:32.975	0.58905	0.58980			6
2026.04.17	00:20:33.276		0.58981			4
2026.04.17	00:20:34.481		0.58983			4
2026.04.17	00:20:39.595		0.58982			4
2026.04.17	00:20:47.713		0.58979			4
2026.04.17	00:20:48.014		0.58984			4
2026.04.17	00:20:48.315	0.58904	0.58970			6
2026.04.17	00:21:00.041	0.58904				2
2026.04.17	00:21:11.478	0.58900	0.58973			6
2026.04.17	00:21:12.685		0.58964			4
2026.04.17	00:21:12.985		0.58966			4
2026.04.17	00:21:21.698	0.58899	0.58965			6
2026.04.17	00:21:32.824		0.58969			4
2026.04.17	00:22:00.197	0.58899				2
2026.04.17	00:22:29.952	0.58893	0.58979			6
2026.04.17	00:22:33.564		0.58980			4
2026.04.17	00:22:38.074		0.58981			4
2026.04.17	00:22:59.127		0.58980			4
2026.04.17	00:23:00.031	0.58893				2
2026.04.17	00:23:19.594		0.58981			4
2026.04.17	00:23:26.209		0.58979			4
2026.04.17	00:23:26.509		0.58980			4
2026.04.17	00:23:27.413		0.58979			4
2026.04.17	00:23:29.818	0.58891				2
2026.04.17	00:23:41.691		0.58978			4
2026.04.17	00:23:43.375		0.58980			4
2026.04.17	00:23:51.225		0.58978			4
2026.04.17	00:24:10.108	0.58891				2
2026.04.17	00:24:13.486	0.58889				2
2026.04.17	00:24:17.330	0.58883				2
2026.04.17	00:25:00.033	0.58883	0.58978			6
2026.04.17	00:25:19.787		0.58977			4
2026.04.17	00:25:30.419		0.58979			4
2026.04.17	00:25:32.332	0.58874	0.58973			6
2026.04.17	00:25:32.933	0.58873				2
2026.04.17	00:25:35.339		0.58969			4
2026.04.17	00:25:36.240		0.58971			4
2026.04.17	00:25:40.743		0.58972			4
2026.04.17	00:25:46.153		0.58973			4
2026.04.17	00:25:46.454		0.58972			4
2026.04.17	00:25:48.856		0.58973			4
2026.04.17	00:25:51.258		0.58974			4
2026.04.17	00:26:00.267	0.58873				2
2026.04.17	00:26:03.272		0.58975			4
2026.04.17	00:26:08.376		0.58976			4
2026.04.17	00:26:13.779		0.58977			4
2026.04.17	00:26:16.181	0.58871	0.58972			6
2026.04.17	00:26:17.996	0.58867	0.58973			6
2026.04.17	00:26:24.903		0.58978			4
2026.04.17	00:26:28.815		0.58979			4
2026.04.17	00:26:32.426		0.58977			4
2026.04.17	00:26:32.728		0.58976			4
2026.04.17	00:26:39.341	0.58869	0.58968			6
2026.04.17	00:26:39.942	0.58868	0.58976			6
2026.04.17	00:26:40.242	0.58870	0.58971			6
2026.04.17	00:26:40.543	0.58868	0.58976			6
2026.04.17	00:26:40.845	0.58865	0.58979			6
2026.04.17	00:26:43.747	0.58863	0.58974			6
2026.04.17	00:26:50.361		0.58975			4
2026.04.17	00:27:00.007	0.58863				2
2026.04.17	00:27:04.219		0.58976			4
2026.04.17	00:27:12.633		0.58977			4
2026.04.17	00:27:15.337		0.58978			4
2026.04.17	00:27:19.247		0.58976			4
2026.04.17	00:27:27.972	0.58864	0.58980			6
2026.04.17	00:27:28.273	0.58865	0.58979			6
2026.04.17	00:27:28.573	0.58859	0.58981			6
2026.04.17	00:27:28.874		0.58979			4
2026.04.17	00:27:29.174	0.58862	0.58982			6
2026.04.17	00:27:37.963	0.58860	0.58984			6
2026.04.17	00:27:38.263	0.58859	0.58985			6
2026.04.17	00:27:51.328	0.58858	0.58986			6
2026.04.17	00:28:02.089	0.58857	0.58987			6
2026.04.17	00:28:10.190		0.58988			4
2026.04.17	00:28:12.293	0.58856				2
2026.04.17	00:28:42.053		0.58955			4
2026.04.17	00:29:00.119	0.58856				2
2026.04.17	00:29:32.342		0.58967			4
2026.04.17	00:29:40.482	0.58851	0.58966			6
2026.04.17	00:29:44.396	0.58853				2
2026.04.17	00:29:45.899	0.58852				2
2026.04.17	00:29:50.413	0.58851				2
2026.04.17	00:30:00.040	0.58851				2
2026.04.17	00:30:00.340	0.58852				2
2026.04.17	00:30:00.641	0.58851				2
2026.04.17	00:30:04.553	0.58849	0.58967			6
2026.04.17	00:30:04.853	0.58847				2
2026.04.17	00:30:34.325	0.58877	0.58964			6
2026.04.17	00:30:36.430	0.58874				2
2026.04.17	00:30:51.469	0.58875				2
2026.04.17	00:31:00.200	0.58875				2
2026.04.17	00:31:06.809		0.58933			4
2026.04.17	00:31:07.136		0.58964			4
2026.04.17	00:31:07.737		0.58933			4
2026.04.17	00:31:08.040		0.58964			4
2026.04.17	00:31:08.340		0.58933			4
2026.04.17	00:31:08.640		0.58964			4
2026.04.17	00:31:08.941		0.58933			4
2026.04.17	00:31:09.241		0.58964			4
2026.04.17	00:31:09.542		0.58933			4
2026.04.17	00:31:09.842		0.58964			4
2026.04.17	00:31:10.445		0.58933			4
2026.04.17	00:31:10.745		0.58964			4
2026.04.17	00:31:12.552	0.58873				2
2026.04.17	00:31:20.974	0.58874				2
2026.04.17	00:31:31.200	0.58875				2
2026.04.17	00:31:36.006	0.58874				2
2026.04.17	00:31:36.308	0.58878				2
2026.04.17	00:31:37.812		0.58933			4
2026.04.17	00:31:38.113		0.58964			4
2026.04.17	00:31:38.414		0.58933			4
2026.04.17	00:31:38.723		0.58964			4
2026.04.17	00:31:39.324		0.58933			4
2026.04.17	00:31:39.625		0.58964			4
2026.04.17	00:31:39.925		0.58933			4
2026.04.17	00:31:40.226		0.58964			4
2026.04.17	00:31:40.526		0.58933			4
2026.04.17	00:31:40.826		0.58964			4
2026.04.17	00:31:41.129		0.58933			4
2026.04.17	00:31:41.429		0.58964			4
2026.04.17	00:31:42.331	0.58877				2
2026.04.17	00:31:52.561	0.58878				2
2026.04.17	00:32:00.087	0.58878				2
2026.04.17	00:32:03.092	0.58879				2
2026.04.17	00:32:05.800	0.58878				2
2026.04.17	00:32:10.309	0.58877				2
2026.04.17	00:32:12.714	0.58875				2
2026.04.17	00:32:16.023	0.58877				2
2026.04.17	00:32:29.876	0.58876				2
2026.04.17	00:32:32.284	0.58877				2
2026.04.17	00:32:34.089		0.58961			4
2026.04.17	00:32:36.295		0.58963			4
2026.04.17	00:32:37.188		0.58964			4
2026.04.17	00:32:37.487		0.58963			4
2026.04.17	00:32:38.732		0.58964			4
2026.04.17	00:32:39.032	0.58879	0.58963			6
2026.04.17	00:32:40.195		0.58964			4
2026.04.17	00:32:40.798		0.58963			4
2026.04.17	00:32:48.891		0.58962			4
2026.04.17	00:32:53.089		0.58961			4
2026.04.17	00:32:56.953	0.58876	0.58964			6
2026.04.17	00:32:58.788		0.58963			4
2026.04.17	00:33:01.188	0.58876				2
2026.04.17	00:33:03.288		0.58958			4
2026.04.17	00:33:03.595		0.58959			4
2026.04.17	00:33:06.289		0.58958			4
2026.04.17	00:33:07.158		0.58959			4
2026.04.17	00:33:07.459		0.58962			4
2026.04.17	00:33:10.488		0.58961			4
2026.04.17	00:33:32.692		0.58960			4
2026.04.17	00:33:34.091		0.58964			4
2026.04.17	00:33:41.605	0.58875				2
2026.04.17	00:33:44.308	0.58880				2
2026.04.17	00:33:50.931	0.58876				2
2026.04.17	00:34:00.245	0.58876				2
2026.04.17	00:34:34.244		0.58964			4
2026.04.17	00:34:40.570	0.58877				2
2026.04.17	00:34:46.298	0.58881				2
2026.04.17	00:34:49.668	0.58878				2
2026.04.17	00:34:50.875	0.58877				2
2026.04.17	00:34:55.087	0.58880				2
2026.04.17	00:34:56.594	0.58879				2
2026.04.17	00:35:00.200	0.58879				2
2026.04.17	00:35:06.512	0.58880				2
2026.04.17	00:35:07.716	0.58881				2
2026.04.17	00:35:14.637	0.58883	0.58963			6
2026.04.17	00:35:15.589	0.58882				2
2026.04.17	00:35:17.080		0.58964			4
2026.04.17	00:35:20.493	0.58883	0.58963			6
2026.04.17	00:35:29.559	0.58877				2
2026.04.17	00:35:29.862		0.58964			4
2026.04.17	00:35:35.589	0.58876				2
2026.04.17	00:35:47.929	0.58877				2
2026.04.17	00:35:48.230	0.58881				2
2026.04.17	00:35:48.531	0.58877				2
2026.04.17	00:35:50.933	0.58882				2
2026.04.17	00:35:52.437	0.58879				2
2026.04.17	00:35:58.149	0.58876	0.58956			6
2026.04.17	00:36:00.093	0.58876				2
2026.04.17	00:36:02.282		0.58963			4
2026.04.17	00:36:02.961		0.58962			4
2026.04.17	00:36:04.479	0.58879	0.58963			6
2026.04.17	00:36:05.442		0.58961			4
2026.04.17	00:36:07.190	0.58877				2
2026.04.17	00:36:10.858	0.58878	0.58962			6
2026.04.17	00:36:11.159		0.58961			4
2026.04.17	00:36:12.281	0.58877				2
2026.04.17	00:36:14.088		0.58960			4
2026.04.17	00:36:15.443		0.58963			4
2026.04.17	00:36:29.089		0.58961			4
2026.04.17	00:36:29.391	0.58880	0.58957			6
2026.04.17	00:36:29.691	0.58879	0.58958			6
2026.04.17	00:36:30.888	0.58880				2
2026.04.17	00:36:32.280		0.58957			4
2026.04.17	00:36:32.585	0.58879	0.58939			6
2026.04.17	00:36:32.886	0.58880				2
2026.04.17	00:36:33.187	0.58873	0.58945			6
2026.04.17	00:36:33.489	0.58883				2
2026.04.17	00:36:34.393	0.58882				2
2026.04.17	00:36:37.099	0.58883				2
2026.04.17	00:36:37.399	0.58882				2
2026.04.17	00:36:43.111	0.58883				2
2026.04.17	00:36:53.932		0.58946			4
2026.04.17	00:37:00.254	0.58883				2
2026.04.17	00:37:02.055	0.58884				2
2026.04.17	00:37:18.000	0.58886				2
2026.04.17	00:37:18.300	0.58884				2
2026.04.17	00:37:33.345		0.58944			4
2026.04.17	00:37:33.645		0.58946			4
2026.04.17	00:37:34.247	0.58885				2
2026.04.17	00:37:36.054	0.58884	0.58944			6
2026.04.17	00:37:36.354	0.58886				2
2026.04.17	00:37:36.654	0.58884				2
2026.04.17	00:37:37.863	0.58883				2
2026.04.17	00:37:38.463		0.58941			4
2026.04.17	00:37:46.297	0.58886				2
2026.04.17	00:37:47.502		0.58938			4
2026.04.17	00:37:50.215	0.58885				2
2026.04.17	00:37:52.928	0.58886	0.58939			6
2026.04.17	00:37:53.529	0.58885				2
2026.04.17	00:37:54.129	0.58886				2
2026.04.17	00:37:54.429	0.58885				2
2026.04.17	00:37:54.730		0.58943			4
2026.04.17	00:37:55.031	0.58886				2
2026.04.17	00:37:55.631	0.58885				2
2026.04.17	00:37:58.034	0.58886				2
2026.04.17	00:37:58.333	0.58885				2
2026.04.17	00:38:00.137	0.58885				2
2026.04.17	00:38:01.040	0.58884				2
2026.04.17	00:38:02.242	0.58885	0.58939			6
2026.04.17	00:38:04.053	0.58884				2
2026.04.17	00:38:04.953	0.58885				2
2026.04.17	00:38:17.904	0.58884				2
2026.04.17	00:38:25.728	0.58885				2
2026.04.17	00:38:30.842		0.58940			4
2026.04.17	00:38:31.142		0.58942			4
2026.04.17	00:38:32.043	0.58884				2
2026.04.17	00:38:36.566	0.58885	0.58936			6
2026.04.17	00:38:36.867	0.58884	0.58937			6
2026.04.17	00:38:37.170	0.58886	0.58939			6
2026.04.17	00:38:37.470		0.58938			4
2026.04.17	00:38:38.379	0.58885	0.58939			6
2026.04.17	00:38:38.682		0.58938			4
2026.04.17	00:38:49.504	0.58884				2
2026.04.17	00:38:52.513	0.58885				2
2026.04.17	00:38:54.018		0.58933			4
2026.04.17	00:38:55.524	0.58884				2
2026.04.17	00:38:55.823	0.58885				2
2026.04.17	00:38:57.631	0.58884				2
2026.04.17	00:38:58.833	0.58883				2
2026.04.17	00:39:00.034	0.58883				2
2026.04.17	00:39:00.333	0.58884	0.58935			6
2026.04.17	00:39:04.253		0.58938			4
2026.04.17	00:39:04.554		0.58941			4
2026.04.17	00:39:06.061	0.58883				2
2026.04.17	00:39:06.362	0.58884				2
2026.04.17	00:39:06.662	0.58883				2
2026.04.17	00:39:07.265	0.58884				2
2026.04.17	00:39:15.397	0.58885				2
2026.04.17	00:39:32.560	0.58877				2
2026.04.17	00:39:40.696	0.58876				2
2026.04.17	00:39:40.995	0.58875				2
2026.04.17	00:39:48.519	0.58877	0.58944			6
2026.04.17	00:39:48.821	0.58878	0.58937			6
2026.04.17	00:39:49.122	0.58877				2
2026.04.17	00:39:49.422	0.58878				2
2026.04.17	00:39:50.024	0.58879	0.58939			6
2026.04.17	00:39:52.129	0.58878				2
2026.04.17	00:40:00.243	0.58878				2
2026.04.17	00:40:20.714		0.58943			4
2026.04.17	00:40:21.015	0.58879				2
2026.04.17	00:40:21.316	0.58878	0.58941			6
2026.04.17	00:40:21.616		0.58945			4
2026.04.17	00:40:22.219	0.58875				2
2026.04.17	00:40:22.520	0.58876				2
2026.04.17	00:40:22.820		0.58935			4
2026.04.17	00:40:28.536		0.58936			4
2026.04.17	00:40:30.338		0.58939			4
2026.04.17	00:40:30.641	0.58874	0.58933			6
2026.04.17	00:40:30.940		0.58948			4
2026.04.17	00:40:31.241	0.58877				2
2026.04.17	00:40:32.442		0.58942			4
2026.04.17	00:40:42.660		0.58941			4
2026.04.17	00:40:42.965	0.58878	0.58947			6
2026.04.17	00:40:43.266		0.58936			4
2026.04.17	00:40:44.468	0.58879				2
2026.04.17	00:40:45.070	0.58878				2
2026.04.17	00:40:45.372	0.58880	0.58937			6
2026.04.17	00:40:45.673	0.58882	0.58942			6
2026.04.17	00:40:46.276		0.58936			4
2026.04.17	00:40:51.086		0.58941			4
2026.04.17	00:41:00.105	0.58882				2
2026.04.17	00:41:00.706	0.58883	0.58937			6
2026.04.17	00:41:15.750		0.58940			4
2026.04.17	00:41:18.157	0.58884				2
2026.04.17	00:41:18.457		0.58937			4
2026.04.17	00:41:27.505		0.58940			4
2026.04.17	00:41:30.513		0.58941			4
2026.04.17	00:41:33.225	0.58889				2
2026.04.17	00:41:34.428	0.58888				2
2026.04.17	00:41:35.928	0.58887				2
2026.04.17	00:41:40.441	0.58886				2
2026.04.17	00:41:41.642	0.58887				2
2026.04.17	00:41:45.858	0.58890				2
2026.04.17	00:41:46.760	0.58887	0.58948			6
2026.04.17	00:41:47.361	0.58886	0.58950			6
2026.04.17	00:41:47.662	0.58887				2
2026.04.17	00:41:47.962		0.58941			4
2026.04.17	00:42:00.004	0.58887				2
2026.04.17	00:42:05.411	0.58888				2
2026.04.17	00:42:23.163	0.58889	0.58946			6
2026.04.17	00:42:23.465	0.58890	0.58951			6
2026.04.17	00:42:23.767	0.58887	0.58940			6
2026.04.17	00:42:24.067	0.58886				2
2026.04.17	00:42:24.970	0.58887				2
2026.04.17	00:42:37.309	0.58889	0.58941			6
2026.04.17	00:42:37.611	0.58890				2
2026.04.17	00:42:38.212	0.58888				2
2026.04.17	00:42:38.813	0.58890				2
2026.04.17	00:42:39.114	0.58887	0.58944			6
2026.04.17	00:42:39.716		0.58937			4
2026.04.17	00:42:41.528		0.58938			4
2026.04.17	00:42:42.128		0.58940			4
2026.04.17	00:42:43.331	0.58888				2
2026.04.17	00:42:51.447	0.58891				2
2026.04.17	00:42:51.747	0.58887	0.58943			6
2026.04.17	00:42:52.052	0.58890				2
2026.04.17	00:42:52.353	0.58888	0.58945			6
2026.04.17	00:42:52.652		0.58946			4
2026.04.17	00:42:53.253		0.58938			4
2026.04.17	00:42:54.458	0.58889				2
2026.04.17	00:42:58.078		0.58939			4
2026.04.17	00:42:58.377	0.58890	0.58940			6
2026.04.17	00:43:00.183	0.58890				2
2026.04.17	00:43:00.484	0.58889				2
2026.04.17	00:43:02.288	0.58890				2
2026.04.17	00:43:11.310	0.58889				2
2026.04.17	00:43:11.912	0.58888				2
2026.04.17	00:43:27.553	0.58889	0.58941			6
2026.04.17	00:43:28.154		0.58942			4
2026.04.17	00:43:29.961	0.58891				2
2026.04.17	00:43:31.166	0.58888	0.58944			6
2026.04.17	00:43:31.466	0.58889	0.58938			6
2026.04.17	00:43:33.282	0.58888	0.58939			6
2026.04.17	00:43:38.398	0.58889	0.58941			6
2026.04.17	00:43:39.000	0.58888				2
2026.04.17	00:43:39.300	0.58889				2
2026.04.17	00:43:40.502	0.58890				2
2026.04.17	00:43:46.509	0.58888				2
2026.04.17	00:43:46.809	0.58885	0.58946			6
2026.04.17	00:43:47.410	0.58887				2
2026.04.17	00:43:47.711	0.58886	0.58948			6
2026.04.17	00:43:48.314	0.58888				2
2026.04.17	00:43:51.026	0.58889	0.58944			6
2026.04.17	00:43:51.328	0.58888				2
2026.04.17	00:43:51.629	0.58891	0.58939			6
2026.04.17	00:43:51.930	0.58889	0.58942			6
2026.04.17	00:43:58.248	0.58892				2
2026.04.17	00:43:58.548	0.58890				2
2026.04.17	00:43:59.152	0.58889				2
2026.04.17	00:43:59.453	0.58893				2
2026.04.17	00:44:00.054	0.58890				2
2026.04.17	00:44:00.354	0.58894				2
2026.04.17	00:44:00.655	0.58890	0.58948			6
2026.04.17	00:44:00.955	0.58887	0.58941			6
2026.04.17	00:44:01.255	0.58888	0.58945			6
2026.04.17	00:44:01.555	0.58891	0.58939			6
2026.04.17	00:44:01.857	0.58888				2
2026.04.17	00:44:03.658	0.58891				2
2026.04.17	00:44:05.762	0.58888				2
2026.04.17	00:44:06.063	0.58889	0.58944			6
2026.04.17	00:44:06.363	0.58888	0.58946			6
2026.04.17	00:44:06.663	0.58889	0.58939			6
2026.04.17	00:44:06.964		0.58941			4
2026.04.17	00:44:07.870	0.58890				2
2026.04.17	00:44:08.176	0.58887				2
2026.04.17	00:44:08.477	0.58886				2
2026.04.17	00:44:08.777	0.58889	0.58944			6
2026.04.17	00:44:09.079	0.58888	0.58938			6
2026.04.17	00:44:09.381	0.58889				2
2026.04.17	00:44:09.681	0.58888	0.58939			6
2026.04.17	00:44:09.985	0.58889				2
2026.04.17	00:44:10.587	0.58890				2
2026.04.17	00:44:10.887	0.58889	0.58940			6
2026.04.17	00:44:26.532	0.58890				2
2026.04.17	00:44:28.036	0.58891				2
2026.04.17	00:44:28.337	0.58890				2
2026.04.17	00:44:28.638	0.58888				2
2026.04.17	00:44:28.938	0.58890				2
2026.04.17	00:44:30.141	0.58889				2
2026.04.17	00:44:41.584	0.58891				2
2026.04.17	00:44:41.886	0.58889				2
2026.04.17	00:44:42.186	0.58892				2
2026.04.17	00:44:42.486	0.58889	0.58941			6
2026.04.17	00:44:44.593	0.58888				2
2026.04.17	00:44:44.892	0.58889				2
2026.04.17	00:44:45.195	0.58888				2
2026.04.17	00:44:45.496	0.58891				2
2026.04.17	00:44:45.797	0.58888	0.58945			6
2026.04.17	00:44:46.097		0.58938			4
2026.04.17	00:44:46.398	0.58890				2
2026.04.17	00:44:46.698	0.58888				2
2026.04.17	00:44:46.998		0.58944			4
2026.04.17	00:44:47.299		0.58939			4
2026.04.17	00:44:50.308	0.58887				2
2026.04.17	00:44:55.428	0.58891				2
2026.04.17	00:44:55.728	0.58890	0.58940			6
2026.04.17	00:44:56.028		0.58942			4
2026.04.17	00:44:56.328		0.58943			4
2026.04.17	00:44:56.929	0.58886				2
2026.04.17	00:44:57.231	0.58889				2
2026.04.17	00:44:57.530	0.58891				2
2026.04.17	00:44:59.032	0.58890				2
2026.04.17	00:45:00.234	0.58890				2
2026.04.17	00:45:00.833	0.58888				2
2026.04.17	00:45:02.337	0.58879	0.58937			6
2026.04.17	00:45:04.741	0.58889				2
2026.04.17	00:45:08.645		0.58940			4
2026.04.17	00:45:14.661	0.58888				2
2026.04.17	00:45:15.262	0.58889				2
2026.04.17	00:45:20.686	0.58888				2
2026.04.17	00:45:20.985	0.58889				2
2026.04.17	00:45:22.187	0.58888				2
2026.04.17	00:45:23.091	0.58887				2
2026.04.17	00:45:23.394	0.58888				2
2026.04.17	00:45:23.696	0.58889				2
2026.04.17	00:45:29.710	0.58890				2
2026.04.17	00:45:33.019		0.58941			4
2026.04.17	00:45:42.943	0.58891				2
2026.04.17	00:45:43.244	0.58892				2
2026.04.17	00:45:43.546	0.58891				2
2026.04.17	00:45:46.565	0.58890				2
2026.04.17	00:45:51.992	0.58889				2
2026.04.17	00:45:52.895	0.58891				2
2026.04.17	00:45:55.298	0.58897	0.58954			6
2026.04.17	00:45:56.500	0.58898	0.58949			6
2026.04.17	00:45:57.101	0.58897				2
2026.04.17	00:45:57.401	0.58898				2
2026.04.17	00:45:58.302	0.58897				2
2026.04.17	00:45:58.604	0.58895				2
2026.04.17	00:45:59.204	0.58898	0.58946			6
2026.04.17	00:45:59.505		0.58947			4
2026.04.17	00:46:00.107	0.58898				2
2026.04.17	00:46:02.809	0.58899				2
2026.04.17	00:46:05.220		0.58945			4
2026.04.17	00:46:05.521	0.58900				2
2026.04.17	00:46:07.325	0.58899				2
2026.04.17	00:46:13.338	0.58898				2
2026.04.17	00:46:13.637	0.58897				2
2026.04.17	00:46:16.643	0.58896				2
2026.04.17	00:46:17.545	0.58895				2
2026.04.17	00:46:17.844	0.58894				2
2026.04.17	00:46:19.048	0.58897				2
2026.04.17	00:46:32.600	0.58900				2
2026.04.17	00:46:32.900	0.58902	0.58949			6
2026.04.17	00:46:33.202	0.58903	0.58945			6
2026.04.17	00:46:38.311	0.58901				2
2026.04.17	00:46:39.513	0.58900				2
2026.04.17	00:46:39.819	0.58899				2
2026.04.17	00:46:47.939	0.58892	0.58949			6
2026.04.17	00:46:48.241	0.58894				2
2026.04.17	00:46:52.457	0.58895				2
2026.04.17	00:46:58.791	0.58896				2
2026.04.17	00:46:59.093	0.58897				2
2026.04.17	00:47:00.296	0.58897				2
2026.04.17	00:47:02.397	0.58890				2
2026.04.17	00:47:04.806	0.58897				2
2026.04.17	00:47:05.406	0.58896				2
2026.04.17	00:47:06.607	0.58898				2
2026.04.17	00:47:07.510	0.58899				2
2026.04.17	00:47:11.422	0.58897	0.58945			6
2026.04.17	00:47:23.761	0.58898				2
2026.04.17	00:47:36.405	0.58897				2
2026.04.17	00:47:37.007	0.58896	0.58946			6
2026.04.17	00:47:48.133	0.58899	0.58948			6
2026.04.17	00:47:48.434	0.58898				2
2026.04.17	00:47:52.647		0.58945			4
2026.04.17	00:48:00.169	0.58898				2
2026.04.17	00:48:00.771	0.58897				2
2026.04.17	00:48:03.483	0.58898	0.58949			6
2026.04.17	00:48:03.784	0.58895				2
2026.04.17	00:48:04.085	0.58897				2
2026.04.17	00:48:04.687	0.58901				2
2026.04.17	00:48:04.988	0.58902				2
2026.04.17	00:48:06.491	0.58903				2
2026.04.17	00:48:41.993	0.58904				2
2026.04.17	00:48:46.804	0.58903				2
2026.04.17	00:48:53.128	0.58900				2
2026.04.17	00:48:55.233		0.58948			4
2026.04.17	00:48:56.320		0.58947			4
2026.04.17	00:48:59.331	0.58901				2
2026.04.17	00:49:00.231	0.58901				2
2026.04.17	00:49:02.036	0.58900				2
2026.04.17	00:49:02.336	0.58901				2
2026.04.17	00:49:02.637	0.58903				2
2026.04.17	00:49:04.741	0.58900				2
2026.04.17	00:49:10.158	0.58901				2
2026.04.17	00:49:11.965	0.58900				2
2026.04.17	00:49:13.170	0.58901				2
2026.04.17	00:49:56.503		0.58947			4
2026.04.17	00:50:00.117	0.58901				2
2026.04.17	00:50:56.639		0.58947			4
2026.04.17	00:51:00.250	0.58901				2
2026.04.17	00:51:04.760	0.58899				2
2026.04.17	00:51:06.887	0.58896				2
2026.04.17	00:51:10.199	0.58898				2
2026.04.17	00:51:10.500	0.58897				2
2026.04.17	00:51:10.800	0.58899				2
2026.04.17	00:51:11.101	0.58896				2
2026.04.17	00:51:29.760	0.58898				2
2026.04.17	00:51:30.664	0.58896				2
2026.04.17	00:51:30.964	0.58898				2
2026.04.17	00:51:35.490	0.58914	0.58959			6
2026.04.17	00:51:35.790	0.58913	0.58960			6
2026.04.17	00:51:39.702	0.58909				2
2026.04.17	00:51:40.002	0.58906				2
2026.04.17	00:51:40.302	0.58903	0.58961			6
2026.04.17	00:51:40.603	0.58898	0.58959			6
2026.04.17	00:51:40.902	0.58900	0.58960			6
2026.04.17	00:51:41.201		0.58963			4
2026.04.17	00:51:41.505		0.58947			4
2026.04.17	00:51:42.406	0.58899				2
2026.04.17	00:51:43.909	0.58900				2
2026.04.17	00:51:47.226	0.58901				2
2026.04.17	00:51:48.730	0.58900				2
2026.04.17	00:51:55.945	0.58901				2
2026.04.17	00:52:00.163	0.58901				2
2026.04.17	00:52:05.277	0.58902				2
2026.04.17	00:52:05.577	0.58901				2
2026.04.17	00:52:10.390	0.58902				2
2026.04.17	00:52:10.691	0.58907				2
2026.04.17	00:52:14.900	0.58906				2
2026.04.17	00:52:15.199	0.58907				2
2026.04.17	00:52:20.910	0.58901				2
2026.04.17	00:52:21.209	0.58906				2
2026.04.17	00:52:25.727	0.58907				2
2026.04.17	00:52:29.633	0.58908				2
2026.04.17	00:52:32.040	0.58905				2
2026.04.17	00:52:41.663		0.58947			4
2026.04.17	00:52:48.294	0.58899				2
2026.04.17	00:53:00.031	0.58899				2
2026.04.17	00:53:02.134	0.58901				2
2026.04.17	00:53:08.145	0.58902				2
2026.04.17	00:53:17.473	0.58899				2
2026.04.17	00:53:21.696	0.58900				2
2026.04.17	00:53:34.041	0.58899				2
2026.04.17	00:53:36.448	0.58900				2
2026.04.17	00:53:37.049	0.58901				2
2026.04.17	00:53:37.350	0.58900				2
2026.04.17	00:53:41.862		0.58947			4
2026.04.17	00:53:51.809	0.58899				2
2026.04.17	00:53:52.713	0.58898				2
2026.04.17	00:54:00.235	0.58898				2
2026.04.17	00:54:01.137	0.58896				2
2026.04.17	00:54:01.436	0.58895				2
2026.04.17	00:54:02.340	0.58896				2
2026.04.17	00:54:02.640	0.58894				2
2026.04.17	00:54:02.940	0.58896				2
2026.04.17	00:54:03.240	0.58895				2
2026.04.17	00:54:05.039	0.58896				2
2026.04.17	00:54:05.340	0.58895				2
2026.04.17	00:54:06.241	0.58896				2
2026.04.17	00:54:17.092	0.58895				2
2026.04.17	00:54:17.691	0.58896				2
2026.04.17	00:54:20.400	0.58895				2
2026.04.17	00:54:21.901	0.58896				2
2026.04.17	00:54:31.834	0.58895				2
2026.04.17	00:54:32.435	0.58896				2
2026.04.17	00:54:32.735	0.58895				2
2026.04.17	00:54:33.939	0.58896				2
2026.04.17	00:54:34.238	0.58897				2
2026.04.17	00:54:42.061		0.58947			4
2026.04.17	00:54:44.169	0.58901				2
2026.04.17	00:54:48.386	0.58900				2
2026.04.17	00:54:53.501	0.58899				2
2026.04.17	00:54:53.799	0.58900				2
2026.04.17	00:54:55.600	0.58898				2
2026.04.17	00:55:00.114	0.58898				2
2026.04.17	00:55:03.728	0.58899				2
2026.04.17	00:55:08.537	0.58897				2
2026.04.17	00:55:18.515	0.58901				2
2026.04.17	00:55:18.819		0.58941			4
2026.04.17	00:55:20.926		0.58947			4
2026.04.17	00:55:51.009		0.58941			4
2026.04.17	00:55:53.114		0.58947			4
2026.04.17	00:56:00.032	0.58901				2
2026.04.17	00:56:18.681	0.58899				2
2026.04.17	00:56:47.569	0.58891				2
2026.04.17	00:56:53.292		0.58947			4
2026.04.17	00:56:57.500	0.58893				2
2026.04.17	00:57:00.207	0.58893				2
2026.04.17	00:57:02.308	0.58891				2
2026.04.17	00:57:12.835	0.58892				2
2026.04.17	00:57:53.465		0.58947			4
2026.04.17	00:58:00.097	0.58892				2
2026.04.17	00:58:53.641		0.58947			4
2026.04.17	00:59:00.281	0.58892				2
2026.04.17	00:59:41.501		0.58946			4
2026.04.17	01:00:00.143	0.58898				2
2026.04.17	01:00:00.441	0.58891				2
2026.04.17	01:00:00.742		0.58945			4
2026.04.17	01:00:01.641		0.58928			4
2026.04.17	01:00:02.242		0.58923			4
2026.04.17	01:00:02.842		0.58922			4
2026.04.17	01:00:04.342	0.58892				2
2026.04.17	01:00:04.948		0.58924			4
2026.04.17	01:00:05.245	0.58889	0.58938			6
2026.04.17	01:00:05.547	0.58892	0.58941			6
2026.04.17	01:00:06.446	0.58891	0.58937			6
2026.04.17	01:00:06.749	0.58892				2
2026.04.17	01:00:09.455		0.58931			4
2026.04.17	01:00:20.267	0.58891	0.58928			6
2026.04.17	01:00:20.865	0.58892				2
2026.04.17	01:00:24.170	0.58896	0.58921			6
2026.04.17	01:00:24.469	0.58895				2
2026.04.17	01:00:41.290	0.58894	0.58920			6
2026.04.17	01:00:41.592		0.58921			4
2026.04.17	01:00:42.794		0.58920			4
2026.04.17	01:00:43.093		0.58921			4
2026.04.17	01:00:43.696	0.58906	0.58908			6
2026.04.17	01:00:43.996	0.58894	0.58919			6
2026.04.17	01:00:44.295		0.58921			4
2026.04.17	01:00:45.197	0.58895				2
2026.04.17	01:00:53.308		0.58916			4
2026.04.17	01:00:58.126		0.58918			4
2026.04.17	01:01:00.230	0.58906	0.58908			6
2026.04.17	01:01:00.530		0.58911			4
2026.04.17	01:01:01.730		0.58912			4
2026.04.17	01:01:02.334		0.58908			4
2026.04.17	01:01:04.136		0.58910			4
2026.04.17	01:01:05.038		0.58912			4
2026.04.17	01:01:06.237		0.58908			4
2026.04.17	01:01:06.538		0.58910			4
2026.04.17	01:01:07.437		0.58912			4
2026.04.17	01:01:08.337		0.58908			4
2026.04.17	01:01:08.640	0.58905	0.58909			6
2026.04.17	01:01:08.938		0.58911			4
2026.04.17	01:01:10.441		0.58909			4
2026.04.17	01:01:10.743		0.58911			4
2026.04.17	01:01:12.244		0.58907			4
2026.04.17	01:01:13.147		0.58908			4
2026.04.17	01:01:14.346		0.58907			4
2026.04.17	01:01:15.849		0.58908			4
2026.04.17	01:01:16.451		0.58907			4
2026.04.17	01:01:36.585	0.58903	0.58905			6
2026.04.17	01:01:49.206	0.58893	0.58895			6
2026.04.17	01:01:52.808	0.58894	0.58896			6
2026.04.17	01:02:00.021	0.58894				2
2026.04.17	01:02:01.823	0.58895	0.58897			6
2026.04.17	01:02:08.426	0.58896	0.58898			6
2026.04.17	01:02:27.674	0.58895	0.58897			6
2026.04.17	01:02:27.972	0.58894	0.58896			6
2026.04.17	01:02:29.779	0.58893	0.58895			6
2026.04.17	01:02:30.079	0.58894	0.58896			6
2026.04.17	01:02:35.198	0.58890	0.58892			6
2026.04.17	01:02:39.700	0.58891	0.58893			6
2026.04.17	01:02:41.804	0.58889	0.58891			6
2026.04.17	01:02:43.603	0.58888	0.58890			6
2026.04.17	01:02:44.504	0.58889				2
2026.04.17	01:02:45.106		0.58891			4
2026.04.17	01:02:53.515	0.58888	0.58890			6
2026.04.17	01:02:56.822	0.58891	0.58893			6
2026.04.17	01:03:00.133	0.58891				2
2026.04.17	01:03:00.433	0.58890	0.58892			6
2026.04.17	01:03:00.730	0.58891	0.58893			6
2026.04.17	01:03:01.033	0.58890	0.58892			6
2026.04.17	01:03:05.235	0.58891	0.58893			6
2026.04.17	01:03:06.137	0.58890	0.58892			6
2026.04.17	01:03:07.038	0.58891	0.58893			6
2026.04.17	01:03:10.943	0.58890	0.58892			6
2026.04.17	01:03:31.699	0.58891	0.58893			6
2026.04.17	01:03:35.907	0.58892	0.58894			6
2026.04.17	01:03:38.910	0.58897	0.58899			6
2026.04.17	01:03:53.933	0.58898	0.58900			6
2026.04.17	01:03:55.439	0.58897	0.58899			6
2026.04.17	01:03:56.037	0.58895	0.58897			6
2026.04.17	01:04:00.238	0.58895				2
2026.04.17	01:04:00.542	0.58897	0.58899			6
2026.04.17	01:04:01.143	0.58895	0.58896			6
2026.04.17	01:04:01.444	0.58894				2
2026.04.17	01:04:06.856	0.58896	0.58898			6
2026.04.17	01:04:11.967	0.58894	0.58896			6
2026.04.17	01:05:00.052	0.58894				2
2026.04.17	01:05:00.352	0.58896	0.58898			6
2026.04.17	01:05:01.555	0.58895	0.58897			6
2026.04.17	01:05:05.765	0.58896	0.58898			6
2026.04.17	01:05:06.970	0.58895	0.58897			6
2026.04.17	01:05:09.078	0.58896	0.58898			6
2026.04.17	01:05:09.681		0.58897			4
2026.04.17	01:05:09.982		0.58898			4
2026.04.17	01:05:10.281		0.58897			4
2026.04.17	01:05:10.579		0.58898			4
2026.04.17	01:05:10.881	0.58895	0.58897			6
2026.04.17	01:05:11.485	0.58896	0.58898			6
2026.04.17	01:05:17.212	0.58895	0.58897			6
2026.04.17	01:05:18.714	0.58896	0.58898			6
2026.04.17	01:05:20.219	0.58895	0.58897			6
2026.04.17	01:05:26.229	0.58899	0.58901			6
2026.04.17	01:05:26.531	0.58900	0.58902			6
2026.04.17	01:05:26.829	0.58902	0.58904			6
2026.04.17	01:05:27.135	0.58899	0.58901			6
2026.04.17	01:05:28.634	0.58902	0.58904			6
2026.04.17	01:05:28.934	0.58903	0.58905			6
2026.04.17	01:05:33.434	0.58905	0.58907			6
2026.04.17	01:05:33.735	0.58904	0.58906			6
2026.04.17	01:05:49.355	0.58905	0.58907			6
2026.04.17	01:05:53.867	0.58907	0.58909			6
2026.04.17	01:05:55.966	0.58909	0.58911			6
2026.04.17	01:05:56.266	0.58907	0.58909			6
2026.04.17	01:05:58.069	0.58908	0.58910			6
2026.04.17	01:05:58.670	0.58907	0.58909			6
2026.04.17	01:06:00.174	0.58907				2
2026.04.17	01:06:01.979	0.58911	0.58924			6
2026.04.17	01:06:02.279	0.58907				2
2026.04.17	01:06:02.580	0.58903				2
2026.04.17	01:06:14.007	0.58902				2
2026.04.17	01:06:34.136	0.58903				2
2026.04.17	01:06:34.433	0.58902				2
2026.04.17	01:06:44.354	0.58910	0.58912			6
2026.04.17	01:07:00.295	0.58910				2
2026.04.17	01:07:00.593	0.58909	0.58911			6
2026.04.17	01:07:00.895	0.58908	0.58910			6
2026.04.17	01:07:15.614	0.58915	0.58917			6
2026.04.17	01:07:15.912	0.58912	0.58914			6
2026.04.17	01:07:16.213	0.58911	0.58913			6
2026.04.17	01:07:16.511	0.58910	0.58912			6
2026.04.17	01:07:51.390	0.58909	0.58911			6
2026.04.17	01:08:00.104	0.58909				2
2026.04.17	01:08:09.733	0.58910	0.58912			6
2026.04.17	01:08:29.271	0.58909	0.58911			6
2026.04.17	01:08:30.777	0.58911	0.58913			6
2026.04.17	01:08:37.098	0.58910	0.58912			6
2026.04.17	01:08:43.109	0.58909	0.58911			6
2026.04.17	01:08:52.115	0.58908	0.58910			6
2026.04.17	01:08:53.924	0.58910	0.58912			6
2026.04.17	01:08:56.330	0.58911	0.58913			6
2026.04.17	01:08:56.628	0.58910	0.58912			6
2026.04.17	01:09:00.236	0.58910				2
2026.04.17	01:09:02.338	0.58912	0.58914			6
2026.04.17	01:09:03.238	0.58908	0.58910			6
2026.04.17	01:09:03.842	0.58910	0.58912			6
2026.04.17	01:09:06.548	0.58912	0.58914			6
2026.04.17	01:09:24.895	0.58911	0.58913			6
2026.04.17	01:09:40.227	0.58912	0.58914			6
2026.04.17	01:09:40.529	0.58911	0.58913			6
2026.04.17	01:09:42.032	0.58912	0.58914			6
2026.04.17	01:09:48.641	0.58913	0.58915			6
2026.04.17	01:09:51.648	0.58911	0.58913			6
2026.04.17	01:09:54.652	0.58910	0.58912			6
2026.04.17	01:10:00.058	0.58910				2
2026.04.17	01:10:10.591	0.58911	0.58913			6
2026.04.17	01:10:10.890	0.58908	0.58910			6
2026.04.17	01:10:11.490	0.58909	0.58911			6
2026.04.17	01:10:11.788	0.58908	0.58910			6
2026.04.17	01:10:15.692	0.58907	0.58909			6
2026.04.17	01:10:16.899	0.58908	0.58910			6
2026.04.17	01:11:00.169	0.58908				2
2026.04.17	01:11:02.271	0.58910	0.58912			6
2026.04.17	01:11:03.475	0.58909	0.58911			6
2026.04.17	01:11:06.186	0.58908	0.58910			6
2026.04.17	01:11:07.387	0.58907	0.58909			6
2026.04.17	01:11:07.687	0.58909	0.58911			6
2026.04.17	01:11:12.492	0.58906	0.58908			6
2026.04.17	01:11:13.095	0.58907	0.58909			6
2026.04.17	01:11:27.514	0.58906	0.58908			6
2026.04.17	01:11:27.816	0.58907	0.58909			6
2026.04.17	01:12:00.275	0.58907				2
2026.04.17	01:12:08.097	0.58906	0.58908			6
2026.04.17	01:12:10.196	0.58905	0.58907			6
2026.04.17	01:12:11.098	0.58906	0.58908			6
2026.04.17	01:12:11.402	0.58905	0.58907			6
2026.04.17	01:12:11.700	0.58906	0.58908			6
2026.04.17	01:12:11.999	0.58905	0.58907			6
2026.04.17	01:12:24.314	0.58906	0.58908			6
2026.04.17	01:12:26.423	0.58908	0.58910			6
2026.04.17	01:12:27.623	0.58909	0.58911			6
2026.04.17	01:12:31.838	0.58910	0.58912			6
2026.04.17	01:12:43.548	0.58912	0.58914			6
2026.04.17	01:12:45.955	0.58910	0.58912			6
2026.04.17	01:12:46.254	0.58908	0.58910			6
2026.04.17	01:12:46.851	0.58909	0.58911			6
2026.04.17	01:12:49.555	0.58911	0.58913			6
2026.04.17	01:12:49.858	0.58910	0.58912			6
2026.04.17	01:12:50.459	0.58911	0.58913			6
2026.04.17	01:13:00.083	0.58911				2
2026.04.17	01:13:08.203	0.58910	0.58912			6
2026.04.17	01:13:16.611	0.58912	0.58914			6
2026.04.17	01:13:18.412	0.58911	0.58913			6
2026.04.17	01:13:43.349	0.58910	0.58912			6
2026.04.17	01:13:43.653	0.58908	0.58910			6
2026.04.17	01:13:53.271	0.58909	0.58911			6
2026.04.17	01:14:00.201	0.58909				2
2026.04.17	01:14:17.946	0.58910	0.58912			6
2026.04.17	01:14:18.546	0.58911	0.58913			6
2026.04.17	01:14:19.148	0.58910	0.58912			6
2026.04.17	01:14:34.785	0.58909	0.58911			6
2026.04.17	01:14:45.905	0.58908	0.58910			6
2026.04.17	01:14:46.204	0.58907	0.58909			6
2026.04.17	01:14:48.609	0.58908	0.58910			6
2026.04.17	01:15:00.035	0.58908				2
2026.04.17	01:15:02.138	0.58905	0.58907			6
2026.04.17	01:15:02.435	0.58904	0.58906			6
2026.04.17	01:15:27.380	0.58902	0.58904			6
2026.04.17	01:15:27.680	0.58903	0.58905			6
2026.04.17	01:15:27.981	0.58901	0.58903			6
2026.04.17	01:15:36.997	0.58900	0.58902			6
2026.04.17	01:15:38.806	0.58901	0.58903			6
2026.04.17	01:15:39.105	0.58900	0.58902			6
2026.04.17	01:15:50.820	0.58901	0.58903			6
2026.04.17	01:16:00.137	0.58901				2
2026.04.17	01:16:42.221	0.58900	0.58902			6
2026.04.17	01:16:42.526	0.58899	0.58901			6
2026.04.17	01:17:00.252	0.58899				2
2026.04.17	01:17:00.552	0.58901	0.58903			6
2026.04.17	01:17:03.260	0.58897	0.58899			6
2026.04.17	01:17:03.554	0.58900	0.58902			6
2026.04.17	01:17:03.855	0.58901	0.58903			6
2026.04.17	01:17:04.760	0.58900	0.58902			6
2026.04.17	01:17:08.062	0.58902	0.58904			6
2026.04.17	01:17:11.978	0.58900	0.58902			6
2026.04.17	01:17:12.274	0.58901	0.58903			6
2026.04.17	01:17:15.881	0.58902	0.58904			6
2026.04.17	01:17:18.890	0.58900	0.58902			6
2026.04.17	01:17:23.998	0.58901	0.58903			6
2026.04.17	01:17:32.709	0.58902	0.58904			6
2026.04.17	01:17:34.508	0.58901	0.58903			6
2026.04.17	01:17:47.733	0.58902	0.58904			6
2026.04.17	01:17:59.150	0.58901	0.58903			6
2026.04.17	01:18:00.052	0.58901				2
2026.04.17	01:18:00.352	0.58900	0.58902			6
2026.04.17	01:18:02.157	0.58899	0.58901			6
2026.04.17	01:18:02.457	0.58898	0.58900			6
2026.04.17	01:18:21.109	0.58899	0.58901			6
2026.04.17	01:18:22.310	0.58900	0.58902			6
2026.04.17	01:18:22.911	0.58901	0.58903			6
2026.04.17	01:18:29.528	0.58900	0.58902			6
2026.04.17	01:18:30.430	0.58901	0.58903			6
2026.04.17	01:18:31.935	0.58899	0.58901			6
2026.04.17	01:18:32.235	0.58897	0.58899			6
2026.04.17	01:18:33.734	0.58898	0.58900			6
2026.04.17	01:18:34.336	0.58899	0.58901			6
2026.04.17	01:18:35.234	0.58898	0.58900			6
2026.04.17	01:18:38.844	0.58897	0.58899			6
2026.04.17	01:18:43.348	0.58898	0.58900			6
2026.04.17	01:18:47.553	0.58896	0.58898			6
2026.04.17	01:18:53.274	0.58901	0.58903			6
2026.04.17	01:18:54.477	0.58900	0.58902			6
2026.04.17	01:19:00.200	0.58900				2
2026.04.17	01:19:01.101	0.58901	0.58903			6
2026.04.17	01:19:01.402	0.58900	0.58902			6
2026.04.17	01:19:08.011	0.58901	0.58903			6
2026.04.17	01:19:12.822	0.58902	0.58904			6
2026.04.17	01:19:13.121	0.58901	0.58903			6
2026.04.17	01:19:13.420	0.58902	0.58904			6
2026.04.17	01:19:16.423	0.58901	0.58903			6
2026.04.17	01:19:22.431	0.58900	0.58902			6
2026.04.17	01:19:24.833	0.58901	0.58903			6
2026.04.17	01:19:25.433	0.58900	0.58902			6
2026.04.17	01:19:35.063	0.58901	0.58903			6
2026.04.17	01:19:35.668	0.58902	0.58904			6
2026.04.17	01:20:00.020	0.58901	0.58903			6
2026.04.17	01:20:00.320	0.58903	0.58905			6
2026.04.17	01:20:00.619	0.58902	0.58904			6
2026.04.17	01:20:03.626	0.58903	0.58905			6
2026.04.17	01:20:03.927	0.58902	0.58904			6
2026.04.17	01:20:05.731	0.58903	0.58905			6
2026.04.17	01:20:12.046	0.58902	0.58904			6
2026.04.17	01:20:17.457	0.58903	0.58905			6
2026.04.17	01:20:35.802	0.58902	0.58904			6
2026.04.17	01:20:36.403	0.58901	0.58903			6
2026.04.17	01:20:37.604	0.58902	0.58904			6
2026.04.17	01:20:43.322	0.58901	0.58903			6
2026.04.17	01:20:54.444	0.58900	0.58902			6
2026.04.17	01:20:57.451	0.58902	0.58904			6
2026.04.17	01:20:59.554	0.58901	0.58903			6
2026.04.17	01:21:00.156	0.58902	0.58904			6
2026.04.17	01:21:17.598	0.58903	0.58905			6
2026.04.17	01:21:23.909	0.58902	0.58904			6
2026.04.17	01:21:35.626	0.58905	0.58907			6
2026.04.17	01:21:35.927	0.58903	0.58905			6
2026.04.17	01:21:47.046	0.58904	0.58906			6
2026.04.17	01:21:53.046	0.58903	0.58905			6
2026.04.17	01:22:00.273	0.58903				2
2026.04.17	01:22:02.669	0.58904	0.58906			6
2026.04.17	01:22:02.969	0.58903	0.58905			6
2026.04.17	01:22:03.870	0.58904	0.58906			6
2026.04.17	01:22:13.195	0.58906	0.58907			6
2026.04.17	01:22:13.802		0.58908			4
2026.04.17	01:22:14.098	0.58907				2
2026.04.17	01:22:14.403	0.58906				2
2026.04.17	01:22:17.107	0.58905	0.58907			6
2026.04.17	01:22:22.812	0.58906	0.58908			6
2026.04.17	01:22:23.113	0.58905	0.58907			6
2026.04.17	01:22:23.410		0.58906			4
2026.04.17	01:22:25.214	0.58906	0.58908			6
2026.04.17	01:22:40.544	0.58907	0.58909			6
2026.04.17	01:22:41.144	0.58906	0.58908			6
2026.04.17	01:22:44.445	0.58905	0.58907			6
2026.04.17	01:22:49.860	0.58906	0.58908			6
2026.04.17	01:22:50.157	0.58905	0.58907			6
2026.04.17	01:22:53.786	0.58906	0.58908			6
2026.04.17	01:22:54.387	0.58905	0.58907			6
2026.04.17	01:22:54.684	0.58907	0.58909			6
2026.04.17	01:22:54.984	0.58905	0.58907			6
2026.04.17	01:22:57.093	0.58906	0.58908			6
2026.04.17	01:23:00.104	0.58906				2
2026.04.17	01:23:07.609	0.58905	0.58907			6
2026.04.17	01:23:07.909	0.58906	0.58908			6
2026.04.17	01:23:10.311	0.58907	0.58909			6
2026.04.17	01:23:31.959	0.58905	0.58907			6
2026.04.17	01:23:32.560	0.58906	0.58908			6
2026.04.17	01:23:33.160	0.58905	0.58907			6
2026.04.17	01:23:34.063	0.58906	0.58908			6
2026.04.17	01:23:41.895	0.58905	0.58907			6
2026.04.17	01:23:45.204	0.58907	0.58909			6
2026.04.17	01:23:48.207	0.58905	0.58907			6
2026.04.17	01:23:49.405	0.58906	0.58908			6
2026.04.17	01:23:49.708	0.58907	0.58909			6
2026.04.17	01:23:53.013	0.58906	0.58908			6
2026.04.17	01:23:59.334	0.58907	0.58909			6
2026.04.17	01:23:59.931	0.58905	0.58907			6
2026.04.17	01:24:00.232	0.58905				2
2026.04.17	01:24:01.133	0.58906	0.58908			6
2026.04.17	01:24:08.343	0.58905	0.58907			6
2026.04.17	01:24:08.943	0.58906	0.58908			6
2026.04.17	01:24:12.246	0.58905	0.58907			6
2026.04.17	01:24:12.851	0.58906	0.58908			6
2026.04.17	01:24:14.652	0.58905	0.58907			6
2026.04.17	01:24:15.849	0.58906	0.58908			6
2026.04.17	01:24:16.156	0.58904	0.58906			6
2026.04.17	01:24:18.861	0.58906	0.58908			6
2026.04.17	01:24:23.069	0.58905	0.58907			6
2026.04.17	01:24:26.679	0.58906	0.58908			6
2026.04.17	01:24:26.982	0.58905	0.58907			6
2026.04.17	01:24:29.689	0.58906	0.58908			6
2026.04.17	01:24:29.988	0.58907	0.58909			6
2026.04.17	01:24:39.913	0.58906	0.58908			6
2026.04.17	01:24:50.129	0.58907	0.58909			6
2026.04.17	01:24:52.837	0.58906	0.58908			6
2026.04.17	01:24:57.047	0.58905	0.58907			6
2026.04.17	01:24:57.350	0.58902	0.58904			6
2026.04.17	01:24:57.649	0.58899	0.58901			6
2026.04.17	01:24:57.951	0.58900	0.58902			6
2026.04.17	01:24:58.251	0.58899				2
2026.04.17	01:25:00.056	0.58900	0.58903			6
2026.04.17	01:25:00.354	0.58901	0.58904			6
2026.04.17	01:25:07.871	0.58902	0.58905			6
2026.04.17	01:25:08.172	0.58900	0.58903			6
2026.04.17	01:25:14.201	0.58903	0.58906			6
2026.04.17	01:25:15.101	0.58904	0.58907			6
2026.04.17	01:25:20.202	0.58903	0.58906			6
2026.04.17	01:25:32.527	0.58904	0.58907			6
2026.04.17	01:25:33.728	0.58905	0.58908			6
2026.04.17	01:25:37.340	0.58906	0.58909			6
2026.04.17	01:25:37.942	0.58905	0.58908			6
2026.04.17	01:25:40.041	0.58904	0.58907			6
2026.04.17	01:25:42.142	0.58905	0.58908			6
2026.04.17	01:25:43.344	0.58904	0.58907			6
2026.04.17	01:25:44.242	0.58905	0.58908			6
2026.04.17	01:26:00.204	0.58905				2
2026.04.17	01:26:07.411	0.58904	0.58907			6
2026.04.17	01:26:10.416	0.58905	0.58908			6
2026.04.17	01:26:16.422	0.58904	0.58907			6
2026.04.17	01:26:16.724	0.58903	0.58906			6
2026.04.17	01:26:19.130	0.58904	0.58907			6
2026.04.17	01:27:00.037	0.58904				2
2026.04.17	01:27:04.840	0.58905	0.58908			6
2026.04.17	01:27:13.258	0.58904	0.58907			6
2026.04.17	01:27:18.970	0.58905	0.58908			6
2026.04.17	01:27:19.878	0.58908	0.58911			6
2026.04.17	01:27:20.176	0.58909	0.58912			6
2026.04.17	01:27:24.693	0.58907	0.58910			6
2026.04.17	01:28:00.158	0.58907				2
2026.04.17	01:28:24.832		0.58910			4
2026.04.17	01:28:29.036	0.58908	0.58911			6
2026.04.17	01:28:30.849	0.58909	0.58912			6
2026.04.17	01:28:59.103	0.58910				2
2026.04.17	01:29:00.006	0.58910				2
2026.04.17	01:29:16.835	0.58909	0.58911			6
2026.04.17	01:29:18.634	0.58910	0.58912			6
2026.04.17	01:29:22.541	0.58909	0.58911			6
2026.04.17	01:29:24.645	0.58910	0.58912			6
2026.04.17	01:29:32.462	0.58909	0.58911			6
2026.04.17	01:29:34.570	0.58910	0.58912			6
2026.04.17	01:29:42.686	0.58909	0.58911			6
2026.04.17	01:30:00.128	0.58909				2
2026.04.17	01:30:05.237	0.58910	0.58912			6
2026.04.17	01:30:08.538	0.58909	0.58911			6
2026.04.17	01:30:15.155	0.58910	0.58912			6
2026.04.17	01:30:18.761	0.58909	0.58911			6
2026.04.17	01:30:19.061	0.58907	0.58909			6
2026.04.17	01:30:22.962	0.58906	0.58908			6
2026.04.17	01:30:23.261	0.58905	0.58907			6
2026.04.17	01:30:24.764	0.58904	0.58906			6
2026.04.17	01:30:30.196	0.58905	0.58907			6
2026.04.17	01:31:00.251	0.58905				2
2026.04.17	01:31:19.504	0.58904	0.58906			6
2026.04.17	01:31:22.210	0.58905	0.58907			6
2026.04.17	01:31:48.664	0.58906	0.58908			6
2026.04.17	01:31:48.963	0.58905	0.58907			6
2026.04.17	01:31:54.665	0.58906	0.58908			6
2026.04.17	01:32:00.087	0.58906				2
2026.04.17	01:32:00.683	0.58905	0.58907			6
2026.04.17	01:32:10.006	0.58906	0.58908			6
2026.04.17	01:32:19.026	0.58905	0.58907			6
2026.04.17	01:32:20.827	0.58903	0.58905			6
2026.04.17	01:32:21.125	0.58905	0.58907			6
2026.04.17	01:32:28.035	0.58904	0.58906			6
2026.04.17	01:32:30.438	0.58905	0.58907			6
2026.04.17	01:32:38.859	0.58906	0.58908			6
2026.04.17	01:32:40.960	0.58905	0.58907			6
2026.04.17	01:32:46.674	0.58906	0.58908			6
2026.04.17	01:32:51.802	0.58905	0.58907			6
2026.04.17	01:33:00.231	0.58905				2
2026.04.17	01:33:04.440	0.58906	0.58908			6
2026.04.17	01:33:30.906	0.58905	0.58907			6
2026.04.17	01:33:31.507	0.58904	0.58906			6
2026.04.17	01:33:45.939	0.58907	0.58909			6
2026.04.17	01:33:59.455	0.58906	0.58908			6
2026.04.17	01:33:59.753	0.58905	0.58907			6
2026.04.17	01:34:00.055	0.58905				2
2026.04.17	01:34:17.489	0.58906	0.58908			6
2026.04.17	01:34:18.692	0.58905	0.58907			6
2026.04.17	01:34:28.912	0.58904	0.58906			6
2026.04.17	01:34:29.213	0.58905	0.58907			6
2026.04.17	01:34:37.636	0.58906	0.58908			6
2026.04.17	01:34:50.259	0.58905	0.58907			6
2026.04.17	01:34:50.556	0.58906	0.58908			6
2026.04.17	01:34:53.564	0.58905	0.58907			6
2026.04.17	01:35:00.184	0.58905				2
2026.04.17	01:35:05.891	0.58906	0.58908			6
2026.04.17	01:35:06.190	0.58905	0.58907			6
2026.04.17	01:35:06.490	0.58906	0.58908			6
2026.04.17	01:35:09.800	0.58905	0.58907			6
2026.04.17	01:35:23.613	0.58906	0.58908			6
2026.04.17	01:35:34.735	0.58908	0.58910			6
2026.04.17	01:35:47.658	0.58909	0.58911			6
2026.04.17	01:35:47.956	0.58907	0.58909			6
2026.04.17	01:35:48.561	0.58908	0.58910			6
2026.04.17	01:36:00.288	0.58908				2
2026.04.17	01:36:00.890	0.58907	0.58909			6
2026.04.17	01:36:15.623	0.58908	0.58910			6
2026.04.17	01:36:21.034	0.58907	0.58909			6
2026.04.17	01:36:33.353	0.58908	0.58910			6
2026.04.17	01:36:48.400	0.58909	0.58911			6
2026.04.17	01:36:54.709	0.58910	0.58912			6
2026.04.17	01:36:55.010	0.58909	0.58911			6
2026.04.17	01:36:59.821	0.58910	0.58912			6
2026.04.17	01:37:00.120	0.58910				2
2026.04.17	01:37:01.325	0.58911	0.58913			6
2026.04.17	01:37:01.624	0.58912	0.58914			6
2026.04.17	01:37:11.242		0.58913			4
2026.04.17	01:37:11.541		0.58914			4
2026.04.17	01:37:11.841		0.58913			4
2026.04.17	01:37:12.443		0.58914			4
2026.04.17	01:37:12.745	0.58910	0.58912			6
2026.04.17	01:37:13.043	0.58912	0.58913			6
2026.04.17	01:37:13.346	0.58910	0.58912			6
2026.04.17	01:37:13.645	0.58912	0.58914			6
2026.04.17	01:37:13.942	0.58911	0.58912			6
2026.04.17	01:37:14.244		0.58913			4
2026.04.17	01:37:17.851	0.58912	0.58914			6
2026.04.17	01:37:20.554	0.58911	0.58913			6
2026.04.17	01:37:27.763		0.58912			4
2026.04.17	01:37:28.060	0.58909	0.58911			6
2026.04.17	01:37:28.959	0.58908	0.58910			6
2026.04.17	01:37:29.561	0.58909	0.58911			6
2026.04.17	01:37:29.862	0.58907	0.58909			6
2026.04.17	01:37:38.597	0.58908	0.58910			6
2026.04.17	01:37:38.898	0.58910	0.58912			6
2026.04.17	01:37:39.198	0.58909	0.58911			6
2026.04.17	01:37:42.202	0.58910				2
2026.04.17	01:37:42.504	0.58909				2
2026.04.17	01:37:42.803	0.58910				2
2026.04.17	01:37:43.105	0.58908	0.58910			6
2026.04.17	01:37:43.405	0.58909				2
2026.04.17	01:37:43.705	0.58908				2
2026.04.17	01:37:44.307	0.58909	0.58911			6
2026.04.17	01:37:47.311	0.58908	0.58910			6
2026.04.17	01:37:48.510	0.58909	0.58911			6
2026.04.17	01:37:53.622	0.58908	0.58910			6
2026.04.17	01:38:00.246	0.58908				2
2026.04.17	01:38:53.758		0.58910			4
2026.04.17	01:39:00.075	0.58908				2
2026.04.17	01:39:34.040	0.58907	0.58909			6
2026.04.17	01:39:35.546	0.58908	0.58910			6
2026.04.17	01:39:52.699	0.58909	0.58911			6
2026.04.17	01:39:53.001	0.58910	0.58912			6
2026.04.17	01:39:54.503	0.58909	0.58911			6
2026.04.17	01:40:00.217	0.58909				2
2026.04.17	01:40:01.413	0.58910	0.58912			6
2026.04.17	01:40:22.464	0.58911	0.58913			6
2026.04.17	01:40:23.964	0.58910	0.58912			6
2026.04.17	01:40:28.482	0.58912	0.58914			6
2026.04.17	01:40:28.781	0.58913	0.58915			6
2026.04.17	01:40:39.905	0.58912	0.58914			6
2026.04.17	01:40:47.426	0.58911	0.58913			6
2026.04.17	01:40:47.726	0.58912	0.58914			6
2026.04.17	01:40:54.338	0.58911	0.58913			6
2026.04.17	01:41:00.045	0.58911				2
2026.04.17	01:41:06.048	0.58912	0.58914			6
2026.04.17	01:41:13.271	0.58910	0.58912			6
2026.04.17	01:41:13.873	0.58911	0.58913			6
2026.04.17	01:42:00.203	0.58911				2
2026.04.17	01:42:14.029		0.58913			4
2026.04.17	01:42:37.799	0.58910	0.58912			6
2026.04.17	01:42:46.807	0.58911	0.58913			6
2026.04.17	01:43:00.034	0.58911				2
2026.04.17	01:43:02.133	0.58910	0.58912			6
2026.04.17	01:43:06.637	0.58911	0.58913			6
2026.04.17	01:43:16.254	0.58906	0.58908			6
2026.04.17	01:43:16.551	0.58904	0.58906			6
2026.04.17	01:43:18.660	0.58905	0.58907			6
2026.04.17	01:43:26.194	0.58906	0.58908			6
2026.04.17	01:43:26.792	0.58907	0.58909			6
2026.04.17	01:43:42.143	0.58908	0.58910			6
2026.04.17	01:43:46.051	0.58907	0.58909			6
2026.04.17	01:44:00.203	0.58907				2
2026.04.17	01:44:28.746	0.58909	0.58911			6
2026.04.17	01:44:29.045	0.58908	0.58910			6
2026.04.17	01:44:30.552	0.58909	0.58911			6
2026.04.17	01:44:31.443	0.58911	0.58913			6
2026.04.17	01:44:32.354		0.58914			4
2026.04.17	01:44:36.563	0.58909	0.58912			6
2026.04.17	01:44:38.072		0.58910			4
2026.04.17	01:44:38.373	0.58911	0.58912			6
2026.04.17	01:44:38.970	0.58909				2
2026.04.17	01:44:41.683	0.58910				2
2026.04.17	01:44:41.984	0.58912	0.58915			6
2026.04.17	01:44:54.903	0.58913	0.58916			6
2026.04.17	01:44:55.204	0.58912	0.58915			6
2026.04.17	01:45:00.018	0.58912				2
2026.04.17	01:45:02.716	0.58910	0.58913			6
2026.04.17	01:45:03.017		0.58912			4
2026.04.17	01:45:03.317	0.58909				2
2026.04.17	01:45:03.916	0.58908	0.58911			6
2026.04.17	01:45:04.515	0.58909	0.58912			6
2026.04.17	01:45:06.317	0.58908	0.58911			6
2026.04.17	01:45:16.238	0.58909	0.58912			6
2026.04.17	01:45:30.357	0.58908	0.58911			6
2026.04.17	01:45:39.976	0.58909	0.58912			6
2026.04.17	01:45:44.790	0.58910	0.58913			6
2026.04.17	01:46:00.118	0.58910				2
2026.04.17	01:46:20.898	0.58909	0.58912			6
2026.04.17	01:46:21.197	0.58911	0.58914			6
2026.04.17	01:46:23.001	0.58910	0.58913			6
2026.04.17	01:46:24.502	0.58909	0.58912			6
2026.04.17	01:46:28.705	0.58911	0.58914			6
2026.04.17	01:46:29.307	0.58909	0.58912			6
2026.04.17	01:46:29.610	0.58910	0.58913			6
2026.04.17	01:47:00.001	0.58910				2
2026.04.17	01:47:20.441	0.58911	0.58914			6
2026.04.17	01:47:20.740	0.58912	0.58915			6
2026.04.17	01:47:30.656	0.58911	0.58914			6
2026.04.17	01:47:41.488	0.58912	0.58915			6
2026.04.17	01:47:57.123	0.58911	0.58914			6
2026.04.17	01:48:00.131	0.58911				2
2026.04.17	01:48:23.301		0.58913			4
2026.04.17	01:48:38.639	0.58912	0.58914			6
2026.04.17	01:48:44.648	0.58913	0.58915			6
2026.04.17	01:48:45.550	0.58912	0.58914			6
2026.04.17	01:48:45.850	0.58914	0.58916			6
2026.04.17	01:48:50.062	0.58913	0.58915			6
2026.04.17	01:48:51.869	0.58912	0.58914			6
2026.04.17	01:48:58.491	0.58911	0.58913			6
2026.04.17	01:49:00.288	0.58911				2
2026.04.17	01:49:00.891	0.58910	0.58912			6
2026.04.17	01:49:18.329	0.58907	0.58909			6
2026.04.17	01:49:19.232		0.58910			4
2026.04.17	01:49:19.532	0.58906	0.58909			6
2026.04.17	01:49:21.636	0.58902	0.58905			6
2026.04.17	01:49:21.934	0.58900	0.58903			6
2026.04.17	01:49:22.234	0.58901	0.58904			6
2026.04.17	01:49:42.392	0.58902	0.58905			6
2026.04.17	01:49:43.899	0.58901	0.58904			6
2026.04.17	01:49:49.310	0.58902	0.58905			6
2026.04.17	01:49:52.925	0.58901	0.58904			6
2026.04.17	01:50:00.142	0.58901				2
2026.04.17	01:50:01.642	0.58900	0.58903			6
2026.04.17	01:50:27.803	0.58901	0.58904			6
2026.04.17	01:50:30.207	0.58902	0.58905			6
2026.04.17	01:50:31.409	0.58901	0.58904			6
2026.04.17	01:50:44.958	0.58902	0.58905			6
2026.04.17	01:51:00.298	0.58902				2
2026.04.17	01:51:06.306	0.58900	0.58903			6
2026.04.17	01:51:12.613	0.58901	0.58904			6
2026.04.17	01:51:13.214	0.58900	0.58903			6
2026.04.17	01:51:13.514	0.58902	0.58905			6
2026.04.17	01:51:13.816	0.58901	0.58904			6
2026.04.17	01:51:23.136	0.58902				2
2026.04.17	01:51:26.142		0.58905			4
2026.04.17	01:51:29.447	0.58903	0.58906			6
2026.04.17	01:51:33.357	0.58902	0.58905			6
2026.04.17	01:51:36.968	0.58903	0.58906			6
2026.04.17	01:51:46.304	0.58904	0.58907			6
2026.04.17	01:51:46.602	0.58903	0.58906			6
2026.04.17	01:51:51.712	0.58902	0.58905			6
2026.04.17	01:51:53.510	0.58901	0.58904			6
2026.04.17	01:51:55.617	0.58902	0.58905			6
2026.04.17	01:51:58.629	0.58901	0.58904			6
2026.04.17	01:52:00.130	0.58901				2
2026.04.17	01:52:12.765	0.58902	0.58905			6
2026.04.17	01:52:13.667	0.58901	0.58904			6
2026.04.17	01:52:49.177	0.58902	0.58905			6
2026.04.17	01:53:00.012	0.58902				2
2026.04.17	01:53:01.208	0.58903	0.58906			6
2026.04.17	01:53:09.335	0.58902	0.58905			6
2026.04.17	01:53:46.346	0.58903				2
2026.04.17	01:53:52.066	0.58904	0.58906			6
2026.04.17	01:53:53.268	0.58905	0.58908			6
2026.04.17	01:53:53.874	0.58906	0.58909			6
2026.04.17	01:54:00.195	0.58906				2
2026.04.17	01:54:00.796	0.58905	0.58908			6
2026.04.17	01:54:06.205	0.58904	0.58907			6
2026.04.17	01:54:06.806	0.58905	0.58908			6
2026.04.17	01:54:25.138	0.58904	0.58907			6
2026.04.17	01:54:33.259	0.58905	0.58908			6
2026.04.17	01:54:37.168	0.58904	0.58907			6
2026.04.17	01:54:42.879	0.58905	0.58908			6
2026.04.17	01:54:43.779	0.58906	0.58909			6
2026.04.17	01:55:00.011	0.58906				2
2026.04.17	01:55:07.231		0.58908			4
2026.04.17	01:55:53.830	0.58905	0.58907			6
2026.04.17	01:56:00.148	0.58905				2
2026.04.17	01:56:10.066	0.58906	0.58908			6
2026.04.17	01:56:56.696	0.58905	0.58907			6
2026.04.17	01:56:59.703	0.58904	0.58906			6
2026.04.17	01:57:00.005	0.58904				2
2026.04.17	01:57:42.707	0.58903	0.58905			6
2026.04.17	01:58:00.134	0.58903				2
2026.04.17	01:58:01.036	0.58908	0.58910			6
2026.04.17	01:58:02.234		0.58911			4
2026.04.17	01:58:53.381	0.58909				2
2026.04.17	01:59:00.000	0.58909				2
2026.04.17	01:59:02.404		0.58911			4
2026.04.17	01:59:27.048	0.58908	0.58910			6
2026.04.17	01:59:32.156	0.58907	0.58909			6
2026.04.17	01:59:36.070	0.58909	0.58911			6
2026.04.17	01:59:38.485	0.58908	0.58910			6
2026.04.17	01:59:39.992	0.58907	0.58909			6
2026.04.17	02:00:00.140	0.58907				2
2026.04.17	02:00:05.843	0.58908	0.58910			6
2026.04.17	02:00:07.646	0.58907	0.58909			6
2026.04.17	02:00:18.462	0.58908	0.58910			6
2026.04.17	02:00:19.368	0.58909	0.58911			6
2026.04.17	02:00:19.665	0.58910	0.58912			6
2026.04.17	02:00:25.684	0.58909	0.58911			6
2026.04.17	02:00:25.978	0.58908	0.58910			6
2026.04.17	02:00:26.281		0.58911			4
2026.04.17	02:00:28.992	0.58909	0.58912			6
2026.04.17	02:00:33.199	0.58908	0.58911			6
2026.04.17	02:00:35.605	0.58907	0.58910			6
2026.04.17	02:00:35.899	0.58909	0.58912			6
2026.04.17	02:00:50.326	0.58910	0.58913			6
2026.04.17	02:01:00.247	0.58910				2
2026.04.17	02:01:01.444	0.58908	0.58911			6
2026.04.17	02:01:02.345	0.58909	0.58912			6
2026.04.17	02:01:02.646	0.58908	0.58911			6
2026.04.17	02:01:03.251	0.58910	0.58913			6
2026.04.17	02:01:06.253	0.58912	0.58915			6
2026.04.17	02:01:06.554	0.58911	0.58914			6
2026.04.17	02:01:06.855	0.58910	0.58913			6
2026.04.17	02:01:10.458	0.58911	0.58914			6
2026.04.17	02:01:11.060	0.58912	0.58915			6
2026.04.17	02:01:22.202	0.58914	0.58917			6
2026.04.17	02:01:22.502	0.58913	0.58916			6
2026.04.17	02:01:22.802	0.58914	0.58917			6
2026.04.17	02:01:23.103	0.58915	0.58918			6
2026.04.17	02:01:23.702	0.58913	0.58916			6
2026.04.17	02:01:26.411	0.58912	0.58915			6
2026.04.17	02:01:27.908	0.58913	0.58916			6
2026.04.17	02:01:33.925	0.58914	0.58917			6
2026.04.17	02:01:36.935	0.58913	0.58916			6
2026.04.17	02:01:43.255	0.58914	0.58917			6
2026.04.17	02:01:43.557	0.58913	0.58916			6
2026.04.17	02:01:48.970	0.58912	0.58915			6
2026.04.17	02:02:00.100	0.58912				2
2026.04.17	02:02:10.009	0.58911	0.58914			6
2026.04.17	02:02:19.341	0.58910	0.58913			6
2026.04.17	02:02:25.950	0.58911	0.58914			6
2026.04.17	02:02:53.913	0.58912	0.58915			6
2026.04.17	02:02:56.019	0.58911	0.58914			6
2026.04.17	02:02:58.128	0.58912	0.58915			6
2026.04.17	02:03:00.230	0.58912				2
2026.04.17	02:03:07.743	0.58911	0.58914			6
2026.04.17	02:03:08.045	0.58910	0.58913			6
2026.04.17	02:03:14.352	0.58909	0.58912			6
2026.04.17	02:03:28.204	0.58908	0.58911			6
2026.04.17	02:03:28.803	0.58909	0.58912			6
2026.04.17	02:03:30.005	0.58908	0.58911			6
2026.04.17	02:03:37.531	0.58909				2
2026.04.17	02:03:37.827	0.58910	0.58913			6
2026.04.17	02:03:39.030	0.58909	0.58912			6
2026.04.17	02:03:42.342	0.58910	0.58913			6
2026.04.17	02:03:42.643	0.58909	0.58912			6
2026.04.17	02:03:52.577	0.58908	0.58911			6
2026.04.17	02:04:00.103	0.58908				2
2026.04.17	02:04:02.502	0.58907	0.58910			6
2026.04.17	02:04:07.907	0.58906	0.58909			6
2026.04.17	02:04:20.531	0.58904	0.58907			6
2026.04.17	02:04:20.832	0.58905	0.58908			6
2026.04.17	02:04:41.864	0.58906	0.58909			6
2026.04.17	02:05:00.209	0.58906				2
2026.04.17	02:05:01.413	0.58904	0.58907			6
2026.04.17	02:05:01.711	0.58903	0.58906			6
2026.04.17	02:05:02.314	0.58902	0.58905			6
2026.04.17	02:05:08.324	0.58904	0.58907			6
2026.04.17	02:05:08.627	0.58903	0.58906			6
2026.04.17	02:05:14.039	0.58904	0.58907			6
2026.04.17	02:05:18.546	0.58905	0.58908			6
2026.04.17	02:05:20.952	0.58903	0.58906			6
2026.04.17	02:05:21.855	0.58904				2
2026.04.17	02:05:22.156		0.58907			4
2026.04.17	02:05:30.282	0.58905	0.58908			6
2026.04.17	02:05:33.591	0.58906	0.58909			6
2026.04.17	02:05:33.890	0.58905	0.58908			6
2026.04.17	02:05:34.796	0.58906	0.58909			6
2026.04.17	02:05:39.002	0.58905	0.58908			6
2026.04.17	02:05:44.714	0.58906	0.58909			6
2026.04.17	02:05:49.826	0.58904	0.58907			6
2026.04.17	02:05:54.337	0.58905	0.58908			6
2026.04.17	02:05:59.752	0.58906	0.58909			6
2026.04.17	02:06:00.054	0.58906				2
2026.04.17	02:06:06.659	0.58905	0.58908			6
2026.04.17	02:06:25.612	0.58904	0.58907			6
2026.04.17	02:06:28.618	0.58905	0.58908			6
2026.04.17	02:06:30.422	0.58904	0.58907			6
2026.04.17	02:06:34.032	0.58903	0.58906			6
2026.04.17	02:06:34.932	0.58905	0.58908			6
2026.04.17	02:06:47.253	0.58904	0.58907			6
2026.04.17	02:06:54.166	0.58905	0.58908			6
2026.04.17	02:06:55.070	0.58904	0.58907			6
2026.04.17	02:06:55.668	0.58903	0.58906			6
2026.04.17	02:06:56.571	0.58902	0.58904			6
2026.04.17	02:07:00.193	0.58902				2
2026.04.17	02:07:00.791		0.58905			4
2026.04.17	02:07:15.515	0.58900	0.58903			6
2026.04.17	02:07:17.922		0.58902			4
2026.04.17	02:07:20.030	0.58899				2
2026.04.17	02:07:25.139	0.58901	0.58904			6
2026.04.17	02:07:29.346	0.58902	0.58905			6
2026.04.17	02:08:00.011	0.58902				2
2026.04.17	02:08:15.342	0.58901	0.58904			6
2026.04.17	02:08:20.155	0.58902	0.58905			6
2026.04.17	02:08:20.454	0.58903	0.58906			6
2026.04.17	02:08:27.063	0.58904	0.58907			6
2026.04.17	02:08:32.185	0.58905	0.58908			6
2026.04.17	02:08:41.517	0.58904	0.58907			6
2026.04.17	02:08:55.644	0.58905	0.58908			6
2026.04.17	02:08:56.244	0.58904	0.58907			6
2026.04.17	02:09:00.151	0.58904				2
2026.04.17	02:09:01.649	0.58905	0.58908			6
2026.04.17	02:09:04.055	0.58904	0.58907			6
2026.04.17	02:09:04.357	0.58905	0.58908			6
2026.04.17	02:09:13.696	0.58904	0.58907			6
2026.04.17	02:09:26.633	0.58905	0.58908			6
2026.04.17	02:09:46.172	0.58904	0.58907			6
2026.04.17	02:09:47.379	0.58901	0.58904			6
2026.04.17	02:09:48.581	0.58902	0.58905			6
2026.04.17	02:10:00.015	0.58902				2
2026.04.17	02:10:27.967	0.58903	0.58906			6
2026.04.17	02:10:35.489	0.58904	0.58907			6
2026.04.17	02:10:40.908	0.58903	0.58906			6
2026.04.17	02:10:41.208	0.58902	0.58905			6
2026.04.17	02:11:00.166	0.58902				2
2026.04.17	02:11:15.502		0.58904			4
2026.04.17	02:11:15.803		0.58905			4
2026.04.17	02:11:16.103		0.58904			4
2026.04.17	02:11:16.403		0.58905			4
2026.04.17	02:11:16.703		0.58904			4
2026.04.17	02:11:17.005		0.58905			4
2026.04.17	02:11:17.305		0.58904			4
2026.04.17	02:11:17.605		0.58905			4
2026.04.17	02:11:17.906		0.58904			4
2026.04.17	02:11:18.207		0.58905			4
2026.04.17	02:11:18.507		0.58904			4
2026.04.17	02:11:18.807		0.58905			4
2026.04.17	02:11:43.760	0.58904				2
2026.04.17	02:11:44.061	0.58902				2
2026.04.17	02:11:44.361	0.58904				2
2026.04.17	02:11:44.663	0.58902				2
2026.04.17	02:11:44.963	0.58904				2
2026.04.17	02:11:45.262	0.58902				2
2026.04.17	02:11:45.562	0.58904				2
2026.04.17	02:11:45.863	0.58902				2
2026.04.17	02:11:46.164	0.58904				2
2026.04.17	02:11:46.464	0.58902				2
2026.04.17	02:11:46.764	0.58904				2
2026.04.17	02:11:47.370	0.58902				2
2026.04.17	02:12:00.014	0.58902				2
2026.04.17	02:12:05.675	0.58901	0.58904			6
2026.04.17	02:12:08.991	0.58902				2
2026.04.17	02:12:09.291	0.58900	0.58903			6
2026.04.17	02:12:21.309	0.58901				2
2026.04.17	02:13:00.116	0.58901				2
2026.04.17	02:13:04.626	0.58902	0.58904			6
2026.04.17	02:13:06.728	0.58903	0.58905			6
2026.04.17	02:13:15.750	0.58904	0.58906			6
2026.04.17	02:13:16.351	0.58905	0.58907			6
2026.04.17	02:13:35.911	0.58907	0.58909			6
2026.04.17	02:14:00.252	0.58907				2
2026.04.17	02:14:07.477	0.58906	0.58908			6
2026.04.17	02:14:13.801	0.58907	0.58909			6
2026.04.17	02:14:31.824	0.58906	0.58908			6
2026.04.17	02:14:32.425	0.58908	0.58910			6
2026.04.17	02:14:37.233	0.58907	0.58909			6
2026.04.17	02:14:49.553	0.58908	0.58910			6
2026.04.17	02:14:50.458	0.58907	0.58909			6
2026.04.17	02:14:51.961	0.58908	0.58910			6
2026.04.17	02:14:57.375	0.58907	0.58909			6
2026.04.17	02:15:00.083	0.58907				2
2026.04.17	02:15:06.701	0.58910	0.58912			6
2026.04.17	02:15:07.302		0.58913			4
2026.04.17	02:15:07.604		0.58912			4
2026.04.17	02:15:09.704		0.58913			4
2026.04.17	02:15:13.909	0.58911				2
2026.04.17	02:15:14.211		0.58914			4
2026.04.17	02:15:15.110		0.58913			4
2026.04.17	02:15:16.013	0.58910				2
2026.04.17	02:15:19.929	0.58909	0.58912			6
2026.04.17	02:15:20.230	0.58910	0.58913			6
2026.04.17	02:15:28.342	0.58909	0.58911			6
2026.04.17	02:15:28.641	0.58908				2
2026.04.17	02:15:34.346		0.58910			4
2026.04.17	02:15:51.782	0.58907				2
2026.04.17	02:15:55.995	0.58908				2
2026.04.17	02:15:56.597		0.58911			4
2026.04.17	02:16:00.204	0.58908				2
2026.04.17	02:16:04.409	0.58909				2
2026.04.17	02:16:05.306		0.58912			4
2026.04.17	02:16:05.608	0.58910	0.58913			6
2026.04.17	02:16:11.917	0.58909	0.58912			6
2026.04.17	02:16:15.828	0.58910	0.58913			6
2026.04.17	02:16:16.130		0.58912			4
2026.04.17	02:16:17.327		0.58913			4
2026.04.17	02:16:18.232		0.58912			4
2026.04.17	02:16:21.234	0.58911	0.58913			6
2026.04.17	02:16:21.835	0.58912	0.58914			6
2026.04.17	02:16:23.339		0.58915			4
2026.04.17	02:16:38.369		0.58914			4
2026.04.17	02:16:42.283	0.58914	0.58916			6
2026.04.17	02:16:42.585	0.58915	0.58917			6
2026.04.17	02:16:43.184		0.58918			4
2026.04.17	02:16:52.205	0.58914	0.58917			6
2026.04.17	02:17:00.020	0.58914				2
2026.04.17	02:17:07.232	0.58915				2
2026.04.17	02:17:12.041	0.58914				2
2026.04.17	02:17:16.243		0.58916			4
2026.04.17	02:17:17.144		0.58917			4
2026.04.17	02:17:18.346		0.58916			4
2026.04.17	02:17:51.414	0.58915	0.58917			6
2026.04.17	02:17:54.132	0.58914	0.58916			6
2026.04.17	02:17:58.036	0.58915	0.58917			6
2026.04.17	02:17:58.340	0.58916	0.58918			6
2026.04.17	02:17:59.240		0.58919			4
2026.04.17	02:18:00.142	0.58916	0.58918			6
2026.04.17	02:18:56.486	0.58917	0.58919			6
2026.04.17	02:18:57.686	0.58922	0.58924			6
2026.04.17	02:18:58.590		0.58925			4
2026.04.17	02:18:58.891	0.58923				2
2026.04.17	02:19:00.091	0.58923				2
2026.04.17	02:19:01.593	0.58922				2
2026.04.17	02:19:01.893	0.58923				2
2026.04.17	02:19:07.154		0.58924			4
2026.04.17	02:19:08.963		0.58926			4
2026.04.17	02:19:15.895	0.58924				2
2026.04.17	02:19:17.097	0.58923				2
2026.04.17	02:19:17.397	0.58924	0.58927			6
2026.04.17	02:19:17.997	0.58926	0.58929			6
2026.04.17	02:19:18.299	0.58929	0.58932			6
2026.04.17	02:19:18.899	0.58930				2
2026.04.17	02:19:19.199	0.58929				2
2026.04.17	02:19:22.752	0.58930				2
2026.04.17	02:19:23.942	0.58929				2
2026.04.17	02:19:27.550		0.58931			4
2026.04.17	02:19:29.053		0.58932			4
2026.04.17	02:19:29.575		0.58931			4
2026.04.17	02:19:39.578	0.58928				2
2026.04.17	02:19:52.725		0.58930			4
2026.04.17	02:19:53.955		0.58931			4
2026.04.17	02:20:03.199	0.58928				2
2026.04.17	02:20:06.726		0.58932			4
2026.04.17	02:20:07.519		0.58931			4
2026.04.17	02:20:25.265		0.58930			4
2026.04.17	02:20:25.566	0.58927				2
2026.04.17	02:20:40.033	0.58926				2
2026.04.17	02:20:41.417		0.58929			4
2026.04.17	02:20:43.381		0.58928			4
2026.04.17	02:20:44.185		0.58929			4
2026.04.17	02:20:48.355		0.58928			4
2026.04.17	02:20:58.251		0.58929			4
2026.04.17	02:21:00.156	0.58926				2
2026.04.17	02:21:51.677	0.58927				2
2026.04.17	02:21:55.895	0.58926				2
2026.04.17	02:21:58.297		0.58929			4
2026.04.17	02:22:00.101	0.58926				2
2026.04.17	02:22:18.128	0.58925	0.58928			6
2026.04.17	02:22:21.433	0.58926				2
2026.04.17	02:22:21.736		0.58929			4
2026.04.17	02:22:41.886		0.58928			4
2026.04.17	02:22:43.992		0.58929			4
2026.04.17	02:23:00.226	0.58926				2
2026.04.17	02:23:24.420		0.58928			4
2026.04.17	02:23:24.721	0.58927	0.58930			6
2026.04.17	02:23:30.445		0.58929			4
2026.04.17	02:23:42.884		0.58930			4
2026.04.17	02:23:46.117		0.58929			4
2026.04.17	02:23:46.718	0.58928	0.58930			6
2026.04.17	02:24:00.241	0.58928				2
2026.04.17	02:24:01.147	0.58927	0.58929			6
2026.04.17	02:24:02.343	0.58926				2
2026.04.17	02:24:06.091	0.58927				2
2026.04.17	02:24:10.599	0.58928	0.58930			6
2026.04.17	02:24:23.525	0.58927	0.58929			6
2026.04.17	02:24:27.130	0.58928	0.58930			6
2026.04.17	02:24:38.217	0.58927	0.58929			6
2026.04.17	02:24:48.245	0.58926	0.58927			6
2026.04.17	02:24:59.664	0.58927	0.58929			6
2026.04.17	02:25:00.264	0.58927				2
2026.04.17	02:25:02.368	0.58926	0.58928			6
2026.04.17	02:25:06.574	0.58927	0.58929			6
2026.04.17	02:25:11.087		0.58928			4
2026.04.17	02:25:11.387		0.58929			4
2026.04.17	02:25:19.500	0.58928	0.58930			6
2026.04.17	02:25:19.801	0.58927	0.58929			6
2026.04.17	02:25:24.004	0.58928	0.58930			6
2026.04.17	02:25:28.219	0.58927	0.58929			6
2026.04.17	02:26:00.099	0.58927				2
2026.04.17	02:26:28.353		0.58929			4
2026.04.17	02:27:00.228	0.58927				2
2026.04.17	02:27:18.254		0.58928			4
2026.04.17	02:27:31.492		0.58929			4
2026.04.17	02:27:33.296		0.58928			4
2026.04.17	02:27:37.501	0.58926	0.58927			6
2026.04.17	02:27:37.801		0.58928			4
2026.04.17	02:27:38.702	0.58927	0.58929			6
2026.04.17	02:27:40.204	0.58926	0.58927			6
2026.04.17	02:27:40.504		0.58928			4
2026.04.17	02:27:45.608	0.58925	0.58927			6
2026.04.17	02:27:46.211	0.58926				2
2026.04.17	02:27:48.613	0.58925	0.58926			6
2026.04.17	02:28:00.031	0.58925				2
2026.04.17	02:28:01.831	0.58924	0.58925			6
2026.04.17	02:28:02.132	0.58923				2
2026.04.17	02:28:16.259	0.58922	0.58924			6
2026.04.17	02:28:20.173	0.58923				2
2026.04.17	02:28:30.097	0.58922				2
2026.04.17	02:28:33.700	0.58923	0.58925			6
2026.04.17	02:28:34.904	0.58921	0.58923			6
2026.04.17	02:28:50.537	0.58922	0.58924			6
2026.04.17	02:29:00.160	0.58922				2
2026.04.17	02:29:18.511	0.58923				2
2026.04.17	02:29:29.652	0.58922				2
2026.04.17	02:29:35.662		0.58923			4
2026.04.17	02:29:44.980		0.58924			4
2026.04.17	02:29:50.094		0.58923			4
2026.04.17	02:29:50.695	0.58921	0.58922			6
2026.04.17	02:29:53.099		0.58923			4
2026.04.17	02:30:00.017	0.58921				2
2026.04.17	02:30:00.917		0.58922			4
2026.04.17	02:30:01.518	0.58922	0.58923			6
2026.04.17	02:30:06.931	0.58921				2
2026.04.17	02:30:09.032	0.58922				2
2026.04.17	02:30:10.834	0.58920	0.58922			6
2026.04.17	02:30:11.133	0.58919	0.58920			6
2026.04.17	02:30:11.434	0.58918	0.58919			6
2026.04.17	02:30:12.335		0.58920			4
2026.04.17	02:30:43.620	0.58917	0.58919			6
2026.04.17	02:30:56.543	0.58918	0.58920			6
2026.04.17	02:31:00.161	0.58918				2
2026.04.17	02:31:00.461	0.58917	0.58919			6
2026.04.17	02:31:43.442	0.58918	0.58920			6
2026.04.17	02:31:47.653	0.58917	0.58919			6
2026.04.17	02:31:54.865	0.58918	0.58920			6
2026.04.17	02:31:55.466	0.58917	0.58919			6
2026.04.17	02:32:00.286	0.58917				2
2026.04.17	02:32:18.921	0.58918	0.58920			6
2026.04.17	02:32:25.233	0.58917	0.58919			6
2026.04.17	02:33:00.098	0.58917				2
2026.04.17	02:33:25.336		0.58919			4
2026.04.17	02:33:29.544	0.58918	0.58920			6
2026.04.17	02:33:30.449	0.58916	0.58918			6
2026.04.17	02:33:43.680	0.58918	0.58920			6
2026.04.17	02:33:49.685	0.58917	0.58919			6
2026.04.17	02:33:55.096	0.58918	0.58920			6
2026.04.17	02:33:57.199	0.58917	0.58919			6
2026.04.17	02:33:57.499	0.58918	0.58920			6
2026.04.17	02:33:59.004	0.58917	0.58919			6
2026.04.17	02:34:00.205	0.58917				2
2026.04.17	02:34:01.106	0.58918	0.58920			6
2026.04.17	02:34:11.326	0.58919	0.58921			6
2026.04.17	02:34:13.131	0.58918	0.58920			6
2026.04.17	02:34:28.456	0.58917	0.58919			6
2026.04.17	02:34:30.561	0.58918	0.58920			6
2026.04.17	02:34:48.305	0.58917	0.58919			6
2026.04.17	02:35:00.032	0.58917				2
2026.04.17	02:35:00.329	0.58918	0.58920			6
2026.04.17	02:35:43.637	0.58916	0.58918			6
2026.04.17	02:35:49.351	0.58912	0.58914			6
2026.04.17	02:35:49.646	0.58911	0.58913			6
2026.04.17	02:35:50.248		0.58914			4
2026.04.17	02:35:55.356	0.58912	0.58915			6
2026.04.17	02:36:00.173	0.58912				2
2026.04.17	02:36:08.900		0.58916			4
2026.04.17	02:36:28.128	0.58911	0.58914			6
2026.04.17	02:36:28.429		0.58915			4
2026.04.17	02:36:39.783	0.58912				2
2026.04.17	02:36:53.603	0.58911	0.58914			6
2026.04.17	02:36:56.005	0.58912	0.58915			6
2026.04.17	02:36:56.305		0.58916			4
2026.04.17	02:37:00.215	0.58912	0.58915			6
2026.04.17	02:37:21.253	0.58914	0.58918			6
2026.04.17	02:37:22.343	0.58915				2
2026.04.17	02:37:24.146		0.58919			4
2026.04.17	02:37:41.382	0.58916				2
2026.04.17	02:37:44.396	0.58915				2
2026.04.17	02:37:45.298		0.58918			4
2026.04.17	02:37:45.898	0.58916	0.58919			6
2026.04.17	02:38:00.053	0.58916				2
2026.04.17	02:38:00.954	0.58917	0.58920			6
2026.04.17	02:38:01.253		0.58919			4
2026.04.17	02:38:01.553	0.58915	0.58918			6
2026.04.17	02:38:01.853	0.58916	0.58919			6
2026.04.17	02:38:04.259	0.58917	0.58920			6
2026.04.17	02:38:04.560	0.58916	0.58919			6
2026.04.17	02:38:21.106	0.58917	0.58920			6
2026.04.17	02:38:21.706	0.58916	0.58919			6
2026.04.17	02:38:24.717	0.58917	0.58920			6
2026.04.17	02:38:27.424	0.58916	0.58919			6
2026.04.17	02:39:00.192	0.58916				2
2026.04.17	02:39:25.425	0.58915	0.58918			6
2026.04.17	02:39:31.735	0.58914	0.58917			6
2026.04.17	02:39:42.560	0.58913	0.58916			6
2026.04.17	02:39:42.860	0.58912	0.58915			6
2026.04.17	02:40:00.289	0.58912				2
2026.04.17	02:40:19.530	0.58907	0.58910			6
2026.04.17	02:40:19.831	0.58906	0.58909			6
2026.04.17	02:40:20.132		0.58910			4
2026.04.17	02:40:31.551	0.58905	0.58909			6
2026.04.17	02:40:31.851		0.58908			4
2026.04.17	02:40:32.151	0.58906				2
2026.04.17	02:40:32.453		0.58909			4
2026.04.17	02:40:40.535	0.58905				2
2026.04.17	02:40:40.836	0.58904	0.58908			6
2026.04.17	02:40:46.242	0.58905	0.58909			6
2026.04.17	02:40:46.542	0.58904	0.58908			6
2026.04.17	02:40:50.457	0.58905	0.58909			6
2026.04.17	02:40:51.362	0.58904	0.58908			6
2026.04.17	02:41:00.278	0.58904				2
2026.04.17	02:41:01.179	0.58905				2
2026.04.17	02:41:02.382	0.58904				2
2026.04.17	02:41:03.286	0.58905				2
2026.04.17	02:41:12.306	0.58904				2
2026.04.17	02:41:16.217	0.58905				2
2026.04.17	02:41:20.133		0.58909			4
2026.04.17	02:41:35.066		0.58908			4
2026.04.17	02:41:36.571		0.58909			4
2026.04.17	02:41:41.357		0.58908			4
2026.04.17	02:41:41.657	0.58904				2
2026.04.17	02:41:46.464		0.58907			4
2026.04.17	02:41:54.606		0.58908			4
2026.04.17	02:41:58.494	0.58903	0.58907			6
2026.04.17	02:42:00.298	0.58903				2
2026.04.17	02:42:00.598	0.58904	0.58908			6
2026.04.17	02:42:01.501	0.58903	0.58907			6
2026.04.17	02:42:11.421	0.58904				2
2026.04.17	02:42:13.225	0.58903				2
2026.04.17	02:42:13.826	0.58904				2
2026.04.17	02:42:15.330	0.58903				2
2026.04.17	02:42:20.141		0.58906			4
2026.04.17	02:42:21.041	0.58902	0.58904			6
2026.04.17	02:42:21.341		0.58905			4
2026.04.17	02:42:23.143	0.58901				2
2026.04.17	02:42:25.551	0.58902				2
2026.04.17	02:42:28.671	0.58900	0.58902			6
2026.04.17	02:42:28.971	0.58899				2
2026.04.17	02:42:31.686		0.58901			4
2026.04.17	02:42:31.988	0.58898				2
2026.04.17	02:42:41.623		0.58902			4
2026.04.17	02:42:45.629	0.58897	0.58901			6
2026.04.17	02:42:45.929	0.58896	0.58899			6
2026.04.17	02:42:53.176	0.58897				2
2026.04.17	02:43:00.095	0.58897				2
2026.04.17	02:43:00.997	0.58896				2
2026.04.17	02:43:01.886	0.58894	0.58897			6
2026.04.17	02:43:05.409	0.58893				2
2026.04.17	02:43:05.710	0.58894				2
2026.04.17	02:43:06.009	0.58895				2
2026.04.17	02:43:09.316	0.58894				2
2026.04.17	02:43:11.341	0.58895				2
2026.04.17	02:43:13.442	0.58894				2
2026.04.17	02:43:14.476	0.58895				2
2026.04.17	02:43:15.378	0.58894				2
2026.04.17	02:43:21.284	0.58895				2
2026.04.17	02:43:21.613	0.58894				2
2026.04.17	02:43:21.930	0.58895				2
2026.04.17	02:43:22.230	0.58894				2
2026.04.17	02:43:22.530	0.58895				2
2026.04.17	02:43:22.841	0.58894				2
2026.04.17	02:43:23.154	0.58895				2
2026.04.17	02:43:23.454	0.58894				2
2026.04.17	02:43:24.054	0.58896				2
2026.04.17	02:43:24.355	0.58895				2
2026.04.17	02:43:24.957	0.58894				2
2026.04.17	02:43:28.187	0.58895				2
2026.04.17	02:43:29.093		0.58898			4
2026.04.17	02:43:32.399		0.58899			4
2026.04.17	02:43:34.206		0.58898			4
2026.04.17	02:43:34.505	0.58896				2
2026.04.17	02:43:40.825	0.58895				2
2026.04.17	02:43:48.459	0.58894				2
2026.04.17	02:43:49.360		0.58897			4
2026.04.17	02:43:49.973	0.58895	0.58898			6
2026.04.17	02:43:50.292	0.58894	0.58897			6
2026.04.17	02:43:50.893	0.58895				2
2026.04.17	02:43:51.193	0.58893				2
2026.04.17	02:43:51.493	0.58895				2
2026.04.17	02:43:51.794	0.58894				2
2026.04.17	02:43:52.094	0.58895				2
2026.04.17	02:43:52.394	0.58894				2
2026.04.17	02:43:52.696	0.58895				2
2026.04.17	02:43:52.997	0.58894				2
2026.04.17	02:43:55.399	0.58893				2
2026.04.17	02:44:00.243	0.58893				2
2026.04.17	02:44:00.533	0.58894	0.58898			6
2026.04.17	02:44:15.597	0.58896	0.58899			6
2026.04.17	02:44:15.897	0.58895	0.58897			6
2026.04.17	02:44:16.197	0.58894				2
2026.04.17	02:44:16.500	0.58892	0.58895			6
2026.04.17	02:44:31.531	0.58891				2
2026.04.17	02:44:33.682	0.58887	0.58890			6
2026.04.17	02:44:33.982	0.58886	0.58889			6
2026.04.17	02:44:36.687	0.58884	0.58885			6
2026.04.17	02:44:36.987	0.58882	0.58886			6
2026.04.17	02:44:37.588	0.58883				2
2026.04.17	02:44:38.794	0.58882				2
2026.04.17	02:44:40.297	0.58884	0.58888			6
2026.04.17	02:44:40.597		0.58887			4
2026.04.17	02:44:42.151		0.58888			4
2026.04.17	02:44:51.560	0.58882	0.58886			6
2026.04.17	02:45:00.277	0.58882				2
2026.04.17	02:45:01.479	0.58881	0.58885			6
2026.04.17	02:45:04.285		0.58884			4
2026.04.17	02:45:04.586	0.58879	0.58883			6
2026.04.17	02:45:05.186	0.58881	0.58884			6
2026.04.17	02:45:06.165		0.58885			4
2026.04.17	02:45:26.182	0.58882				2
2026.04.17	02:45:28.285		0.58886			4
2026.04.17	02:45:39.116	0.58885	0.58888			6
2026.04.17	02:45:39.416	0.58886	0.58889			6
2026.04.17	02:45:41.520	0.58883	0.58887			6
2026.04.17	02:45:44.496	0.58882	0.58886			6
2026.04.17	02:45:46.596	0.58883	0.58887			6
2026.04.17	02:45:50.199	0.58882	0.58886			6
2026.04.17	02:46:00.115	0.58882				2
2026.04.17	02:46:07.779		0.58885			4
2026.04.17	02:46:10.186	0.58881				2
2026.04.17	02:46:11.088	0.58882				2
2026.04.17	02:46:12.291		0.58886			4
2026.04.17	02:46:12.592	0.58883	0.58887			6
2026.04.17	02:46:18.598	0.58884	0.58888			6
2026.04.17	02:46:22.199		0.58887			4
2026.04.17	02:46:22.499	0.58882	0.58886			6
2026.04.17	02:46:23.701	0.58884	0.58887			6
2026.04.17	02:46:24.303	0.58883				2
2026.04.17	02:46:39.082	0.58884				2
2026.04.17	02:46:41.487	0.58883				2
2026.04.17	02:46:52.906	0.58882	0.58886			6
2026.04.17	02:47:00.099	0.58882				2
2026.04.17	02:47:00.700	0.58881	0.58885			6
2026.04.17	02:47:13.816	0.58880	0.58883			6
2026.04.17	02:47:18.324	0.58881	0.58884			6
2026.04.17	02:47:18.963		0.58885			4
2026.04.17	02:47:31.389	0.58878	0.58881			6
2026.04.17	02:47:31.688	0.58877				2
2026.04.17	02:47:32.289	0.58876	0.58880			6
2026.04.17	02:47:33.491	0.58877	0.58881			6
2026.04.17	02:47:33.792	0.58876	0.58880			6
2026.04.17	02:47:35.224		0.58879			4
2026.04.17	02:47:35.523	0.58874	0.58878			6
2026.04.17	02:47:35.824	0.58873	0.58877			6
2026.04.17	02:47:58.068	0.58872	0.58876			6
2026.04.17	02:48:00.170	0.58872				2
2026.04.17	02:48:06.353	0.58871	0.58875			6
2026.04.17	02:48:09.658	0.58872				2
2026.04.17	02:48:15.072		0.58876			4
2026.04.17	02:48:25.883	0.58874	0.58877			6
2026.04.17	02:48:26.186	0.58875				2
2026.04.17	02:48:34.617	0.58874				2
2026.04.17	02:48:40.635	0.58873				2
2026.04.17	02:48:42.059	0.58874				2
2026.04.17	02:48:48.670		0.58878			4
2026.04.17	02:48:48.971	0.58875				2
2026.04.17	02:48:56.488		0.58879			4
2026.04.17	02:49:00.094	0.58875				2
2026.04.17	02:49:01.896		0.58878			4
2026.04.17	02:49:06.098	0.58874	0.58877			6
2026.04.17	02:49:17.513	0.58875				2
2026.04.17	02:49:20.522	0.58874				2
2026.04.17	02:49:21.123	0.58873				2
2026.04.17	02:49:22.023	0.58874				2
2026.04.17	02:49:42.474	0.58873				2
2026.04.17	02:49:46.693	0.58872	0.58876			6
2026.04.17	02:49:50.602	0.58869	0.58873			6
2026.04.17	02:50:00.218	0.58869				2
2026.04.17	02:50:00.518	0.58870	0.58874			6
2026.04.17	02:50:02.921	0.58866	0.58870			6
2026.04.17	02:50:22.734	0.58867				2
2026.04.17	02:50:35.059		0.58871			4
2026.04.17	02:51:00.005	0.58867				2
2026.04.17	02:51:07.817		0.58870			4
2026.04.17	02:51:09.626	0.58866				2
2026.04.17	02:51:11.315	0.58867				2
2026.04.17	02:51:16.130	0.58864	0.58868			6
2026.04.17	02:51:20.083	0.58862	0.58866			6
2026.04.17	02:51:30.305	0.58861	0.58865			6
2026.04.17	02:51:42.006	0.58862				2
2026.04.17	02:51:46.818		0.58866			4
2026.04.17	02:51:54.331		0.58865			4
2026.04.17	02:51:54.631		0.58864			4
2026.04.17	02:51:54.931	0.58859	0.58862			6
2026.04.17	02:51:55.232		0.58863			4
2026.04.17	02:52:00.845	0.58859				2
2026.04.17	02:52:02.350		0.58862			4
2026.04.17	02:52:05.058		0.58863			4
2026.04.17	02:52:07.882	0.58860	0.58864			6
2026.04.17	02:52:09.082	0.58861	0.58865			6
2026.04.17	02:52:09.383	0.58862	0.58866			6
2026.04.17	02:52:09.984	0.58864	0.58867			6
2026.04.17	02:52:14.397	0.58863				2
2026.04.17	02:52:14.996		0.58866			4
2026.04.17	02:52:15.297	0.58864	0.58868			6
2026.04.17	02:52:16.197	0.58863	0.58867			6
2026.04.17	02:52:36.099	0.58862	0.58866			6
2026.04.17	02:52:45.934	0.58863	0.58867			6
2026.04.17	02:52:52.410	0.58862	0.58866			6
2026.04.17	02:52:53.127	0.58861	0.58865			6
2026.04.17	02:52:59.043	0.58860	0.58864			6
2026.04.17	02:52:59.343	0.58857	0.58860			6
2026.04.17	02:53:00.025	0.58857				2
2026.04.17	02:53:00.324		0.58861			4
2026.04.17	02:53:00.625		0.58860			4
2026.04.17	02:53:01.227	0.58855	0.58859			6
2026.04.17	02:53:01.826	0.58856				2
2026.04.17	02:53:02.126		0.58860			4
2026.04.17	02:53:25.527	0.58854	0.58858			6
2026.04.17	02:53:25.826	0.58853	0.58857			6
2026.04.17	02:53:28.231	0.58852	0.58856			6
2026.04.17	02:53:30.258	0.58853				2
2026.04.17	02:53:31.459	0.58852				2
2026.04.17	02:53:35.673		0.58855			4
2026.04.17	02:53:35.973	0.58850	0.58854			6
2026.04.17	02:53:36.273	0.58849	0.58853			6
2026.04.17	02:53:36.573	0.58850	0.58854			6
2026.04.17	02:53:53.122	0.58851				2
2026.04.17	02:53:56.114		0.58855			4
2026.04.17	02:53:58.445	0.58852	0.58856			6
2026.04.17	02:54:00.245	0.58852				2
2026.04.17	02:54:15.198	0.58853	0.58857			6
2026.04.17	02:54:18.964		0.58856			4
2026.04.17	02:54:21.966		0.58857			4
2026.04.17	02:54:29.226	0.58854				2
2026.04.17	02:54:36.251	0.58853				2
2026.04.17	02:54:36.981	0.58854				2
2026.04.17	02:54:50.802	0.58853				2
2026.04.17	02:54:51.760		0.58856			4
2026.04.17	02:54:58.488	0.58852				2
2026.04.17	02:55:00.292	0.58851	0.58855			6
2026.04.17	02:55:05.708	0.58852				2
2026.04.17	02:55:09.011	0.58856	0.58859			6
2026.04.17	02:55:09.310		0.58860			4
2026.04.17	02:55:12.790	0.58854	0.58857			6
2026.04.17	02:55:21.310	0.58855				2
2026.04.17	02:55:23.716	0.58854				2
2026.04.17	02:55:29.210	0.58853				2
2026.04.17	02:55:29.510	0.58854				2
2026.04.17	02:55:41.635	0.58853				2
2026.04.17	02:55:55.735		0.58856			4
2026.04.17	02:55:56.035	0.58852	0.58855			6
2026.04.17	02:56:01.290	0.58852				2
2026.04.17	02:56:01.590	0.58851				2
2026.04.17	02:56:02.450		0.58854			4
2026.04.17	02:56:09.537	0.58848	0.58851			6
2026.04.17	02:56:10.517	0.58847				2
2026.04.17	02:56:12.988	0.58846	0.58850			6
2026.04.17	02:56:13.589	0.58847				2
2026.04.17	02:56:15.396	0.58846	0.58849			6
2026.04.17	02:56:17.083	0.58845	0.58848			6
2026.04.17	02:56:17.387		0.58849			4
2026.04.17	02:56:19.188	0.58846				2
2026.04.17	02:56:19.488		0.58850			4
2026.04.17	02:56:19.789		0.58849			4
2026.04.17	02:56:35.088		0.58850			4
2026.04.17	02:56:39.453		0.58849			4
2026.04.17	02:56:40.056		0.58848			4
2026.04.17	02:56:44.265	0.58844	0.58847			6
2026.04.17	02:56:44.565	0.58843	0.58846			6
2026.04.17	02:56:44.865		0.58847			4
2026.04.17	02:56:45.166		0.58846			4
2026.04.17	02:56:49.757	0.58842				2
2026.04.17	02:56:50.694	0.58843				2
2026.04.17	02:56:52.195		0.58847			4
2026.04.17	02:56:52.799	0.58844				2
2026.04.17	02:56:56.263	0.58846	0.58849			6
2026.04.17	02:57:00.570	0.58846				2
2026.04.17	02:57:02.595	0.58847				2
2026.04.17	02:57:02.895		0.58851			4
2026.04.17	02:57:03.495	0.58846	0.58850			6
2026.04.17	02:57:05.597	0.58847	0.58851			6
2026.04.17	02:57:06.798		0.58850			4
2026.04.17	02:57:09.331		0.58849			4
2026.04.17	02:57:09.632		0.58850			4
2026.04.17	02:57:18.824		0.58851			4
2026.04.17	02:57:19.126	0.58846	0.58850			6
2026.04.17	02:57:20.030	0.58847				2
2026.04.17	02:57:24.495	0.58846				2
2026.04.17	02:57:27.211	0.58847	0.58851			6
2026.04.17	02:57:27.511	0.58850	0.58853			6
2026.04.17	02:57:28.411	0.58851				2
2026.04.17	02:57:28.713		0.58855			4
2026.04.17	02:57:29.178		0.58854			4
2026.04.17	02:57:39.077		0.58855			4
2026.04.17	02:57:40.326	0.58852				2
2026.04.17	02:57:47.241	0.58851				2
2026.04.17	02:57:48.060		0.58854			4
2026.04.17	02:58:00.109	0.58851				2
2026.04.17	02:58:08.273		0.58855			4
2026.04.17	02:58:09.250		0.58854			4
2026.04.17	02:58:09.551		0.58855			4
2026.04.17	02:58:21.813		0.58854			4
2026.04.17	02:58:25.936	0.58848	0.58852			6
2026.04.17	02:58:27.137		0.58851			4
2026.04.17	02:58:29.841		0.58850			4
2026.04.17	02:58:30.142	0.58846				2
2026.04.17	02:58:35.357	0.58849	0.58852			6
2026.04.17	02:58:37.094		0.58851			4
2026.04.17	02:58:38.301	0.58847				2
2026.04.17	02:58:43.104	0.58846	0.58850			6
2026.04.17	02:58:51.680		0.58849			4
2026.04.17	02:58:56.969		0.58850			4
2026.04.17	02:59:00.128	0.58846				2
2026.04.17	02:59:06.691	0.58849	0.58853			6
2026.04.17	02:59:06.991	0.58848	0.58852			6
2026.04.17	02:59:07.291	0.58849				2
2026.04.17	02:59:07.591		0.58853			4
2026.04.17	02:59:07.891		0.58852			4
2026.04.17	02:59:10.600	0.58850	0.58854			6
2026.04.17	02:59:10.923	0.58851				2
2026.04.17	02:59:14.168	0.58850				2
2026.04.17	02:59:16.626		0.58853			4
2026.04.17	02:59:17.227	0.58851				2
2026.04.17	02:59:20.232		0.58854			4
2026.04.17	02:59:21.133	0.58849	0.58853			6
2026.04.17	02:59:22.337	0.58850	0.58854			6
2026.04.17	02:59:22.636	0.58851				2
2026.04.17	02:59:32.551	0.58850				2
2026.04.17	02:59:36.072	0.58851				2
2026.04.17	02:59:36.373		0.58853			4
2026.04.17	02:59:36.674	0.58850	0.58854			6
2026.04.17	02:59:36.973	0.58851				2
2026.04.17	02:59:40.280	0.58849	0.58853			6
2026.04.17	02:59:40.580	0.58850	0.58854			6
2026.04.17	02:59:43.625	0.58851				2
2026.04.17	02:59:52.937	0.58850				2
2026.04.17	02:59:58.342		0.58853			4
2026.04.17	02:59:59.244		0.58854			4
2026.04.17	03:00:00.151	0.58850	0.58852			6
2026.04.17	03:00:00.446	0.58846	0.58850			6
2026.04.17	03:00:00.747	0.58847	0.58851			6
2026.04.17	03:00:01.047	0.58848	0.58852			6
2026.04.17	03:00:01.349	0.58847	0.58851			6
2026.04.17	03:00:01.650	0.58848				2
2026.04.17	03:00:03.152	0.58849	0.58852			6
2026.04.17	03:00:08.349	0.58847	0.58851			6
2026.04.17	03:00:10.803		0.58850			4
2026.04.17	03:00:12.305		0.58851			4
2026.04.17	03:00:12.604	0.58848	0.58852			6
2026.04.17	03:00:13.205		0.58851			4
2026.04.17	03:00:14.697	0.58847				2
2026.04.17	03:00:15.310	0.58848				2
2026.04.17	03:00:17.309	0.58847	0.58850			6
2026.04.17	03:00:17.609		0.58851			4
2026.04.17	03:00:17.909		0.58850			4
2026.04.17	03:00:20.222	0.58846				2
2026.04.17	03:00:21.326	0.58847				2
2026.04.17	03:00:21.626	0.58848	0.58851			6
2026.04.17	03:00:22.827	0.58847				2
2026.04.17	03:00:26.915	0.58849	0.58852			6
2026.04.17	03:00:27.579		0.58853			4
2026.04.17	03:00:29.343	0.58850				2
2026.04.17	03:00:29.643	0.58849				2
2026.04.17	03:00:29.945	0.58850				2
2026.04.17	03:00:30.849	0.58849				2
2026.04.17	03:00:31.450	0.58850				2
2026.04.17	03:00:32.400	0.58847	0.58851			6
2026.04.17	03:00:37.562	0.58846	0.58850			6
2026.04.17	03:00:37.862	0.58845	0.58849			6
2026.04.17	03:00:38.162	0.58846				2
2026.04.17	03:00:39.978	0.58845				2
2026.04.17	03:00:40.542	0.58846				2
2026.04.17	03:00:41.143	0.58845	0.58848			6
2026.04.17	03:00:42.054	0.58842	0.58846			6
2026.04.17	03:00:44.285	0.58843				2
2026.04.17	03:00:46.815	0.58844	0.58847			6
2026.04.17	03:00:47.116	0.58845	0.58848			6
2026.04.17	03:00:47.416		0.58849			4
2026.04.17	03:00:48.586		0.58848			4
2026.04.17	03:00:48.886		0.58849			4
2026.04.17	03:00:49.796	0.58843	0.58847			6
2026.04.17	03:00:50.397	0.58842	0.58846			6
2026.04.17	03:00:51.116	0.58852	0.58853			6
2026.04.17	03:00:51.421	0.58851	0.58855			6
2026.04.17	03:00:51.721		0.58854			4
2026.04.17	03:00:56.917	0.58850	0.58851			6
2026.04.17	03:00:57.218	0.58846	0.58850			6
2026.04.17	03:00:59.041		0.58849			4
2026.04.17	03:01:00.980	0.58846				2
2026.04.17	03:01:03.630	0.58845				2
2026.04.17	03:01:04.532	0.58846				2
2026.04.17	03:01:06.032	0.58840	0.58844			6
2026.04.17	03:01:06.332	0.58841	0.58845			6
2026.04.17	03:01:07.533	0.58842				2
2026.04.17	03:01:07.834	0.58841				2
2026.04.17	03:01:10.280		0.58844			4
2026.04.17	03:01:11.450	0.58840				2
2026.04.17	03:01:11.749	0.58838	0.58840			6
2026.04.17	03:01:12.050	0.58837	0.58841			6
2026.04.17	03:01:12.351		0.58840			4
2026.04.17	03:01:12.951		0.58841			4
2026.04.17	03:01:13.251	0.58838	0.58842			6
2026.04.17	03:01:14.855	0.58839				2
2026.04.17	03:01:15.459	0.58838				2
2026.04.17	03:01:16.886	0.58837	0.58841			6
2026.04.17	03:01:17.186	0.58831	0.58834			6
2026.04.17	03:01:17.488	0.58829	0.58833			6
2026.04.17	03:01:19.343		0.58831			4
2026.04.17	03:01:19.642	0.58827				2
2026.04.17	03:01:19.942	0.58828				2
2026.04.17	03:01:20.242	0.58827				2
2026.04.17	03:01:20.543	0.58828				2
2026.04.17	03:01:20.843	0.58829	0.58832			6
2026.04.17	03:01:24.380	0.58828				2
2026.04.17	03:01:24.681	0.58827	0.58830			6
2026.04.17	03:01:27.085		0.58831			4
2026.04.17	03:01:28.290		0.58830			4
2026.04.17	03:01:28.890	0.58828	0.58831			6
2026.04.17	03:01:30.094		0.58830			4
2026.04.17	03:01:30.395		0.58831			4
2026.04.17	03:01:30.696		0.58830			4
2026.04.17	03:01:31.296		0.58831			4
2026.04.17	03:01:32.496	0.58835	0.58838			6
2026.04.17	03:01:32.797		0.58839			4
2026.04.17	03:01:33.097	0.58832	0.58836			6
2026.04.17	03:01:37.427	0.58833	0.58837			6
2026.04.17	03:01:38.544		0.58836			4
2026.04.17	03:01:40.087	0.58832				2
2026.04.17	03:01:40.389	0.58833				2
2026.04.17	03:01:44.994	0.58831	0.58835			6
2026.04.17	03:01:45.594	0.58830	0.58834			6
2026.04.17	03:01:45.895		0.58833			4
2026.04.17	03:01:46.194	0.58828	0.58832			6
2026.04.17	03:01:46.798		0.58831			4
2026.04.17	03:01:49.331		0.58832			4
2026.04.17	03:01:49.948	0.58829				2
2026.04.17	03:01:50.905	0.58828				2
2026.04.17	03:01:51.588	0.58829	0.58833			6
2026.04.17	03:01:55.690	0.58831	0.58835			6
2026.04.17	03:01:57.795	0.58832				2
2026.04.17	03:01:59.597	0.58833	0.58836			6
2026.04.17	03:02:00.014	0.58833				2
2026.04.17	03:02:01.850	0.58834	0.58837			6
2026.04.17	03:02:02.152		0.58838			4
2026.04.17	03:02:02.753	0.58835				2
2026.04.17	03:02:03.054	0.58836	0.58839			6
2026.04.17	03:02:03.354		0.58840			4
2026.04.17	03:02:03.654	0.58837				2
2026.04.17	03:02:03.955		0.58841			4
2026.04.17	03:02:06.756	0.58838	0.58842			6
2026.04.17	03:02:07.356	0.58839				2
2026.04.17	03:02:08.856		0.58843			4
2026.04.17	03:02:09.157		0.58842			4
2026.04.17	03:02:12.395	0.58841	0.58844			6
2026.04.17	03:02:12.696	0.58842	0.58846			6
2026.04.17	03:02:14.355	0.58841	0.58845			6
2026.04.17	03:02:15.416		0.58844			4
2026.04.17	03:02:17.708	0.58839	0.58843			6
2026.04.17	03:02:18.009		0.58842			4
2026.04.17	03:02:19.211		0.58843			4
2026.04.17	03:02:20.412	0.58838	0.58842			6
2026.04.17	03:02:21.013		0.58841			4
2026.04.17	03:02:25.565		0.58842			4
2026.04.17	03:02:30.047	0.58839	0.58843			6
2026.04.17	03:02:32.383	0.58842	0.58846			6
2026.04.17	03:02:32.682	0.58843				2
2026.04.17	03:02:32.982	0.58842				2
2026.04.17	03:02:34.945	0.58841	0.58845			6
2026.04.17	03:02:35.722		0.58844			4
2026.04.17	03:02:37.250	0.58842	0.58845			6
2026.04.17	03:02:37.550	0.58841				2
2026.04.17	03:02:37.850	0.58842	0.58846			6
2026.04.17	03:02:39.651		0.58845			4
2026.04.17	03:02:39.953		0.58846			4
2026.04.17	03:02:45.355	0.58843				2
2026.04.17	03:02:45.962	0.58842				2
2026.04.17	03:02:47.025		0.58845			4
2026.04.17	03:02:47.325	0.58841				2
2026.04.17	03:02:47.624		0.58844			4
2026.04.17	03:03:00.109	0.58841				2
2026.04.17	03:03:01.814		0.58843			4
2026.04.17	03:03:03.381		0.58844			4
2026.04.17	03:03:04.830	0.58843	0.58846			6
2026.04.17	03:03:07.810	0.58841	0.58844			6
2026.04.17	03:03:08.933	0.58838	0.58842			6
2026.04.17	03:03:10.684	0.58839				2
2026.04.17	03:03:18.197		0.58843			4
2026.04.17	03:03:20.565		0.58842			4
2026.04.17	03:03:22.014	0.58840				2
2026.04.17	03:03:22.313	0.58839				2
2026.04.17	03:03:24.818		0.58843			4
2026.04.17	03:03:25.630		0.58842			4
2026.04.17	03:03:28.335		0.58843			4
2026.04.17	03:03:31.601	0.58838	0.58841			6
2026.04.17	03:03:31.900	0.58836	0.58839			6
2026.04.17	03:03:32.800	0.58835				2
2026.04.17	03:03:33.100		0.58838			4
2026.04.17	03:03:33.402	0.58834	0.58836			6
2026.04.17	03:03:33.701	0.58832				2
2026.04.17	03:03:34.302		0.58835			4
2026.04.17	03:03:36.510	0.58833	0.58837			6
2026.04.17	03:03:37.784		0.58836			4
2026.04.17	03:03:40.821	0.58835	0.58837			6
2026.04.17	03:03:41.122	0.58834				2
2026.04.17	03:03:47.912	0.58833	0.58836			6
2026.04.17	03:03:50.016	0.58836	0.58837			6
2026.04.17	03:03:50.316		0.58840			4
2026.04.17	03:03:56.516	0.58838	0.58841			6
2026.04.17	03:03:57.117	0.58842	0.58846			6
2026.04.17	03:03:57.417	0.58843	0.58847			6
2026.04.17	03:03:58.318	0.58842	0.58846			6
2026.04.17	03:03:58.619	0.58843				2
2026.04.17	03:04:00.075	0.58843				2
2026.04.17	03:04:02.503	0.58842				2
2026.04.17	03:04:02.804	0.58843				2
2026.04.17	03:04:03.104	0.58842				2
2026.04.17	03:04:03.881	0.58843				2
2026.04.17	03:04:04.482	0.58842				2
2026.04.17	03:04:05.881	0.58843				2
2026.04.17	03:04:10.317	0.58842				2
2026.04.17	03:04:15.541		0.58845			4
2026.04.17	03:04:16.141	0.58841				2
2026.04.17	03:04:18.957	0.58842	0.58846			6
2026.04.17	03:04:28.301		0.58845			4
2026.04.17	03:04:29.504	0.58841				2
2026.04.17	03:04:30.105		0.58844			4
2026.04.17	03:04:30.705		0.58845			4
2026.04.17	03:04:31.306	0.58842	0.58846			6
2026.04.17	03:04:33.408	0.58843				2
2026.04.17	03:04:51.953	0.58842				2
2026.04.17	03:04:57.077	0.58841	0.58844			6
2026.04.17	03:04:57.378		0.58843			4
2026.04.17	03:04:57.986	0.58838	0.58840			6
2026.04.17	03:04:58.280	0.58836				2
2026.04.17	03:05:00.218	0.58837				2
2026.04.17	03:05:01.721	0.58836	0.58839			6
2026.04.17	03:05:02.322		0.58840			4
2026.04.17	03:05:04.387	0.58837				2
2026.04.17	03:05:04.987	0.58836				2
2026.04.17	03:05:06.221		0.58839			4
2026.04.17	03:05:09.235		0.58840			4
2026.04.17	03:05:13.221		0.58839			4
2026.04.17	03:05:15.769	0.58834	0.58838			6
2026.04.17	03:05:17.804	0.58835				2
2026.04.17	03:05:18.706	0.58834				2
2026.04.17	03:05:19.428	0.58836	0.58839			6
2026.04.17	03:05:21.233		0.58840			4
2026.04.17	03:05:21.534		0.58839			4
2026.04.17	03:05:23.336	0.58834	0.58838			6
2026.04.17	03:05:23.641		0.58836			4
2026.04.17	03:05:23.938	0.58832				2
2026.04.17	03:05:24.237	0.58831	0.58835			6
2026.04.17	03:05:25.740	0.58830	0.58834			6
2026.04.17	03:05:27.100	0.58831				2
2026.04.17	03:05:29.241	0.58830				2
2026.04.17	03:05:30.411	0.58831				2
2026.04.17	03:05:31.313	0.58829	0.58832			6
2026.04.17	03:05:34.326	0.58830				2
2026.04.17	03:05:36.153	0.58831	0.58833			6
2026.04.17	03:05:36.454		0.58834			4
2026.04.17	03:05:36.753		0.58835			4
2026.04.17	03:05:37.053		0.58834			4
2026.04.17	03:05:45.811	0.58826	0.58829			6
2026.04.17	03:05:46.410	0.58825				2
2026.04.17	03:05:49.378	0.58826	0.58830			6
2026.04.17	03:05:50.620	0.58830	0.58834			6
2026.04.17	03:05:50.919	0.58831	0.58835			6
2026.04.17	03:05:51.219	0.58830	0.58834			6
2026.04.17	03:05:51.520	0.58829	0.58832			6
2026.04.17	03:05:54.613	0.58830	0.58833			6
2026.04.17	03:05:55.814		0.58834			4
2026.04.17	03:05:56.276	0.58831				2
2026.04.17	03:05:56.877		0.58835			4
2026.04.17	03:05:57.176	0.58832				2
2026.04.17	03:05:57.477	0.58831				2
2026.04.17	03:05:58.355	0.58829	0.58832			6
2026.04.17	03:05:58.656		0.58833			4
2026.04.17	03:05:59.260	0.58830				2
2026.04.17	03:06:00.166	0.58830				2
2026.04.17	03:06:01.769		0.58834			4
2026.04.17	03:06:02.955		0.58833			4
2026.04.17	03:06:04.519	0.58832	0.58836			6
2026.04.17	03:06:04.820		0.58835			4
2026.04.17	03:06:05.419		0.58836			4
2026.04.17	03:06:07.662	0.58833	0.58837			6
2026.04.17	03:06:09.126		0.58836			4
2026.04.17	03:06:09.426		0.58837			4
2026.04.17	03:06:10.327		0.58836			4
2026.04.17	03:06:10.627	0.58832				2
2026.04.17	03:06:13.245	0.58833				2
2026.04.17	03:06:14.668	0.58832				2
2026.04.17	03:06:15.302		0.58835			4
2026.04.17	03:06:16.451		0.58836			4
2026.04.17	03:06:16.752	0.58836	0.58838			6
2026.04.17	03:06:17.051		0.58840			4
2026.04.17	03:06:17.352	0.58837				2
2026.04.17	03:06:17.954		0.58841			4
2026.04.17	03:06:18.253		0.58840			4
2026.04.17	03:06:20.054	0.58836				2
2026.04.17	03:06:20.654		0.58839			4
2026.04.17	03:06:22.157	0.58837	0.58840			6
2026.04.17	03:06:22.458	0.58838	0.58841			6
2026.04.17	03:06:25.465		0.58840			4
2026.04.17	03:06:25.765	0.58836				2
2026.04.17	03:06:26.740		0.58839			4
2026.04.17	03:06:27.342	0.58837				2
2026.04.17	03:06:30.942		0.58838			4
2026.04.17	03:06:31.244	0.58836				2
2026.04.17	03:06:31.546	0.58835				2
2026.04.17	03:06:31.844	0.58834	0.58837			6
2026.04.17	03:06:33.176		0.58836			4
2026.04.17	03:06:33.476	0.58833				2
2026.04.17	03:06:37.405	0.58834	0.58837			6
2026.04.17	03:06:37.704	0.58833				2
2026.04.17	03:06:38.004	0.58834				2
2026.04.17	03:06:40.092	0.58833	0.58836			6
2026.04.17	03:06:40.393		0.58837			4
2026.04.17	03:06:40.692	0.58834				2
2026.04.17	03:06:41.294	0.58833				2
2026.04.17	03:06:41.594	0.58834				2
2026.04.17	03:06:42.841	0.58833				2
2026.04.17	03:06:43.143	0.58834				2
2026.04.17	03:06:44.301	0.58835	0.58839			6
2026.04.17	03:06:44.600	0.58837	0.58840			6
2026.04.17	03:06:45.803	0.58836	0.58839			6
2026.04.17	03:06:46.102	0.58835				2
2026.04.17	03:06:46.703		0.58838			4
2026.04.17	03:06:47.003	0.58836	0.58840			6
2026.04.17	03:06:47.303	0.58837				2
2026.04.17	03:06:51.128	0.58840	0.58841			6
2026.04.17	03:06:51.430	0.58837	0.58840			6
2026.04.17	03:06:53.776	0.58838	0.58841			6
2026.04.17	03:06:54.676	0.58839	0.58842			6
2026.04.17	03:06:56.478	0.58838	0.58841			6
2026.04.17	03:06:56.779	0.58836	0.58840			6
2026.04.17	03:06:57.078	0.58835	0.58839			6
2026.04.17	03:06:59.352	0.58836	0.58840			6
