<DATE>	<TIME>	<BID>	<ASK>	<LAST>	<VOLUME>	<FLAGS>
2026.05.14	00:03:31.047	0.59324	0.59362			6
2026.05.14	00:04:00.259	0.59324				2
2026.05.14	00:04:31.270		0.59362			4
2026.05.14	00:05:00.186	0.59324				2
2026.05.14	00:05:05.611	0.59327				2
2026.05.14	00:05:05.912	0.59324				2
2026.05.14	00:05:06.212	0.59326				2
2026.05.14	00:05:06.515	0.59327				2
2026.05.14	00:05:06.818	0.59326				2
2026.05.14	00:05:07.121	0.59324				2
2026.05.14	00:05:07.423	0.59326				2
2026.05.14	00:05:07.723	0.59324				2
2026.05.14	00:05:11.636	0.59325				2
2026.05.14	00:05:11.938	0.59333				2
2026.05.14	00:05:30.893		0.59361			4
2026.05.14	00:05:35.720	0.59337				2
2026.05.14	00:05:36.924	0.59339				2
2026.05.14	00:06:00.096	0.59339				2
2026.05.14	00:06:24.484	0.59325				2
2026.05.14	00:06:25.386	0.59338				2
2026.05.14	00:06:31.109		0.59361			4
2026.05.14	00:06:35.326	0.59325				2
2026.05.14	00:06:45.562	0.59329				2
2026.05.14	00:07:00.292	0.59329				2
2026.05.14	00:07:29.798	0.59327				2
2026.05.14	00:07:30.101	0.59333				2
2026.05.14	00:07:31.305	0.59327	0.59361			6
2026.05.14	00:07:31.606	0.59333				2
2026.05.14	00:07:32.210	0.59329				2
2026.05.14	00:07:45.462	0.59336				2
2026.05.14	00:08:00.213	0.59336				2
2026.05.14	00:08:31.540		0.59361			4
2026.05.14	00:08:45.382	0.59325				2
2026.05.14	00:09:00.137	0.59325				2
2026.05.14	00:09:31.723		0.59361			4
2026.05.14	00:10:00.033	0.59325				2
2026.05.14	00:10:31.903		0.59361			4
2026.05.14	00:10:38.864	0.59290				2
2026.05.14	00:11:00.232	0.59290				2
2026.05.14	00:11:32.111		0.59361			4
2026.05.14	00:11:38.430	0.59280	0.59360			6
2026.05.14	00:11:48.063		0.59354			4
2026.05.14	00:11:48.362	0.59275	0.59356			6
2026.05.14	00:11:49.264		0.59351			4
2026.05.14	00:12:00.093	0.59275				2
2026.05.14	00:12:22.362		0.59347			4
2026.05.14	00:12:22.663	0.59273	0.59346			6
2026.05.14	00:12:23.562		0.59341			4
2026.05.14	00:12:24.765		0.59340			4
2026.05.14	00:13:00.262	0.59273				2
2026.05.14	00:13:24.943		0.59340			4
2026.05.14	00:13:25.242	0.59274	0.59347			6
2026.05.14	00:13:29.645	0.59287	0.59361			6
2026.05.14	00:14:00.048	0.59287				2
2026.05.14	00:14:29.847		0.59361			4
2026.05.14	00:15:00.249	0.59287				2
2026.05.14	00:15:30.056		0.59361			4
2026.05.14	00:16:00.127	0.59287				2
2026.05.14	00:16:29.588		0.59362			4
2026.05.14	00:17:00.287	0.59287				2
2026.05.14	00:17:29.773		0.59362			4
2026.05.14	00:17:52.653	0.59301				2
2026.05.14	00:17:52.953	0.59287				2
2026.05.14	00:17:53.253	0.59301				2
2026.05.14	00:17:53.553	0.59287				2
2026.05.14	00:17:54.156	0.59301				2
2026.05.14	00:17:54.456	0.59287				2
2026.05.14	00:17:54.758	0.59301				2
2026.05.14	00:17:55.058	0.59287				2
2026.05.14	00:17:55.359	0.59301				2
2026.05.14	00:17:55.659	0.59287				2
2026.05.14	00:17:55.960	0.59301				2
2026.05.14	00:17:56.261	0.59287				2
2026.05.14	00:18:00.173	0.59287				2
2026.05.14	00:18:29.965		0.59362			4
2026.05.14	00:19:00.053	0.59287				2
2026.05.14	00:19:30.153		0.59362			4
2026.05.14	00:20:00.256	0.59287	0.59375			6
2026.05.14	00:20:09.877		0.59364			4
2026.05.14	00:20:12.592	0.59316				2
2026.05.14	00:20:12.893	0.59323	0.59383			6
2026.05.14	00:20:13.198	0.59321				2
2026.05.14	00:20:20.422	0.59319				2
2026.05.14	00:20:25.537	0.59321				2
2026.05.14	00:20:30.061	0.59320				2
2026.05.14	00:20:36.073	0.59322				2
2026.05.14	00:20:36.373	0.59323				2
2026.05.14	00:20:36.673	0.59326				2
2026.05.14	00:20:40.278	0.59325				2
2026.05.14	00:20:49.909		0.59370			4
2026.05.14	00:20:53.822	0.59333	0.59415			6
2026.05.14	00:20:54.124	0.59334				2
2026.05.14	00:20:54.423	0.59333				2
2026.05.14	00:20:55.031	0.59330				2
2026.05.14	00:20:55.331	0.59336				2
2026.05.14	00:20:55.632	0.59331				2
2026.05.14	00:20:55.931	0.59333				2
2026.05.14	00:20:56.232		0.59447			4
2026.05.14	00:20:56.535	0.59328				2
2026.05.14	00:20:57.437	0.59331				2
2026.05.14	00:20:57.736	0.59334				2
2026.05.14	00:20:58.037	0.59330				2
2026.05.14	00:20:58.641	0.59329				2
2026.05.14	00:20:58.941	0.59333				2
2026.05.14	00:20:59.242	0.59328				2
2026.05.14	00:21:00.145	0.59330				2
2026.05.14	00:21:00.447	0.59329				2
2026.05.14	00:21:00.747	0.59333				2
2026.05.14	00:21:01.048	0.59334				2
2026.05.14	00:21:01.649	0.59336				2
2026.05.14	00:21:02.250	0.59334				2
2026.05.14	00:21:12.180	0.59330				2
2026.05.14	00:21:12.480	0.59335				2
2026.05.14	00:21:15.783	0.59332				2
2026.05.14	00:21:22.102	0.59336				2
2026.05.14	00:21:22.404	0.59330				2
2026.05.14	00:21:23.310	0.59329				2
2026.05.14	00:21:24.817	0.59332				2
2026.05.14	00:21:25.418	0.59331				2
2026.05.14	00:21:30.841	0.59332				2
2026.05.14	00:21:33.249	0.59331				2
2026.05.14	00:21:34.153	0.59332				2
2026.05.14	00:21:36.257	0.59333				2
2026.05.14	00:21:36.558	0.59336				2
2026.05.14	00:21:37.459	0.59333				2
2026.05.14	00:21:38.661	0.59334				2
2026.05.14	00:21:40.763	0.59337				2
2026.05.14	00:21:41.063	0.59334				2
2026.05.14	00:21:45.873	0.59336				2
2026.05.14	00:21:53.695	0.59332	0.59443			6
2026.05.14	00:21:53.997	0.59339	0.59441			6
2026.05.14	00:21:54.298	0.59342				2
2026.05.14	00:21:55.506		0.59433			4
2026.05.14	00:22:00.023	0.59342				2
2026.05.14	00:22:00.925	0.59337				2
2026.05.14	00:22:01.229	0.59333				2
2026.05.14	00:22:06.642	0.59336				2
2026.05.14	00:22:06.943	0.59338				2
2026.05.14	00:22:08.146		0.59427			4
2026.05.14	00:22:24.986	0.59340				2
2026.05.14	00:22:29.211	0.59345				2
2026.05.14	00:23:00.208	0.59345				2
2026.05.14	00:23:08.339		0.59427			4
2026.05.14	00:23:24.281	0.59354				2
2026.05.14	00:23:28.188	0.59340				2
2026.05.14	00:23:28.488	0.59331	0.59438			6
2026.05.14	00:23:30.593		0.59434			4
2026.05.14	00:23:31.793	0.59332	0.59417			6
2026.05.14	00:23:34.206	0.59331				2
2026.05.14	00:23:39.936	0.59336				2
2026.05.14	00:23:40.235	0.59337				2
2026.05.14	00:23:44.153	0.59336				2
2026.05.14	00:23:45.959	0.59332				2
2026.05.14	00:23:54.680	0.59331				2
2026.05.14	00:23:55.884	0.59335				2
2026.05.14	00:23:56.184	0.59336				2
2026.05.14	00:24:00.115	0.59336				2
2026.05.14	00:24:01.620	0.59335				2
2026.05.14	00:24:03.125	0.59336				2
2026.05.14	00:24:04.329	0.59335				2
2026.05.14	00:24:06.140	0.59333				2
2026.05.14	00:24:06.439	0.59334				2
2026.05.14	00:24:07.945	0.59335				2
2026.05.14	00:24:09.145	0.59336				2
2026.05.14	00:24:10.356	0.59338				2
2026.05.14	00:24:11.561	0.59339				2
2026.05.14	00:24:12.160	0.59338				2
2026.05.14	00:24:12.461	0.59339				2
2026.05.14	00:24:18.771	0.59340				2
2026.05.14	00:24:20.275	0.59337				2
2026.05.14	00:24:28.389	0.59336				2
2026.05.14	00:24:30.192	0.59337				2
2026.05.14	00:24:32.017		0.59417			4
2026.05.14	00:24:40.456	0.59339				2
2026.05.14	00:24:43.161	0.59340				2
2026.05.14	00:24:50.380	0.59338				2
2026.05.14	00:24:53.084	0.59339				2
2026.05.14	00:24:55.789	0.59338				2
2026.05.14	00:24:56.089	0.59339	0.59423			6
2026.05.14	00:25:00.028	0.59339				2
2026.05.14	00:25:04.246	0.59340				2
2026.05.14	00:25:04.552		0.59438			4
2026.05.14	00:25:12.973	0.59339				2
2026.05.14	00:25:13.875		0.59417			4
2026.05.14	00:25:14.175	0.59338				2
2026.05.14	00:25:37.056	0.59339				2
2026.05.14	00:25:46.675	0.59340				2
2026.05.14	00:25:55.990	0.59341				2
2026.05.14	00:26:00.207	0.59339				2
2026.05.14	00:26:00.509	0.59338				2
2026.05.14	00:26:01.418	0.59339				2
2026.05.14	00:26:02.322	0.59338				2
2026.05.14	00:26:10.447	0.59342	0.59424			6
2026.05.14	00:26:17.363	0.59343				2
2026.05.14	00:26:23.675	0.59342				2
2026.05.14	00:26:28.483	0.59343				2
2026.05.14	00:26:32.087	0.59347	0.59423			6
2026.05.14	00:26:38.120	0.59341				2
2026.05.14	00:26:39.630	0.59342				2
2026.05.14	00:26:48.067	0.59344				2
2026.05.14	00:26:48.368	0.59342				2
2026.05.14	00:26:50.175	0.59340				2
2026.05.14	00:26:50.475	0.59337	0.59424			6
2026.05.14	00:27:00.103	0.59337				2
2026.05.14	00:27:06.145	0.59341				2
2026.05.14	00:27:06.747	0.59342				2
2026.05.14	00:27:10.360	0.59337				2
2026.05.14	00:27:16.080	0.59342				2
2026.05.14	00:27:19.985	0.59357	0.59423			6
2026.05.14	00:27:30.525	0.59339				2
2026.05.14	00:27:36.849	0.59340				2
2026.05.14	00:27:40.155	0.59342				2
2026.05.14	00:27:41.656	0.59350				2
2026.05.14	00:27:50.075	0.59349				2
2026.05.14	00:27:50.375	0.59339	0.59418			6
2026.05.14	00:27:55.481		0.59417			4
2026.05.14	00:27:56.083	0.59343				2
2026.05.14	00:27:57.286	0.59345				2
2026.05.14	00:28:00.290	0.59341				2
2026.05.14	00:28:06.025	0.59344				2
2026.05.14	00:28:14.163	0.59343				2
2026.05.14	00:28:26.183		0.59418			4
2026.05.14	00:28:58.387	0.59342	0.59417			6
2026.05.14	00:29:00.190	0.59342				2
2026.05.14	00:29:02.595	0.59343				2
2026.05.14	00:29:10.427	0.59340	0.59418			6
2026.05.14	00:29:20.368	0.59339				2
2026.05.14	00:29:27.279	0.59338				2
2026.05.14	00:29:30.286	0.59341				2
2026.05.14	00:29:33.596	0.59340				2
2026.05.14	00:29:35.711	0.59341				2
2026.05.14	00:29:39.321	0.59344				2
2026.05.14	00:29:42.036	0.59348	0.59417			6
2026.05.14	00:29:51.363	0.59343				2
2026.05.14	00:29:52.262		0.59418			4
2026.05.14	00:29:52.563	0.59342	0.59417			6
2026.05.14	00:29:56.173	0.59341				2
2026.05.14	00:29:57.074	0.59342				2
2026.05.14	00:30:00.080	0.59342				2
2026.05.14	00:30:00.380	0.59341				2
2026.05.14	00:30:00.680	0.59344	0.59422			6
2026.05.14	00:30:05.788	0.59347				2
2026.05.14	00:30:07.291	0.59345				2
2026.05.14	00:30:07.893	0.59344				2
2026.05.14	00:30:08.496		0.59419			4
2026.05.14	00:30:09.734	0.59345				2
2026.05.14	00:30:13.491		0.59421			4
2026.05.14	00:30:18.573	0.59346				2
2026.05.14	00:30:18.874		0.59422			4
2026.05.14	00:30:30.594	0.59345				2
2026.05.14	00:30:30.896	0.59346				2
2026.05.14	00:30:31.498		0.59424			4
2026.05.14	00:30:33.299		0.59417			4
2026.05.14	00:30:33.599	0.59347				2
2026.05.14	00:30:33.899		0.59427			4
2026.05.14	00:30:34.199		0.59417			4
2026.05.14	00:30:39.619	0.59348				2
2026.05.14	00:30:40.219	0.59339				2
2026.05.14	00:30:40.520	0.59337	0.59437			6
2026.05.14	00:30:41.422	0.59344				2
2026.05.14	00:30:41.722		0.59427			4
2026.05.14	00:30:42.023	0.59345	0.59418			6
2026.05.14	00:30:48.342	0.59346				2
2026.05.14	00:30:50.152	0.59345				2
2026.05.14	00:30:50.455	0.59350	0.59436			6
2026.05.14	00:30:50.755		0.59425			4
2026.05.14	00:30:54.949	0.59349				2
2026.05.14	00:30:55.250		0.59418			4
2026.05.14	00:30:55.851	0.59348				2
2026.05.14	00:30:56.154	0.59347				2
2026.05.14	00:30:56.455	0.59345				2
2026.05.14	00:31:00.061	0.59345				2
2026.05.14	00:31:00.360	0.59346				2
2026.05.14	00:31:01.263	0.59348				2
2026.05.14	00:31:01.563		0.59419			4
2026.05.14	00:31:01.863	0.59347				2
2026.05.14	00:31:02.164		0.59420			4
2026.05.14	00:31:06.079	0.59346	0.59419			6
2026.05.14	00:31:10.289	0.59349				2
2026.05.14	00:31:10.589	0.59347	0.59425			6
2026.05.14	00:31:12.620	0.59348				2
2026.05.14	00:31:19.058	0.59350	0.59420			6
2026.05.14	00:31:25.371	0.59351				2
2026.05.14	00:31:25.972	0.59349				2
2026.05.14	00:31:26.272	0.59350				2
2026.05.14	00:31:26.572	0.59351				2
2026.05.14	00:31:27.173	0.59350				2
2026.05.14	00:31:28.677	0.59351				2
2026.05.14	00:31:30.480	0.59350				2
2026.05.14	00:31:31.379		0.59419			4
2026.05.14	00:31:35.586	0.59348				2
2026.05.14	00:31:35.885	0.59347				2
2026.05.14	00:31:36.789		0.59417			4
2026.05.14	00:31:40.400	0.59351				2
2026.05.14	00:31:42.812	0.59352				2
2026.05.14	00:31:59.956	0.59353				2
2026.05.14	00:32:00.256	0.59352				2
2026.05.14	00:32:01.158	0.59353				2
2026.05.14	00:32:05.672	0.59352				2
2026.05.14	00:32:05.973	0.59347	0.59418			6
2026.05.14	00:32:06.274	0.59349	0.59420			6
2026.05.14	00:32:06.874	0.59348				2
2026.05.14	00:32:09.578	0.59347				2
2026.05.14	00:32:15.900	0.59351				2
2026.05.14	00:32:16.200		0.59421			4
2026.05.14	00:32:16.500		0.59420			4
2026.05.14	00:32:18.007	0.59352				2
2026.05.14	00:32:24.038	0.59353				2
2026.05.14	00:32:26.203	0.59352				2
2026.05.14	00:32:27.375		0.59418			4
2026.05.14	00:32:30.981	0.59353	0.59419			6
2026.05.14	00:32:31.986	0.59352				2
2026.05.14	00:32:32.289	0.59353				2
2026.05.14	00:32:32.589	0.59354				2
2026.05.14	00:32:36.619	0.59353				2
2026.05.14	00:32:40.434	0.59354	0.59418			6
2026.05.14	00:32:42.693		0.59419			4
2026.05.14	00:32:42.993	0.59353	0.59420			6
2026.05.14	00:32:43.294	0.59352				2
2026.05.14	00:32:44.364	0.59353				2
2026.05.14	00:32:48.121		0.59422			4
2026.05.14	00:32:48.423	0.59352	0.59430			6
2026.05.14	00:32:48.724	0.59353				2
2026.05.14	00:32:50.233	0.59351	0.59421			6
2026.05.14	00:32:50.534		0.59430			4
2026.05.14	00:32:50.834		0.59420			4
2026.05.14	00:32:51.736	0.59350				2
2026.05.14	00:32:52.037		0.59422			4
2026.05.14	00:32:52.941	0.59348	0.59424			6
2026.05.14	00:32:53.431		0.59418			4
2026.05.14	00:32:55.838	0.59347				2
2026.05.14	00:32:57.040	0.59349	0.59424			6
2026.05.14	00:32:57.339	0.59348				2
2026.05.14	00:32:57.940	0.59346	0.59426			6
2026.05.14	00:32:58.240	0.59348	0.59424			6
2026.05.14	00:32:58.540		0.59418			4
2026.05.14	00:33:00.048	0.59348				2
2026.05.14	00:33:00.348	0.59353	0.59420			6
2026.05.14	00:33:01.695		0.59419			4
2026.05.14	00:33:14.289		0.59418			4
2026.05.14	00:33:16.405	0.59354				2
2026.05.14	00:33:18.213	0.59353				2
2026.05.14	00:33:20.634		0.59419			4
2026.05.14	00:33:21.037		0.59418			4
2026.05.14	00:33:27.356	0.59354	0.59419			6
2026.05.14	00:33:31.037	0.59352	0.59420			6
2026.05.14	00:33:31.338	0.59350	0.59421			6
2026.05.14	00:33:35.851	0.59352	0.59422			6
2026.05.14	00:33:36.152	0.59350	0.59423			6
2026.05.14	00:33:36.453	0.59349				2
2026.05.14	00:33:36.753	0.59350	0.59424			6
2026.05.14	00:33:37.356	0.59352	0.59417			6
2026.05.14	00:33:37.656	0.59349				2
2026.05.14	00:33:37.958	0.59350				2
2026.05.14	00:33:40.661	0.59352				2
2026.05.14	00:33:41.563	0.59349				2
2026.05.14	00:33:41.863	0.59350				2
2026.05.14	00:33:44.568	0.59353				2
2026.05.14	00:33:44.868	0.59351				2
2026.05.14	00:33:45.469	0.59352				2
2026.05.14	00:33:45.768		0.59426			4
2026.05.14	00:33:48.474	0.59349				2
2026.05.14	00:33:48.774	0.59350				2
2026.05.14	00:33:49.074	0.59352				2
2026.05.14	00:33:49.374	0.59350				2
2026.05.14	00:33:50.577	0.59352				2
2026.05.14	00:33:50.880	0.59351	0.59421			6
2026.05.14	00:33:51.180		0.59418			4
2026.05.14	00:33:51.480		0.59421			4
2026.05.14	00:33:52.522	0.59353	0.59420			6
2026.05.14	00:33:52.822		0.59419			4
2026.05.14	00:33:53.123		0.59420			4
2026.05.14	00:33:53.423	0.59351	0.59421			6
2026.05.14	00:33:53.725	0.59352	0.59420			6
2026.05.14	00:33:54.025	0.59351	0.59421			6
2026.05.14	00:33:55.958		0.59427			4
2026.05.14	00:33:56.329	0.59352				2
2026.05.14	00:33:57.284		0.59418			4
2026.05.14	00:33:59.395	0.59351				2
2026.05.14	00:33:59.997		0.59417			4
2026.05.14	00:34:00.298	0.59347	0.59427			6
2026.05.14	00:34:00.899	0.59348				2
2026.05.14	00:34:01.200		0.59418			4
2026.05.14	00:34:01.501	0.59347				2
2026.05.14	00:34:06.016	0.59337	0.59421			6
2026.05.14	00:34:06.317		0.59424			4
2026.05.14	00:34:06.925		0.59423			4
2026.05.14	00:34:07.225	0.59336				2
2026.05.14	00:34:07.828	0.59335				2
2026.05.14	00:34:10.234	0.59344				2
2026.05.14	00:34:13.244	0.59345	0.59428			6
2026.05.14	00:34:15.305		0.59418			4
2026.05.14	00:34:15.906	0.59350				2
2026.05.14	00:34:16.206	0.59351	0.59422			6
2026.05.14	00:34:18.266		0.59417			4
2026.05.14	00:34:20.069	0.59350				2
2026.05.14	00:34:22.773	0.59351				2
2026.05.14	00:34:24.877	0.59353				2
2026.05.14	00:34:26.681		0.59420			4
2026.05.14	00:34:26.982	0.59359				2
2026.05.14	00:34:27.584	0.59353				2
2026.05.14	00:34:32.308	0.59354				2
2026.05.14	00:34:33.812		0.59423			4
2026.05.14	00:34:34.112	0.59353	0.59422			6
2026.05.14	00:34:34.713		0.59401			4
2026.05.14	00:34:35.014		0.59422			4
2026.05.14	00:34:35.315		0.59401			4
2026.05.14	00:34:35.616	0.59355	0.59422			6
2026.05.14	00:34:35.916	0.59354	0.59401			6
2026.05.14	00:34:36.217		0.59422			4
2026.05.14	00:34:36.517	0.59353	0.59401			6
2026.05.14	00:34:36.818		0.59422			4
2026.05.14	00:34:37.119		0.59401			4
2026.05.14	00:34:37.420		0.59422			4
2026.05.14	00:34:37.722	0.59354	0.59401			6
2026.05.14	00:34:38.028		0.59422			4
2026.05.14	00:34:42.839	0.59358	0.59421			6
2026.05.14	00:34:44.042	0.59354	0.59426			6
2026.05.14	00:34:46.150	0.59351	0.59417			6
2026.05.14	00:34:47.053	0.59352				2
2026.05.14	00:34:54.868	0.59353				2
2026.05.14	00:34:56.073		0.59425			4
2026.05.14	00:34:56.638	0.59355				2
2026.05.14	00:34:56.937		0.59423			4
2026.05.14	00:35:00.020	0.59355				2
2026.05.14	00:35:00.323	0.59352	0.59424			6
2026.05.14	00:35:01.830	0.59351	0.59417			6
2026.05.14	00:35:02.435	0.59352				2
2026.05.14	00:35:03.036	0.59351				2
2026.05.14	00:35:03.938	0.59350				2
2026.05.14	00:35:06.350	0.59349	0.59419			6
2026.05.14	00:35:06.949	0.59350				2
2026.05.14	00:35:08.153	0.59349				2
2026.05.14	00:35:09.353	0.59350				2
2026.05.14	00:35:09.653	0.59351				2
2026.05.14	00:35:10.254	0.59354	0.59427			6
2026.05.14	00:35:10.555		0.59435			4
2026.05.14	00:35:11.156		0.59428			4
2026.05.14	00:35:12.074		0.59423			4
2026.05.14	00:35:12.374		0.59433			4
2026.05.14	00:35:13.238		0.59425			4
2026.05.14	00:35:14.140		0.59423			4
2026.05.14	00:35:15.318		0.59425			4
2026.05.14	00:35:16.221		0.59423			4
2026.05.14	00:35:16.523		0.59425			4
2026.05.14	00:35:17.123		0.59423			4
2026.05.14	00:35:19.434	0.59353				2
2026.05.14	00:35:20.036	0.59354				2
2026.05.14	00:35:20.463		0.59425			4
2026.05.14	00:35:20.764		0.59423			4
2026.05.14	00:35:23.473	0.59355				2
2026.05.14	00:35:24.373	0.59354				2
2026.05.14	00:35:26.474	0.59355				2
2026.05.14	00:35:36.399	0.59356	0.59433			6
2026.05.14	00:35:38.413		0.59417			4
2026.05.14	00:35:40.220	0.59355				2
2026.05.14	00:35:46.837		0.59423			4
2026.05.14	00:35:51.349		0.59417			4
2026.05.14	00:35:51.649		0.59424			4
2026.05.14	00:35:54.056	0.59354				2
2026.05.14	00:35:56.158	0.59348	0.59408			6
2026.05.14	00:35:56.459	0.59339				2
2026.05.14	00:35:56.759	0.59338				2
2026.05.14	00:35:58.867	0.59337				2
2026.05.14	00:36:00.069	0.59337				2
2026.05.14	00:36:06.079	0.59342				2
2026.05.14	00:36:06.379	0.59340				2
2026.05.14	00:36:16.013	0.59336				2
2026.05.14	00:36:16.621	0.59335				2
2026.05.14	00:36:21.736	0.59336				2
2026.05.14	00:36:22.938	0.59338				2
2026.05.14	00:36:23.846	0.59339				2
2026.05.14	00:36:29.556	0.59341				2
2026.05.14	00:36:29.856	0.59339				2
2026.05.14	00:36:30.156	0.59345				2
2026.05.14	00:36:30.456	0.59346				2
2026.05.14	00:36:36.773	0.59347				2
2026.05.14	00:36:43.986	0.59346				2
2026.05.14	00:36:48.210	0.59338				2
2026.05.14	00:36:49.113	0.59337				2
2026.05.14	00:36:50.016	0.59339				2
2026.05.14	00:36:50.316	0.59337				2
2026.05.14	00:36:51.527	0.59338				2
2026.05.14	00:36:56.348		0.59408			4
2026.05.14	00:36:59.353	0.59342				2
2026.05.14	00:37:00.256	0.59344				2
2026.05.14	00:37:13.792	0.59342				2
2026.05.14	00:37:14.392	0.59344				2
2026.05.14	00:37:14.694	0.59342				2
2026.05.14	00:37:22.531	0.59343				2
2026.05.14	00:37:26.141	0.59338				2
2026.05.14	00:37:27.645	0.59337				2
2026.05.14	00:37:29.749	0.59338				2
2026.05.14	00:37:36.058	0.59342				2
2026.05.14	00:37:39.364	0.59343				2
2026.05.14	00:37:39.665	0.59342				2
2026.05.14	00:37:41.168	0.59337	0.59394			6
2026.05.14	00:37:41.469	0.59334	0.59393			6
2026.05.14	00:37:45.078		0.59391			4
2026.05.14	00:37:48.218		0.59385			4
2026.05.14	00:37:51.802		0.59376			4
2026.05.14	00:38:00.133	0.59334	0.59377			6
2026.05.14	00:38:00.434		0.59376			4
2026.05.14	00:38:02.511		0.59375			4
2026.05.14	00:38:02.815		0.59376			4
2026.05.14	00:38:05.867		0.59365			4
2026.05.14	00:38:09.331		0.59362			4
2026.05.14	00:38:14.412		0.59361			4
2026.05.14	00:38:16.216		0.59362			4
2026.05.14	00:38:16.517		0.59363			4
2026.05.14	00:38:18.320		0.59362			4
2026.05.14	00:38:21.156		0.59363			4
2026.05.14	00:38:22.222		0.59364			4
2026.05.14	00:38:26.233		0.59363			4
2026.05.14	00:38:26.533		0.59362			4
2026.05.14	00:38:40.263		0.59363			4
2026.05.14	00:38:41.724		0.59356			4
2026.05.14	00:38:42.025		0.59355			4
2026.05.14	00:38:52.138		0.59354			4
2026.05.14	00:38:56.158		0.59355			4
2026.05.14	00:38:56.824		0.59354			4
2026.05.14	00:39:00.019	0.59334				2
2026.05.14	00:39:05.723		0.59355			4
2026.05.14	00:39:11.720		0.59356			4
2026.05.14	00:39:21.920		0.59354			4
2026.05.14	00:39:26.825		0.59355			4
2026.05.14	00:39:37.068		0.59354			4
2026.05.14	00:39:37.669		0.59355			4
2026.05.14	00:39:52.214		0.59354			4
2026.05.14	00:40:00.012	0.59334				2
2026.05.14	00:40:05.860		0.59355			4
2026.05.14	00:40:11.828		0.59354			4
2026.05.14	00:40:21.540		0.59355			4
2026.05.14	00:40:21.842		0.59353			4
2026.05.14	00:40:24.397		0.59354			4
2026.05.14	00:40:26.825		0.59355			4
2026.05.14	00:40:32.669		0.59354			4
2026.05.14	00:40:32.969		0.59355			4
2026.05.14	00:40:33.269		0.59356			4
2026.05.14	00:40:33.871		0.59354			4
2026.05.14	00:40:34.472		0.59355			4
2026.05.14	00:40:36.923		0.59353			4
2026.05.14	00:40:41.805		0.59354			4
2026.05.14	00:40:51.907		0.59353			4
2026.05.14	00:40:56.720		0.59355			4
2026.05.14	00:41:00.319	0.59334				2
2026.05.14	00:41:05.876		0.59354			4
2026.05.14	00:41:07.082		0.59353			4
2026.05.14	00:41:11.836		0.59354			4
2026.05.14	00:41:21.595		0.59353			4
2026.05.14	00:41:21.895		0.59354			4
2026.05.14	00:41:26.769		0.59359			4
2026.05.14	00:41:36.920		0.59357			4
2026.05.14	00:41:41.767		0.59358			4
2026.05.14	00:41:51.623		0.59357			4
2026.05.14	00:41:51.924		0.59358			4
2026.05.14	00:42:00.490	0.59334				2
2026.05.14	00:42:11.836		0.59357			4
2026.05.14	00:42:12.137		0.59358			4
2026.05.14	00:42:26.837		0.59357			4
2026.05.14	00:43:00.490	0.59334				2
2026.05.14	00:43:11.525		0.59358			4
2026.05.14	00:43:11.826		0.59359			4
2026.05.14	00:43:21.087		0.59358			4
2026.05.14	00:43:21.391		0.59357			4
2026.05.14	00:43:21.708		0.59356			4
2026.05.14	00:43:22.008		0.59357			4
2026.05.14	00:43:37.228		0.59358			4
2026.05.14	00:43:37.531		0.59357			4
2026.05.14	00:44:00.490	0.59334				2
2026.05.14	00:44:04.388		0.59358			4
2026.05.14	00:44:06.023		0.59353			4
2026.05.14	00:44:06.925		0.59359			4
2026.05.14	00:44:07.228		0.59352			4
2026.05.14	00:44:07.528		0.59359			4
2026.05.14	00:44:08.428		0.59357			4
2026.05.14	00:44:21.777		0.59356			4
2026.05.14	00:44:26.830		0.59357			4
2026.05.14	00:44:27.430		0.59355			4
2026.05.14	00:44:27.731		0.59357			4
2026.05.14	00:44:28.032		0.59356			4
2026.05.14	00:44:28.332		0.59355			4
2026.05.14	00:44:28.633		0.59357			4
2026.05.14	00:44:31.001		0.59355			4
2026.05.14	00:44:35.396		0.59356			4
2026.05.14	00:44:35.696		0.59354			4
2026.05.14	00:44:36.903		0.59356			4
2026.05.14	00:44:41.120		0.59354			4
2026.05.14	00:44:43.980		0.59353			4
2026.05.14	00:44:49.597	0.59329	0.59360			6
2026.05.14	00:44:50.502	0.59331	0.59358			6
2026.05.14	00:44:52.617	0.59334	0.59352			6
2026.05.14	00:44:53.696		0.59353			4
2026.05.14	00:44:58.680		0.59352			4
2026.05.14	00:45:00.077	0.59334				2
2026.05.14	00:45:00.919		0.59356			4
2026.05.14	00:45:01.219		0.59348			4
2026.05.14	00:45:01.519		0.59356			4
2026.05.14	00:45:02.423		0.59348			4
2026.05.14	00:45:02.728	0.59332	0.59359			6
2026.05.14	00:45:05.742	0.59334	0.59352			6
2026.05.14	00:45:08.909		0.59354			4
2026.05.14	00:45:09.208		0.59355			4
2026.05.14	00:45:13.380		0.59353			4
2026.05.14	00:45:23.724		0.59352			4
2026.05.14	00:45:24.435		0.59353			4
2026.05.14	00:45:28.378		0.59354			4
2026.05.14	00:45:28.680		0.59353			4
2026.05.14	00:45:39.320		0.59352			4
2026.05.14	00:45:48.926		0.59353			4
2026.05.14	00:45:49.229		0.59352			4
2026.05.14	00:45:53.946		0.59354			4
2026.05.14	00:45:54.253		0.59353			4
2026.05.14	00:45:54.550		0.59352			4
2026.05.14	00:46:01.219	0.59334				2
2026.05.14	00:46:03.920		0.59354			4
2026.05.14	00:46:04.221		0.59353			4
2026.05.14	00:46:04.522		0.59352			4
2026.05.14	00:46:23.674		0.59353			4
2026.05.14	00:46:24.274		0.59354			4
2026.05.14	00:46:24.991		0.59353			4
2026.05.14	00:46:46.302		0.59352			4
2026.05.14	00:46:46.602		0.59353			4
2026.05.14	00:47:01.125	0.59334				2
2026.05.14	00:47:01.426		0.59352			4
2026.05.14	00:47:02.027		0.59353			4
2026.05.14	00:47:02.629	0.59331	0.59358			6
2026.05.14	00:47:03.234	0.59332	0.59359			6
2026.05.14	00:47:04.135	0.59333	0.59360			6
2026.05.14	00:47:04.736		0.59353			4
2026.05.14	00:47:05.937		0.59354			4
2026.05.14	00:47:06.238	0.59334				2
2026.05.14	00:47:14.660		0.59350			4
2026.05.14	00:47:14.960		0.59358			4
2026.05.14	00:47:15.260		0.59350			4
2026.05.14	00:47:16.160		0.59358			4
2026.05.14	00:47:16.460	0.59332	0.59349			6
2026.05.14	00:47:16.761	0.59333	0.59358			6
2026.05.14	00:47:17.061		0.59353			4
2026.05.14	00:47:24.276		0.59352			4
2026.05.14	00:47:27.041	0.59331				2
2026.05.14	00:47:31.367	0.59332	0.59353			6
2026.05.14	00:47:31.667		0.59352			4
2026.05.14	00:47:31.967	0.59333	0.59353			6
2026.05.14	00:47:32.267		0.59354			4
2026.05.14	00:47:32.567	0.59334	0.59353			6
2026.05.14	00:47:32.867	0.59333				2
2026.05.14	00:47:42.255	0.59331				2
2026.05.14	00:47:42.556	0.59332				2
2026.05.14	00:47:42.856		0.59352			4
2026.05.14	00:47:43.156		0.59353			4
2026.05.14	00:47:43.456	0.59334	0.59352			6
2026.05.14	00:47:53.974	0.59332				2
2026.05.14	00:47:57.739	0.59334	0.59353			6
2026.05.14	00:47:58.038		0.59352			4
2026.05.14	00:47:58.340		0.59353			4
2026.05.14	00:48:00.145	0.59334				2
2026.05.14	00:48:02.256	0.59333				2
2026.05.14	00:48:07.577	0.59335				2
2026.05.14	00:48:07.878	0.59333	0.59352			6
2026.05.14	00:48:18.289	0.59330	0.59353			6
2026.05.14	00:48:18.589	0.59332	0.59352			6
2026.05.14	00:48:18.889	0.59331	0.59353			6
2026.05.14	00:48:19.189	0.59333				2
2026.05.14	00:48:20.421	0.59332				2
2026.05.14	00:48:20.723	0.59334				2
2026.05.14	00:48:31.001	0.59333				2
2026.05.14	00:48:31.302		0.59354			4
2026.05.14	00:48:31.602		0.59353			4
2026.05.14	00:48:41.511	0.59332				2
2026.05.14	00:48:41.813	0.59331	0.59352			6
2026.05.14	00:48:45.828	0.59332				2
2026.05.14	00:48:46.130	0.59331	0.59353			6
2026.05.14	00:48:46.432	0.59332	0.59352			6
2026.05.14	00:48:47.035	0.59333	0.59353			6
2026.05.14	00:48:56.821		0.59352			4
2026.05.14	00:48:57.123	0.59332				2
2026.05.14	00:48:57.423	0.59331				2
2026.05.14	00:48:58.032	0.59332				2
2026.05.14	00:49:00.142	0.59332				2
2026.05.14	00:49:07.667		0.59353			4
2026.05.14	00:49:07.968	0.59330	0.59352			6
2026.05.14	00:49:08.268	0.59331				2
2026.05.14	00:49:31.953	0.59332				2
2026.05.14	00:49:42.619		0.59353			4
2026.05.14	00:49:52.875	0.59333				2
2026.05.14	00:49:53.775	0.59334	0.59354			6
2026.05.14	00:50:01.819	0.59334				2
2026.05.14	00:50:03.183	0.59331	0.59352			6
2026.05.14	00:50:03.484	0.59332				2
2026.05.14	00:50:04.084	0.59333				2
2026.05.14	00:50:10.071	0.59344				2
2026.05.14	00:50:10.374	0.59334				2
2026.05.14	00:50:10.674	0.59344				2
2026.05.14	00:50:10.975	0.59334				2
2026.05.14	00:50:11.275	0.59344				2
2026.05.14	00:50:11.575	0.59334				2
2026.05.14	00:50:11.876	0.59344				2
2026.05.14	00:50:12.176	0.59334				2
2026.05.14	00:50:12.476	0.59344				2
2026.05.14	00:50:12.779	0.59334				2
2026.05.14	00:50:13.079	0.59344				2
2026.05.14	00:50:13.380	0.59334				2
2026.05.14	00:50:18.894		0.59353			4
2026.05.14	00:50:19.496		0.59352			4
2026.05.14	00:50:29.207		0.59353			4
2026.05.14	00:50:39.314		0.59354			4
2026.05.14	00:50:39.615		0.59353			4
2026.05.14	00:50:49.732		0.59355			4
2026.05.14	00:50:50.032		0.59352			4
2026.05.14	00:50:57.560		0.59353			4
2026.05.14	00:51:02.118	0.59334				2
2026.05.14	00:51:08.442		0.59357			4
2026.05.14	00:51:08.743		0.59355			4
2026.05.14	00:51:09.345		0.59353			4
2026.05.14	00:51:19.653		0.59352			4
2026.05.14	00:51:19.952		0.59353			4
2026.05.14	00:51:25.056		0.59354			4
2026.05.14	00:51:25.656		0.59353			4
2026.05.14	00:51:35.348		0.59352			4
2026.05.14	00:51:39.800		0.59353			4
2026.05.14	00:51:50.483		0.59354			4
2026.05.14	00:52:00.594	0.59334	0.59353			6
2026.05.14	00:52:00.895		0.59354			4
2026.05.14	00:52:01.196		0.59353			4
2026.05.14	00:52:06.402		0.59354			4
2026.05.14	00:52:13.290	0.59333				2
2026.05.14	00:52:16.205		0.59353			4
2026.05.14	00:52:16.509	0.59330				2
2026.05.14	00:52:16.810	0.59332	0.59354			6
2026.05.14	00:52:17.111	0.59333	0.59353			6
2026.05.14	00:52:17.411	0.59332				2
2026.05.14	00:52:17.714	0.59333				2
2026.05.14	00:52:18.016	0.59334	0.59355			6
2026.05.14	00:52:22.819		0.59354			4
2026.05.14	00:52:32.619	0.59332				2
2026.05.14	00:52:32.922	0.59331				2
2026.05.14	00:52:33.222	0.59333	0.59353			6
2026.05.14	00:52:43.030		0.59352			4
2026.05.14	00:52:43.336	0.59331	0.59353			6
2026.05.14	00:52:43.637	0.59332	0.59352			6
2026.05.14	00:52:43.938		0.59353			4
2026.05.14	00:52:53.038	0.59333				2
2026.05.14	00:52:53.343	0.59331				2
2026.05.14	00:52:53.644	0.59332	0.59352			6
2026.05.14	00:52:58.035	0.59333				2
2026.05.14	00:52:58.336	0.59332				2
2026.05.14	00:52:58.638	0.59333	0.59353			6
2026.05.14	00:53:01.520	0.59333				2
2026.05.14	00:53:06.066	0.59332				2
2026.05.14	00:53:06.366		0.59354			4
2026.05.14	00:53:08.657		0.59353			4
2026.05.14	00:53:08.960	0.59331				2
2026.05.14	00:53:09.260	0.59332	0.59352			6
2026.05.14	00:53:12.776		0.59348			4
2026.05.14	00:53:13.377		0.59356			4
2026.05.14	00:53:13.677		0.59348			4
2026.05.14	00:53:13.978		0.59356			4
2026.05.14	00:53:14.278		0.59348			4
2026.05.14	00:53:14.578		0.59356			4
2026.05.14	00:53:14.878		0.59348			4
2026.05.14	00:53:15.179		0.59352			4
2026.05.14	00:53:33.878		0.59353			4
2026.05.14	00:53:34.178	0.59333				2
2026.05.14	00:53:34.480	0.59332				2
2026.05.14	00:53:38.663	0.59331				2
2026.05.14	00:53:48.692	0.59333				2
2026.05.14	00:53:48.991	0.59332				2
2026.05.14	00:53:59.402	0.59331				2
2026.05.14	00:53:59.703	0.59332	0.59352			6
2026.05.14	00:54:00.571	0.59332				2
2026.05.14	00:54:14.216	0.59331	0.59353			6
2026.05.14	00:54:14.520		0.59352			4
2026.05.14	00:54:19.011	0.59332				2
2026.05.14	00:54:28.820	0.59331	0.59353			6
2026.05.14	00:54:29.128		0.59352			4
2026.05.14	00:54:33.921	0.59332				2
2026.05.14	00:54:44.048	0.59331	0.59353			6
2026.05.14	00:54:44.348	0.59332	0.59352			6
2026.05.14	00:54:48.713	0.59331				2
2026.05.14	00:54:49.021	0.59332				2
2026.05.14	00:55:00.021	0.59332				2
2026.05.14	00:55:09.070		0.59355			4
2026.05.14	00:55:09.368		0.59352			4
2026.05.14	00:55:14.572	0.59331	0.59351			6
2026.05.14	00:55:16.361		0.59352			4
2026.05.14	00:55:19.067		0.59353			4
2026.05.14	00:55:28.992		0.59356			4
2026.05.14	00:55:29.299		0.59355			4
2026.05.14	00:55:33.825		0.59353			4
2026.05.14	00:55:44.053	0.59335				2
2026.05.14	00:55:44.353	0.59331				2
2026.05.14	00:55:58.493		0.59354			4
2026.05.14	00:56:00.296	0.59331				2
2026.05.14	00:56:11.445		0.59353			4
2026.05.14	00:56:11.742		0.59354			4
2026.05.14	00:56:12.341		0.59352			4
2026.05.14	00:56:12.645		0.59356			4
2026.05.14	00:56:12.942		0.59353			4
2026.05.14	00:56:29.194	0.59342				2
2026.05.14	00:56:29.489	0.59343	0.59356			6
2026.05.14	00:56:30.093		0.59357			4
2026.05.14	00:56:30.395		0.59360			4
2026.05.14	00:56:32.500		0.59359			4
2026.05.14	00:56:32.799	0.59341				2
2026.05.14	00:56:33.098		0.59360			4
2026.05.14	00:56:38.510	0.59339				2
2026.05.14	00:56:38.813	0.59341				2
2026.05.14	00:56:44.529	0.59340				2
2026.05.14	00:56:49.351	0.59339				2
2026.05.14	00:56:49.651	0.59338				2
2026.05.14	00:56:50.253	0.59337				2
2026.05.14	00:56:52.057	0.59340				2
2026.05.14	00:57:00.184	0.59340				2
2026.05.14	00:57:02.286		0.59368			4
2026.05.14	00:57:02.588	0.59341				2
2026.05.14	00:57:09.818	0.59337				2
2026.05.14	00:57:10.118	0.59339				2
2026.05.14	00:57:11.321	0.59341	0.59361			6
2026.05.14	00:57:11.623	0.59342	0.59359			6
2026.05.14	00:57:12.224	0.59343	0.59360			6
2026.05.14	00:57:12.826	0.59342	0.59358			6
2026.05.14	00:57:19.452	0.59343				2
2026.05.14	00:57:19.752	0.59346	0.59359			6
2026.05.14	00:57:23.960	0.59341	0.59357			6
2026.05.14	00:57:24.263		0.59355			4
2026.05.14	00:57:29.676	0.59334	0.59352			6
2026.05.14	00:57:29.978	0.59335	0.59353			6
2026.05.14	00:57:31.781	0.59334	0.59351			6
2026.05.14	00:57:37.502	0.59336				2
2026.05.14	00:57:40.818	0.59338	0.59354			6
2026.05.14	00:57:41.121	0.59337	0.59352			6
2026.05.14	00:57:42.022	0.59339	0.59353			6
2026.05.14	00:57:56.759	0.59338	0.59355			6
2026.05.14	00:57:57.060	0.59334	0.59358			6
2026.05.14	00:57:58.564	0.59324	0.59363			6
2026.05.14	00:57:58.866	0.59340	0.59356			6
2026.05.14	00:57:59.465	0.59338	0.59353			6
2026.05.14	00:58:00.067	0.59338				2
2026.05.14	00:58:01.568	0.59340	0.59355			6
2026.05.14	00:58:02.170	0.59336	0.59353			6
2026.05.14	00:58:02.776		0.59352			4
2026.05.14	00:58:07.277	0.59332	0.59355			6
2026.05.14	00:58:07.577	0.59336	0.59352			6
2026.05.14	00:58:10.882	0.59324	0.59359			6
2026.05.14	00:58:11.183		0.59361			4
2026.05.14	00:58:12.382	0.59335	0.59351			6
2026.05.14	00:58:19.303		0.59350			4
2026.05.14	00:58:22.014	0.59334	0.59349			6
2026.05.14	00:58:22.314	0.59335				2
2026.05.14	00:58:23.827	0.59318	0.59358			6
2026.05.14	00:58:24.128	0.59334	0.59350			6
2026.05.14	00:58:31.653	0.59316	0.59360			6
2026.05.14	00:58:31.951	0.59328	0.59352			6
2026.05.14	00:58:32.254	0.59313	0.59358			6
2026.05.14	00:58:32.552	0.59330	0.59352			6
2026.05.14	00:58:33.756	0.59329	0.59353			6
2026.05.14	00:58:34.661	0.59328	0.59350			6
2026.05.14	00:58:40.373	0.59327	0.59351			6
2026.05.14	00:58:43.676	0.59325				2
2026.05.14	00:58:44.278		0.59352			4
2026.05.14	00:58:48.785	0.59326	0.59351			6
2026.05.14	00:58:50.588	0.59327				2
2026.05.14	00:58:52.691		0.59350			4
2026.05.14	00:58:57.817	0.59326				2
2026.05.14	00:58:59.021	0.59325				2
2026.05.14	00:58:59.320	0.59324	0.59348			6
2026.05.14	00:58:59.919	0.59325	0.59349			6
2026.05.14	00:59:00.219	0.59325	0.59348			6
2026.05.14	00:59:00.522	0.59324				2
2026.05.14	00:59:04.131	0.59325				2
2026.05.14	00:59:04.430	0.59327	0.59344			6
2026.05.14	00:59:04.731	0.59328	0.59346			6
2026.05.14	00:59:05.337	0.59327	0.59344			6
2026.05.14	00:59:09.541	0.59326	0.59348			6
2026.05.14	00:59:09.843	0.59327	0.59347			6
2026.05.14	00:59:10.148	0.59326				2
2026.05.14	00:59:10.450	0.59325	0.59346			6
2026.05.14	00:59:13.457		0.59345			4
2026.05.14	00:59:13.759		0.59344			4
2026.05.14	00:59:14.057	0.59326				2
2026.05.14	00:59:14.361	0.59327	0.59345			6
2026.05.14	00:59:16.462	0.59310	0.59357			6
2026.05.14	00:59:22.474		0.59360			4
2026.05.14	00:59:24.278	0.59307				2
2026.05.14	00:59:24.880		0.59354			4
2026.05.14	00:59:25.181		0.59353			4
2026.05.14	00:59:25.783		0.59360			4
2026.05.14	00:59:26.383		0.59357			4
2026.05.14	00:59:29.085	0.59313	0.59359			6
2026.05.14	00:59:29.387	0.59311				2
2026.05.14	00:59:29.688	0.59313				2
2026.05.14	00:59:29.984	0.59314	0.59360			6
2026.05.14	00:59:30.289	0.59311				2
2026.05.14	00:59:30.885	0.59329	0.59350			6
2026.05.14	00:59:31.185	0.59330				2
2026.05.14	00:59:31.791	0.59331	0.59351			6
2026.05.14	00:59:32.089	0.59332	0.59352			6
2026.05.14	00:59:35.101	0.59331	0.59351			6
2026.05.14	00:59:41.127	0.59329	0.59350			6
2026.05.14	00:59:41.728	0.59328	0.59348			6
2026.05.14	00:59:45.944	0.59327	0.59351			6
2026.05.14	00:59:46.247	0.59316	0.59360			6
2026.05.14	00:59:47.453	0.59331	0.59352			6
2026.05.14	00:59:56.470	0.59332	0.59354			6
2026.05.14	00:59:57.073		0.59353			4
2026.05.14	01:00:00.081	0.59332				2
2026.05.14	01:00:00.383	0.59327	0.59350			6
2026.05.14	01:00:00.676	0.59333	0.59358			6
2026.05.14	01:00:00.978	0.59335	0.59359			6
2026.05.14	01:00:01.281	0.59334	0.59361			6
2026.05.14	01:00:01.580	0.59335				2
2026.05.14	01:00:01.877		0.59362			4
2026.05.14	01:00:03.082	0.59336				2
2026.05.14	01:00:04.286	0.59337				2
2026.05.14	01:00:05.486		0.59361			4
2026.05.14	01:00:08.187	0.59338	0.59363			6
2026.05.14	01:00:08.490	0.59346	0.59367			6
2026.05.14	01:00:08.782	0.59345				2
2026.05.14	01:00:09.082	0.59346				2
2026.05.14	01:00:09.986	0.59343				2
2026.05.14	01:00:10.585	0.59347				2
2026.05.14	01:00:11.187	0.59348				2
2026.05.14	01:00:15.087	0.59347	0.59366			6
2026.05.14	01:00:15.689	0.59348				2
2026.05.14	01:00:18.393	0.59349				2
2026.05.14	01:00:18.997	0.59350				2
2026.05.14	01:00:19.897	0.59349				2
2026.05.14	01:00:24.104		0.59365			4
2026.05.14	01:00:25.012		0.59367			4
2026.05.14	01:00:25.311		0.59366			4
2026.05.14	01:00:31.328	0.59347	0.59367			6
2026.05.14	01:00:31.621	0.59350	0.59366			6
2026.05.14	01:00:31.925	0.59349				2
2026.05.14	01:00:33.729		0.59367			4
2026.05.14	01:00:34.028	0.59351				2
2026.05.14	01:00:35.832	0.59342				2
2026.05.14	01:00:36.136	0.59341				2
2026.05.14	01:00:36.737	0.59345				2
2026.05.14	01:00:37.039	0.59357	0.59364			6
2026.05.14	01:00:37.337	0.59360	0.59367			6
2026.05.14	01:00:40.044	0.59359				2
2026.05.14	01:00:40.345	0.59361	0.59364			6
2026.05.14	01:00:52.355	0.59360	0.59363			6
2026.05.14	01:00:53.257	0.59361	0.59364			6
2026.05.14	01:01:00.167	0.59361				2
2026.05.14	01:01:03.465	0.59363	0.59366			6
2026.05.14	01:01:04.067	0.59366	0.59367			6
2026.05.14	01:01:04.967		0.59369			4
2026.05.14	01:01:05.868	0.59367	0.59370			6
2026.05.14	01:01:13.383	0.59365	0.59368			6
2026.05.14	01:01:26.597	0.59362	0.59365			6
2026.05.14	01:01:54.247	0.59363	0.59366			6
2026.05.14	01:02:00.263	0.59363				2
2026.05.14	01:02:20.388	0.59362	0.59365			6
2026.05.14	01:02:22.487	0.59361	0.59364			6
2026.05.14	01:02:26.694	0.59363	0.59366			6
2026.05.14	01:03:00.069	0.59363				2
2026.05.14	01:03:26.827		0.59366			4
2026.05.14	01:03:51.764	0.59359	0.59362			6
2026.05.14	01:03:52.367	0.59357	0.59360			6
2026.05.14	01:03:52.673	0.59360	0.59361			6
2026.05.14	01:03:52.971	0.59367	0.59370			6
2026.05.14	01:03:53.273		0.59369			4
2026.05.14	01:03:53.571	0.59366				2
2026.05.14	01:03:55.975	0.59365	0.59368			6
2026.05.14	01:04:00.187	0.59365				2
2026.05.14	01:04:12.807	0.59363	0.59366			6
2026.05.14	01:04:15.811	0.59364	0.59367			6
2026.05.14	01:04:17.014	0.59365	0.59368			6
2026.05.14	01:04:17.314	0.59364	0.59367			6
2026.05.14	01:04:20.019	0.59362	0.59365			6
2026.05.14	01:04:38.946	0.59365	0.59368			6
2026.05.14	01:04:39.247	0.59364	0.59367			6
2026.05.14	01:04:41.954	0.59365	0.59368			6
2026.05.14	01:04:43.153		0.59367			4
2026.05.14	01:04:43.456		0.59368			4
2026.05.14	01:04:48.865		0.59367			4
2026.05.14	01:04:49.166		0.59368			4
2026.05.14	01:04:49.763		0.59367			4
2026.05.14	01:04:50.065		0.59368			4
2026.05.14	01:04:50.364		0.59367			4
2026.05.14	01:04:50.665		0.59368			4
2026.05.14	01:04:59.078	0.59364	0.59367			6
2026.05.14	01:05:00.282	0.59363	0.59366			6
2026.05.14	01:05:03.286	0.59360	0.59363			6
2026.05.14	01:05:03.584	0.59359	0.59362			6
2026.05.14	01:05:05.386	0.59358	0.59361			6
2026.05.14	01:05:16.524	0.59359	0.59362			6
2026.05.14	01:05:53.788	0.59362	0.59365			6
2026.05.14	01:05:54.086	0.59361	0.59364			6
2026.05.14	01:05:57.692	0.59360	0.59363			6
2026.05.14	01:05:57.990	0.59357	0.59360			6
2026.05.14	01:06:00.099	0.59357				2
2026.05.14	01:06:00.998	0.59358	0.59361			6
2026.05.14	01:06:13.029	0.59359	0.59362			6
2026.05.14	01:06:21.458	0.59357	0.59360			6
2026.05.14	01:06:31.680	0.59358	0.59361			6
2026.05.14	01:06:48.232	0.59359	0.59362			6
2026.05.14	01:07:00.276	0.59359				2
2026.05.14	01:07:00.868	0.59357	0.59360			6
2026.05.14	01:07:05.690	0.59361	0.59362			6
2026.05.14	01:07:05.986	0.59357	0.59360			6
2026.05.14	01:07:06.287	0.59361	0.59362			6
2026.05.14	01:07:06.588	0.59358	0.59361			6
2026.05.14	01:07:06.887	0.59362	0.59363			6
2026.05.14	01:07:07.191	0.59358	0.59361			6
2026.05.14	01:07:07.493	0.59362	0.59363			6
2026.05.14	01:07:07.791	0.59358	0.59361			6
2026.05.14	01:07:08.086	0.59362	0.59363			6
2026.05.14	01:07:08.389	0.59358	0.59361			6
2026.05.14	01:07:08.688	0.59362	0.59363			6
2026.05.14	01:07:08.993	0.59358	0.59361			6
2026.05.14	01:08:00.112	0.59358				2
2026.05.14	01:08:09.122		0.59361			4
2026.05.14	01:08:15.431	0.59359	0.59362			6
2026.05.14	01:08:24.454	0.59358	0.59361			6
2026.05.14	01:09:00.229	0.59357	0.59360			6
2026.05.14	01:09:05.034	0.59358	0.59361			6
2026.05.14	01:09:06.837	0.59357	0.59360			6
2026.05.14	01:09:07.137	0.59356	0.59359			6
2026.05.14	01:09:08.343	0.59358	0.59361			6
2026.05.14	01:09:47.415	0.59357	0.59360			6
2026.05.14	01:10:00.053	0.59357				2
2026.05.14	01:10:00.654	0.59358	0.59361			6
2026.05.14	01:10:00.954	0.59357	0.59360			6
2026.05.14	01:10:11.477	0.59358	0.59361			6
2026.05.14	01:11:00.188	0.59358				2
2026.05.14	01:11:03.189	0.59359				2
2026.05.14	01:11:04.387	0.59358				2
2026.05.14	01:11:05.292	0.59359				2
2026.05.14	01:11:08.295	0.59358	0.59360			6
2026.05.14	01:11:15.522	0.59359	0.59361			6
2026.05.14	01:11:16.424	0.59358				2
2026.05.14	01:11:17.628	0.59357	0.59360			6
2026.05.14	01:11:20.037	0.59358	0.59361			6
2026.05.14	01:11:23.352	0.59357	0.59360			6
2026.05.14	01:11:30.265	0.59358				2
2026.05.14	01:11:33.567	0.59360	0.59362			6
2026.05.14	01:11:34.469	0.59359				2
2026.05.14	01:11:36.876	0.59361	0.59364			6
2026.05.14	01:11:37.776	0.59363	0.59366			6
2026.05.14	01:12:00.047	0.59363				2
2026.05.14	01:12:00.943		0.59364			4
2026.05.14	01:12:01.245		0.59366			4
2026.05.14	01:12:01.848		0.59364			4
2026.05.14	01:12:02.148		0.59366			4
2026.05.14	01:12:07.258	0.59361	0.59364			6
2026.05.14	01:12:11.462	0.59362	0.59365			6
2026.05.14	01:12:13.264	0.59361	0.59364			6
2026.05.14	01:12:26.186	0.59362	0.59365			6
2026.05.14	01:12:45.427	0.59366	0.59369			6
2026.05.14	01:12:46.327	0.59367	0.59370			6
2026.05.14	01:12:47.231	0.59368	0.59371			6
2026.05.14	01:12:49.636	0.59367	0.59370			6
2026.05.14	01:12:51.142	0.59368	0.59371			6
2026.05.14	01:12:54.445	0.59367	0.59370			6
2026.05.14	01:13:00.162	0.59367				2
2026.05.14	01:13:01.665	0.59366	0.59369			6
2026.05.14	01:13:23.003	0.59368	0.59371			6
2026.05.14	01:13:24.209	0.59366	0.59369			6
2026.05.14	01:13:28.428	0.59368	0.59371			6
2026.05.14	01:13:28.731	0.59366	0.59369			6
2026.05.14	01:13:32.943	0.59368	0.59371			6
2026.05.14	01:13:35.645	0.59369				2
2026.05.14	01:13:40.459	0.59368				2
2026.05.14	01:13:41.662	0.59367	0.59370			6
2026.05.14	01:13:53.080	0.59368	0.59371			6
2026.05.14	01:14:00.288	0.59368				2
2026.05.14	01:14:12.034	0.59369	0.59372			6
2026.05.14	01:14:12.635	0.59368	0.59371			6
2026.05.14	01:14:26.460	0.59369				2
2026.05.14	01:14:27.660		0.59370			4
2026.05.14	01:14:27.961	0.59366	0.59369			6
2026.05.14	01:14:32.468	0.59367	0.59370			6
2026.05.14	01:14:33.068	0.59366	0.59369			6
2026.05.14	01:14:36.373	0.59367	0.59370			6
2026.05.14	01:14:38.178	0.59366	0.59369			6
2026.05.14	01:14:40.280	0.59367	0.59370			6
2026.05.14	01:14:41.180	0.59366	0.59369			6
2026.05.14	01:14:41.480	0.59367	0.59370			6
2026.05.14	01:14:42.081	0.59366	0.59369			6
2026.05.14	01:14:44.185	0.59367	0.59370			6
2026.05.14	01:14:47.489		0.59369			4
2026.05.14	01:14:59.219	0.59366				2
2026.05.14	01:14:59.518	0.59367				2
2026.05.14	01:14:59.820		0.59370			4
2026.05.14	01:15:00.127	0.59367				2
2026.05.14	01:15:01.034	0.59368	0.59371			6
2026.05.14	01:15:01.622	0.59369	0.59372			6
2026.05.14	01:15:04.039		0.59371			4
2026.05.14	01:15:04.637		0.59372			4
2026.05.14	01:15:05.241		0.59371			4
2026.05.14	01:15:06.742		0.59372			4
2026.05.14	01:15:09.753	0.59368	0.59371			6
2026.05.14	01:15:15.460	0.59370	0.59373			6
2026.05.14	01:15:16.366		0.59371			4
2026.05.14	01:15:17.262		0.59372			4
2026.05.14	01:15:20.573		0.59371			4
2026.05.14	01:15:27.484		0.59372			4
2026.05.14	01:15:28.083	0.59369				2
2026.05.14	01:15:29.288		0.59371			4
2026.05.14	01:15:31.090		0.59372			4
2026.05.14	01:15:33.496	0.59368	0.59370			6
2026.05.14	01:15:34.697	0.59367				2
2026.05.14	01:15:40.426		0.59369			4
2026.05.14	01:15:44.038		0.59370			4
2026.05.14	01:15:49.147		0.59369			4
2026.05.14	01:15:50.053	0.59366				2
2026.05.14	01:15:55.158	0.59367				2
2026.05.14	01:15:55.455		0.59370			4
2026.05.14	01:15:56.356	0.59368	0.59371			6
2026.05.14	01:15:58.459	0.59369				2
2026.05.14	01:15:59.961	0.59368				2
2026.05.14	01:16:00.268	0.59370	0.59373			6
2026.05.14	01:16:00.562	0.59371				2
2026.05.14	01:16:01.164	0.59370				2
2026.05.14	01:16:01.465		0.59372			4
2026.05.14	01:16:01.766	0.59371				2
2026.05.14	01:16:02.066		0.59373			4
2026.05.14	01:16:03.271		0.59374			4
2026.05.14	01:16:04.171	0.59372				2
2026.05.14	01:16:12.581		0.59375			4
2026.05.14	01:16:12.880		0.59374			4
2026.05.14	01:16:21.301	0.59371	0.59372			6
2026.05.14	01:16:21.594	0.59370	0.59373			6
2026.05.14	01:16:22.199	0.59371				2
2026.05.14	01:16:22.797	0.59370				2
2026.05.14	01:16:26.403	0.59369	0.59372			6
2026.05.14	01:16:29.115	0.59370	0.59373			6
2026.05.14	01:16:29.414	0.59371	0.59374			6
2026.05.14	01:16:31.513		0.59373			4
2026.05.14	01:16:34.822		0.59374			4
2026.05.14	01:16:41.142	0.59372				2
2026.05.14	01:16:41.442	0.59371				2
2026.05.14	01:16:44.443	0.59372	0.59375			6
2026.05.14	01:16:45.343	0.59373				2
2026.05.14	01:16:52.563		0.59374			4
2026.05.14	01:17:00.082	0.59373				2
2026.05.14	01:17:04.583		0.59375			4
2026.05.14	01:17:05.487	0.59375	0.59378			6
2026.05.14	01:17:05.784	0.59376	0.59379			6
2026.05.14	01:17:06.385	0.59375	0.59378			6
2026.05.14	01:17:07.883	0.59377	0.59380			6
2026.05.14	01:17:08.794	0.59378				2
2026.05.14	01:17:15.703	0.59377				2
2026.05.14	01:17:25.340	0.59376	0.59379			6
2026.05.14	01:17:35.561	0.59375	0.59376			6
2026.05.14	01:17:35.859	0.59372	0.59375			6
2026.05.14	01:17:39.462	0.59371	0.59374			6
2026.05.14	01:18:00.195	0.59371				2
2026.05.14	01:18:07.714	0.59372	0.59375			6
2026.05.14	01:18:11.023	0.59371	0.59374			6
2026.05.14	01:18:18.537	0.59370	0.59373			6
2026.05.14	01:18:18.836	0.59371	0.59374			6
2026.05.14	01:18:20.039	0.59370	0.59371			6
2026.05.14	01:18:20.337	0.59367	0.59370			6
2026.05.14	01:18:20.641	0.59366	0.59369			6
2026.05.14	01:18:29.659	0.59367	0.59370			6
2026.05.14	01:18:54.326	0.59366	0.59369			6
2026.05.14	01:19:00.048	0.59366				2
2026.05.14	01:19:27.687	0.59365	0.59366			6
2026.05.14	01:19:27.985	0.59361	0.59364			6
2026.05.14	01:19:28.284	0.59362	0.59365			6
2026.05.14	01:19:32.796	0.59364	0.59367			6
2026.05.14	01:19:33.092	0.59366	0.59369			6
2026.05.14	01:19:33.396		0.59370			4
2026.05.14	01:20:00.165	0.59366				2
2026.05.14	01:20:03.474	0.59367				2
2026.05.14	01:20:04.674		0.59368			4
2026.05.14	01:20:04.975		0.59370			4
2026.05.14	01:20:38.057	0.59366	0.59369			6
2026.05.14	01:21:00.300	0.59366				2
2026.05.14	01:21:23.456	0.59367	0.59370			6
2026.05.14	01:21:43.007	0.59370	0.59373			6
2026.05.14	01:21:43.310	0.59371	0.59374			6
2026.05.14	01:21:53.251	0.59369	0.59372			6
2026.05.14	01:21:54.453	0.59368	0.59371			6
2026.05.14	01:21:55.657	0.59369	0.59372			6
2026.05.14	01:21:57.459	0.59368	0.59371			6
2026.05.14	01:22:00.164	0.59368				2
2026.05.14	01:22:06.771	0.59367	0.59370			6
2026.05.14	01:22:07.071	0.59368				2
2026.05.14	01:22:07.374	0.59367				2
2026.05.14	01:22:09.774	0.59368	0.59371			6
2026.05.14	01:22:43.764	0.59370				2
2026.05.14	01:22:44.064	0.59368				2
2026.05.14	01:22:44.362	0.59370				2
2026.05.14	01:22:44.665	0.59368				2
2026.05.14	01:22:45.566	0.59370				2
2026.05.14	01:22:46.163	0.59368				2
2026.05.14	01:22:46.466	0.59370				2
2026.05.14	01:22:46.766	0.59368				2
2026.05.14	01:22:47.068	0.59370				2
2026.05.14	01:22:47.370	0.59368				2
2026.05.14	01:22:50.076	0.59367	0.59370			6
2026.05.14	01:23:00.009	0.59367				2
2026.05.14	01:23:11.160	0.59368	0.59371			6
2026.05.14	01:23:15.368	0.59367	0.59370			6
2026.05.14	01:23:20.178	0.59368	0.59371			6
2026.05.14	01:23:20.477	0.59367	0.59370			6
2026.05.14	01:24:00.189	0.59367				2
2026.05.14	01:24:01.386	0.59368	0.59371			6
2026.05.14	01:24:16.147	0.59367	0.59370			6
2026.05.14	01:24:20.959	0.59368	0.59371			6
2026.05.14	01:24:30.268	0.59367	0.59370			6
2026.05.14	01:24:36.282	0.59368	0.59371			6
2026.05.14	01:24:51.018	0.59367	0.59370			6
2026.05.14	01:25:00.040	0.59366	0.59369			6
2026.05.14	01:25:03.648	0.59367	0.59370			6
2026.05.14	01:25:13.568	0.59368	0.59371			6
2026.05.14	01:25:13.869	0.59367	0.59370			6
2026.05.14	01:25:15.377	0.59369	0.59372			6
2026.05.14	01:25:16.573	0.59370	0.59373			6
2026.05.14	01:26:00.163	0.59370				2
2026.05.14	01:26:16.681		0.59373			4
2026.05.14	01:26:40.449	0.59371				2
2026.05.14	01:26:53.963	0.59370	0.59372			6
2026.05.14	01:27:00.272	0.59370				2
2026.05.14	01:27:06.579	0.59369	0.59371			6
2026.05.14	01:27:48.069	0.59371	0.59373			6
2026.05.14	01:27:48.364		0.59374			4
2026.05.14	01:28:00.087	0.59371				2
2026.05.14	01:28:11.219		0.59373			4
2026.05.14	01:28:15.131	0.59372	0.59374			6
2026.05.14	01:28:17.839	0.59371	0.59373			6
2026.05.14	01:28:19.039	0.59372	0.59374			6
2026.05.14	01:28:56.028	0.59373	0.59375			6
2026.05.14	01:29:00.249	0.59373				2
2026.05.14	01:29:03.558	0.59372	0.59374			6
2026.05.14	01:29:09.576	0.59371	0.59373			6
2026.05.14	01:29:26.731	0.59372	0.59374			6
2026.05.14	01:29:39.671	0.59373	0.59375			6
2026.05.14	01:29:53.201	0.59372	0.59374			6
2026.05.14	01:29:54.409	0.59373	0.59375			6
2026.05.14	01:30:00.130	0.59373				2
2026.05.14	01:30:15.762	0.59372	0.59374			6
2026.05.14	01:30:16.067	0.59373	0.59375			6
2026.05.14	01:30:20.878	0.59375	0.59377			6
2026.05.14	01:30:22.374	0.59374				2
2026.05.14	01:30:23.275	0.59375	0.59378			6
2026.05.14	01:30:27.479	0.59374	0.59377			6
2026.05.14	01:30:27.781	0.59373	0.59376			6
2026.05.14	01:30:28.080	0.59372	0.59375			6
2026.05.14	01:30:28.383	0.59373	0.59376			6
2026.05.14	01:30:28.682	0.59372	0.59375			6
2026.05.14	01:30:30.485	0.59373	0.59376			6
2026.05.14	01:30:42.827	0.59374	0.59377			6
2026.05.14	01:30:43.428	0.59373	0.59376			6
2026.05.14	01:30:46.440	0.59372	0.59375			6
2026.05.14	01:30:46.738	0.59373	0.59376			6
2026.05.14	01:31:00.275	0.59373				2
2026.05.14	01:31:05.377	0.59372	0.59375			6
2026.05.14	01:31:05.978	0.59371	0.59374			6
2026.05.14	01:31:08.382	0.59372	0.59375			6
2026.05.14	01:31:16.200	0.59371	0.59374			6
2026.05.14	01:31:18.910	0.59372	0.59375			6
2026.05.14	01:31:27.940	0.59373	0.59376			6
2026.05.14	01:31:43.268	0.59372	0.59375			6
2026.05.14	01:31:45.975	0.59373	0.59376			6
2026.05.14	01:31:54.688	0.59372	0.59375			6
2026.05.14	01:32:00.101	0.59372				2
2026.05.14	01:32:52.720	0.59371	0.59374			6
2026.05.14	01:33:00.244	0.59371				2
2026.05.14	01:33:17.382	0.59372				2
2026.05.14	01:33:52.865		0.59374			4
2026.05.14	01:34:00.080	0.59372				2
2026.05.14	01:34:01.887	0.59373	0.59375			6
2026.05.14	01:34:41.282	0.59372	0.59374			6
2026.05.14	01:34:47.005	0.59373	0.59375			6
2026.05.14	01:35:00.260	0.59373				2
2026.05.14	01:35:02.958	0.59372	0.59374			6
2026.05.14	01:36:00.087	0.59372				2
2026.05.14	01:36:03.084		0.59374			4
2026.05.14	01:37:00.208	0.59372				2
2026.05.14	01:37:03.212		0.59374			4
2026.05.14	01:37:44.114	0.59369	0.59371			6
2026.05.14	01:37:44.412	0.59368	0.59370			6
2026.05.14	01:37:46.226		0.59371			4
2026.05.14	01:37:50.434	0.59367	0.59370			6
2026.05.14	01:37:51.941	0.59366	0.59369			6
2026.05.14	01:38:00.069	0.59366				2
2026.05.14	01:38:00.368	0.59367	0.59370			6
2026.05.14	01:38:13.886	0.59368				2
2026.05.14	01:38:15.393		0.59371			4
2026.05.14	01:38:33.749	0.59367	0.59370			6
2026.05.14	01:38:47.566	0.59366	0.59369			6
2026.05.14	01:39:00.188	0.59366				2
2026.05.14	01:39:33.875	0.59368				2
2026.05.14	01:39:34.180	0.59366				2
2026.05.14	01:39:34.480	0.59368				2
2026.05.14	01:39:34.779	0.59366				2
2026.05.14	01:39:35.380	0.59368				2
2026.05.14	01:39:35.682	0.59366				2
2026.05.14	01:39:35.980	0.59368				2
2026.05.14	01:39:36.281	0.59366				2
2026.05.14	01:39:36.583	0.59368				2
2026.05.14	01:39:36.884	0.59366				2
2026.05.14	01:39:37.184	0.59368				2
2026.05.14	01:39:37.784	0.59366				2
2026.05.14	01:39:47.696		0.59369			4
2026.05.14	01:40:00.042	0.59366				2
2026.05.14	01:40:00.942	0.59367				2
2026.05.14	01:40:01.240	0.59368	0.59371			6
2026.05.14	01:40:18.670	0.59367	0.59370			6
2026.05.14	01:40:23.477	0.59368	0.59371			6
2026.05.14	01:40:28.582	0.59367	0.59370			6
2026.05.14	01:40:56.855	0.59369	0.59372			6
2026.05.14	01:40:57.153	0.59368	0.59371			6
2026.05.14	01:41:00.160	0.59368				2
2026.05.14	01:41:57.264		0.59371			4
2026.05.14	01:42:00.272	0.59368				2
2026.05.14	01:42:14.393	0.59367	0.59370			6
2026.05.14	01:42:14.691	0.59369	0.59372			6
2026.05.14	01:42:24.038	0.59368	0.59371			6
2026.05.14	01:42:24.337	0.59369	0.59372			6
2026.05.14	01:42:25.240	0.59367	0.59370			6
2026.05.14	01:42:25.541	0.59368	0.59371			6
2026.05.14	01:43:00.096	0.59368				2
2026.05.14	01:43:12.746	0.59367	0.59370			6
2026.05.14	01:43:48.249	0.59368	0.59371			6
2026.05.14	01:43:49.746	0.59367	0.59370			6
2026.05.14	01:44:00.264	0.59367				2
2026.05.14	01:44:02.080	0.59368	0.59371			6
2026.05.14	01:44:08.988	0.59367	0.59370			6
2026.05.14	01:44:17.406	0.59368	0.59371			6
2026.05.14	01:44:19.814	0.59369	0.59372			6
2026.05.14	01:44:23.125		0.59371			4
2026.05.14	01:44:23.426		0.59372			4
2026.05.14	01:44:24.931		0.59371			4
2026.05.14	01:44:25.534		0.59372			4
2026.05.14	01:44:30.351	0.59368	0.59371			6
2026.05.14	01:44:38.759	0.59367	0.59370			6
2026.05.14	01:45:00.109	0.59367				2
2026.05.14	01:45:23.361	0.59366	0.59369			6
2026.05.14	01:45:51.941	0.59367	0.59370			6
2026.05.14	01:46:00.063	0.59367				2
2026.05.14	01:46:08.477	0.59366	0.59369			6
2026.05.14	01:46:12.082	0.59367	0.59370			6
2026.05.14	01:46:14.184	0.59368	0.59371			6
2026.05.14	01:46:18.405	0.59367	0.59370			6
2026.05.14	01:46:22.618	0.59366	0.59369			6
2026.05.14	01:46:23.521	0.59367	0.59370			6
2026.05.14	01:46:27.132	0.59366	0.59369			6
2026.05.14	01:46:56.903		0.59368			4
2026.05.14	01:46:57.201	0.59363	0.59366			6
2026.05.14	01:46:57.504	0.59362	0.59365			6
2026.05.14	01:46:58.409		0.59366			4
2026.05.14	01:47:00.216	0.59362				2
2026.05.14	01:47:26.675	0.59361	0.59365			6
2026.05.14	01:47:26.976	0.59362	0.59366			6
2026.05.14	01:47:30.287		0.59365			4
2026.05.14	01:47:40.220	0.59363				2
2026.05.14	01:47:42.324		0.59366			4
2026.05.14	01:47:46.841	0.59362	0.59365			6
2026.05.14	01:47:53.159	0.59361	0.59364			6
2026.05.14	01:47:53.459	0.59363	0.59366			6
2026.05.14	01:48:00.073	0.59363				2
2026.05.14	01:48:05.480	0.59362	0.59365			6
2026.05.14	01:48:11.486	0.59363	0.59366			6
2026.05.14	01:48:36.157	0.59362	0.59365			6
2026.05.14	01:48:45.777	0.59363	0.59366			6
2026.05.14	01:48:46.679	0.59362	0.59365			6
2026.05.14	01:49:00.207	0.59362				2
2026.05.14	01:49:21.546	0.59363	0.59366			6
2026.05.14	01:49:22.451	0.59362	0.59365			6
2026.05.14	01:49:25.153	0.59363	0.59366			6
2026.05.14	01:49:29.355	0.59362	0.59365			6
2026.05.14	01:49:31.762	0.59361	0.59364			6
2026.05.14	01:49:34.762	0.59362	0.59365			6
2026.05.14	01:50:00.007	0.59362				2
2026.05.14	01:50:01.814	0.59363	0.59366			6
2026.05.14	01:50:04.831	0.59362	0.59365			6
2026.05.14	01:50:07.839	0.59363	0.59366			6
2026.05.14	01:50:15.357	0.59362	0.59365			6
2026.05.14	01:50:25.285	0.59363	0.59366			6
2026.05.14	01:50:33.400	0.59364				2
2026.05.14	01:50:33.703	0.59363				2
2026.05.14	01:50:45.447	0.59362	0.59365			6
2026.05.14	01:51:00.176	0.59362				2
2026.05.14	01:51:17.620	0.59363	0.59366			6
2026.05.14	01:51:18.824	0.59362	0.59365			6
2026.05.14	01:51:20.023	0.59361	0.59364			6
2026.05.14	01:51:43.183	0.59362	0.59365			6
2026.05.14	01:51:45.887	0.59363	0.59366			6
2026.05.14	01:51:56.711	0.59361	0.59364			6
2026.05.14	01:51:57.917	0.59362	0.59365			6
2026.05.14	01:51:58.519	0.59364	0.59367			6
2026.05.14	01:51:58.820	0.59363	0.59366			6
2026.05.14	01:51:59.421	0.59362				2
2026.05.14	01:52:00.025	0.59362				2
2026.05.14	01:52:00.925	0.59364				2
2026.05.14	01:52:01.227		0.59368			4
2026.05.14	01:52:01.525	0.59365	0.59369			6
2026.05.14	01:52:09.947	0.59366	0.59370			6
2026.05.14	01:52:10.247	0.59365	0.59369			6
2026.05.14	01:52:10.548	0.59366	0.59370			6
2026.05.14	01:52:29.475	0.59365	0.59369			6
2026.05.14	01:52:38.816	0.59366	0.59370			6
2026.05.14	01:52:39.115	0.59365	0.59369			6
2026.05.14	01:52:40.923	0.59367	0.59371			6
2026.05.14	01:52:41.226	0.59366	0.59370			6
2026.05.14	01:52:41.524	0.59367	0.59371			6
2026.05.14	01:52:43.629	0.59366	0.59370			6
2026.05.14	01:52:48.139	0.59367	0.59371			6
2026.05.14	01:52:49.643		0.59369			4
2026.05.14	01:52:49.952	0.59364	0.59368			6
2026.05.14	01:52:50.252	0.59362	0.59366			6
2026.05.14	01:52:51.755	0.59363	0.59367			6
2026.05.14	01:52:52.355	0.59362	0.59366			6
2026.05.14	01:52:53.256	0.59363	0.59367			6
2026.05.14	01:52:54.459	0.59362	0.59366			6
2026.05.14	01:52:56.862		0.59365			4
2026.05.14	01:53:00.171	0.59362				2
2026.05.14	01:53:20.647	0.59361				2
2026.05.14	01:53:57.027		0.59365			4
2026.05.14	01:54:00.034	0.59361				2
2026.05.14	01:54:13.260	0.59360	0.59364			6
2026.05.14	01:54:13.859	0.59361	0.59365			6
2026.05.14	01:54:15.960	0.59360	0.59364			6
2026.05.14	01:54:18.963	0.59361	0.59365			6
2026.05.14	01:54:19.564	0.59362	0.59366			6
2026.05.14	01:54:21.067	0.59361	0.59365			6
2026.05.14	01:54:25.878	0.59362	0.59366			6
2026.05.14	01:55:00.163	0.59362				2
2026.05.14	01:55:06.167	0.59361	0.59365			6
2026.05.14	01:55:11.880	0.59362	0.59366			6
2026.05.14	01:55:36.236	0.59361	0.59364			6
2026.05.14	01:55:37.439		0.59365			4
2026.05.14	01:55:41.952	0.59362	0.59366			6
2026.05.14	01:55:42.253	0.59363				2
2026.05.14	01:55:43.452	0.59362				2
2026.05.14	01:55:49.462	0.59363				2
2026.05.14	01:55:55.175	0.59362	0.59365			6
2026.05.14	01:55:56.679	0.59361	0.59364			6
2026.05.14	01:55:56.978	0.59362	0.59365			6
2026.05.14	01:56:00.291	0.59362				2
2026.05.14	01:56:06.302	0.59363	0.59366			6
2026.05.14	01:56:28.866	0.59362	0.59365			6
2026.05.14	01:56:48.418	0.59361	0.59364			6
2026.05.14	01:56:58.655	0.59362				2
2026.05.14	01:56:58.952	0.59361				2
2026.05.14	01:56:59.253	0.59362				2
2026.05.14	01:56:59.553	0.59361				2
2026.05.14	01:56:59.851	0.59362				2
2026.05.14	01:57:00.153	0.59361				2
2026.05.14	01:57:00.452	0.59362				2
2026.05.14	01:57:01.053	0.59361				2
2026.05.14	01:57:01.354	0.59362				2
2026.05.14	01:57:01.655	0.59361				2
2026.05.14	01:57:01.955	0.59362				2
2026.05.14	01:57:02.257	0.59361				2
2026.05.14	01:57:03.157	0.59362	0.59365			6
2026.05.14	01:57:13.673	0.59361	0.59362			6
2026.05.14	01:57:13.972	0.59358	0.59361			6
2026.05.14	01:57:14.275		0.59360			4
2026.05.14	01:57:14.877	0.59357				2
2026.05.14	01:57:18.179		0.59361			4
2026.05.14	01:57:18.781	0.59356	0.59360			6
2026.05.14	01:57:20.588	0.59357	0.59361			6
2026.05.14	01:57:29.318		0.59360			4
2026.05.14	01:57:29.621	0.59358				2
2026.05.14	01:57:30.826		0.59361			4
2026.05.14	01:57:37.141	0.59357				2
2026.05.14	01:57:40.452		0.59360			4
2026.05.14	01:58:00.290	0.59357				2
2026.05.14	01:58:01.490	0.59358	0.59361			6
2026.05.14	01:58:34.882	0.59359	0.59362			6
2026.05.14	01:58:35.181	0.59358	0.59361			6
2026.05.14	01:59:00.155	0.59358				2
2026.05.14	01:59:04.960	0.59359	0.59362			6
2026.05.14	01:59:05.259	0.59358	0.59361			6
2026.05.14	01:59:06.766	0.59359	0.59362			6
2026.05.14	01:59:07.665	0.59358	0.59361			6
2026.05.14	01:59:08.567	0.59359	0.59362			6
2026.05.14	01:59:24.805	0.59360	0.59363			6
2026.05.14	01:59:35.039	0.59362	0.59365			6
2026.05.14	01:59:36.243	0.59361	0.59364			6
2026.05.14	01:59:37.149	0.59362	0.59365			6
2026.05.14	01:59:40.153	0.59363	0.59367			6
2026.05.14	01:59:48.270		0.59366			4
2026.05.14	02:00:00.294	0.59363				2
2026.05.14	02:00:03.294	0.59362	0.59365			6
2026.05.14	02:00:14.724	0.59361	0.59364			6
2026.05.14	02:00:53.805	0.59362				2
2026.05.14	02:00:59.525	0.59361				2
2026.05.14	02:01:00.129	0.59361				2
2026.05.14	02:01:14.857		0.59364			4
2026.05.14	02:01:54.527	0.59360	0.59363			6
2026.05.14	02:01:57.234	0.59361	0.59364			6
2026.05.14	02:02:00.243	0.59361				2
2026.05.14	02:02:25.180	0.59362				2
2026.05.14	02:02:40.520	0.59368	0.59370			6
2026.05.14	02:02:41.424	0.59367	0.59371			6
2026.05.14	02:02:43.598	0.59368				2
2026.05.14	02:02:43.902	0.59369				2
2026.05.14	02:02:44.199	0.59370	0.59374			6
2026.05.14	02:02:45.100	0.59371	0.59375			6
2026.05.14	02:02:45.401		0.59374			4
2026.05.14	02:02:47.215		0.59375			4
2026.05.14	02:02:48.720		0.59374			4
2026.05.14	02:02:52.025	0.59370				2
2026.05.14	02:02:52.626		0.59373			4
2026.05.14	02:03:00.143	0.59370				2
2026.05.14	02:03:12.913	0.59367	0.59370			6
2026.05.14	02:03:14.061	0.59366	0.59369			6
2026.05.14	02:03:15.265		0.59370			4
2026.05.14	02:03:15.867		0.59369			4
2026.05.14	02:04:00.034	0.59366				2
2026.05.14	02:04:01.235	0.59365				2
2026.05.14	02:04:01.536	0.59366				2
2026.05.14	02:04:15.958		0.59369			4
2026.05.14	02:04:22.869		0.59370			4
2026.05.14	02:04:23.771		0.59369			4
2026.05.14	02:04:37.306		0.59370			4
2026.05.14	02:05:00.020	0.59366				2
2026.05.14	02:05:00.320		0.59369			4
2026.05.14	02:05:08.935		0.59370			4
2026.05.14	02:05:34.040	0.59367				2
2026.05.14	02:05:34.942		0.59371			4
2026.05.14	02:05:35.844	0.59368				2
2026.05.14	02:05:36.146		0.59372			4
2026.05.14	02:05:37.168		0.59371			4
2026.05.14	02:05:47.404		0.59370			4
2026.05.14	02:05:53.717	0.59367				2
2026.05.14	02:05:54.018	0.59366	0.59368			6
2026.05.14	02:05:54.321	0.59362	0.59366			6
2026.05.14	02:05:54.620		0.59365			4
2026.05.14	02:05:59.628	0.59361				2
2026.05.14	02:06:01.600	0.59361				2
2026.05.14	02:06:01.900		0.59364			4
2026.05.14	02:06:14.153		0.59365			4
2026.05.14	02:06:24.237	0.59362				2
2026.05.14	02:06:30.252	0.59361				2
2026.05.14	02:06:32.689		0.59364			4
2026.05.14	02:06:43.473		0.59365			4
2026.05.14	02:06:53.755	0.59362				2
2026.05.14	02:06:54.356		0.59366			4
2026.05.14	02:06:54.657		0.59364			4
2026.05.14	02:06:54.958	0.59361				2
2026.05.14	02:07:06.252	0.59361				2
2026.05.14	02:07:20.476		0.59363			4
2026.05.14	02:07:22.504	0.59360				2
2026.05.14	02:07:23.104	0.59356	0.59360			6
2026.05.14	02:07:23.407	0.59357				2
2026.05.14	02:07:28.214	0.59356				2
2026.05.14	02:07:29.115	0.59357				2
2026.05.14	02:07:33.029	0.59358				2
2026.05.14	02:07:33.932		0.59361			4
2026.05.14	02:07:34.936	0.59357				2
2026.05.14	02:08:00.194	0.59357				2
2026.05.14	02:08:00.495		0.59360			4
2026.05.14	02:08:01.098		0.59359			4
2026.05.14	02:08:03.507		0.59360			4
2026.05.14	02:08:08.345	0.59358	0.59361			6
2026.05.14	02:08:10.446		0.59359			4
2026.05.14	02:08:10.747		0.59361			4
2026.05.14	02:08:11.047		0.59359			4
2026.05.14	02:08:11.347		0.59361			4
2026.05.14	02:08:11.648	0.59359	0.59362			6
2026.05.14	02:08:11.948	0.59358				2
2026.05.14	02:08:12.249		0.59361			4
2026.05.14	02:08:13.285		0.59362			4
2026.05.14	02:08:13.586		0.59361			4
2026.05.14	02:08:21.701	0.59360	0.59363			6
2026.05.14	02:08:25.221		0.59364			4
2026.05.14	02:08:26.210		0.59363			4
2026.05.14	02:08:33.376	0.59358	0.59362			6
2026.05.14	02:08:33.676		0.59361			4
2026.05.14	02:08:34.276		0.59360			4
2026.05.14	02:08:36.378		0.59362			4
2026.05.14	02:08:37.537		0.59361			4
2026.05.14	02:08:37.840	0.59356	0.59360			6
2026.05.14	02:08:38.137		0.59359			4
2026.05.14	02:08:38.737		0.59360			4
2026.05.14	02:08:39.038	0.59357				2
2026.05.14	02:08:51.371	0.59356				2
2026.05.14	02:09:00.384	0.59356				2
2026.05.14	02:09:00.684		0.59358			4
2026.05.14	02:09:02.485		0.59360			4
2026.05.14	02:09:27.946		0.59359			4
2026.05.14	02:09:44.817		0.59360			4
2026.05.14	02:09:45.421		0.59358			4
2026.05.14	02:09:45.721		0.59359			4
2026.05.14	02:09:56.250		0.59360			4
2026.05.14	02:09:56.851		0.59359			4
2026.05.14	02:09:58.957	0.59355				2
2026.05.14	02:10:00.014	0.59355				2
2026.05.14	02:10:03.967		0.59358			4
2026.05.14	02:10:06.370		0.59359			4
2026.05.14	02:10:07.333		0.59358			4
2026.05.14	02:10:08.971		0.59359			4
2026.05.14	02:10:15.925		0.59357			4
2026.05.14	02:10:16.530		0.59358			4
2026.05.14	02:10:16.831		0.59357			4
2026.05.14	02:10:19.234	0.59350	0.59354			6
2026.05.14	02:10:19.533	0.59351				2
2026.05.14	02:10:20.135	0.59350				2
2026.05.14	02:10:21.728		0.59353			4
2026.05.14	02:10:24.133	0.59348	0.59351			6
2026.05.14	02:10:29.141	0.59347	0.59350			6
2026.05.14	02:10:31.245		0.59349			4
2026.05.14	02:10:31.548		0.59350			4
2026.05.14	02:10:32.396		0.59351			4
2026.05.14	02:10:33.399		0.59350			4
2026.05.14	02:10:33.700	0.59346				2
2026.05.14	02:10:35.456	0.59347				2
2026.05.14	02:10:41.640	0.59346				2
2026.05.14	02:10:49.236	0.59347	0.59351			6
2026.05.14	02:10:58.460		0.59350			4
2026.05.14	02:10:59.060	0.59348	0.59351			6
2026.05.14	02:10:59.360	0.59347	0.59350			6
2026.05.14	02:11:00.260	0.59347				2
2026.05.14	02:11:15.660	0.59348	0.59351			6
2026.05.14	02:11:15.996		0.59352			4
2026.05.14	02:11:18.517		0.59351			4
2026.05.14	02:11:22.134		0.59350			4
2026.05.14	02:11:24.647	0.59347	0.59351			6
2026.05.14	02:11:28.160		0.59350			4
2026.05.14	02:11:29.962		0.59351			4
2026.05.14	02:11:34.321		0.59350			4
2026.05.14	02:11:34.622		0.59351			4
2026.05.14	02:11:34.922		0.59350			4
2026.05.14	02:11:36.425		0.59351			4
2026.05.14	02:11:38.630	0.59348				2
2026.05.14	02:11:39.233	0.59347				2
2026.05.14	02:11:40.211		0.59350			4
2026.05.14	02:11:45.063	0.59346				2
2026.05.14	02:11:46.062		0.59349			4
2026.05.14	02:11:46.665	0.59345				2
2026.05.14	02:11:46.965		0.59348			4
2026.05.14	02:12:03.418	0.59345				2
2026.05.14	02:12:03.719		0.59349			4
2026.05.14	02:12:04.019	0.59346				2
2026.05.14	02:12:05.220		0.59348			4
2026.05.14	02:12:15.149	0.59345				2
2026.05.14	02:12:16.951	0.59344				2
2026.05.14	02:12:19.597	0.59342	0.59346			6
2026.05.14	02:12:21.337	0.59343				2
2026.05.14	02:12:23.146	0.59342				2
2026.05.14	02:12:30.525	0.59343				2
2026.05.14	02:12:39.076	0.59342				2
2026.05.14	02:12:43.282	0.59345				2
2026.05.14	02:12:43.582	0.59346	0.59349			6
2026.05.14	02:12:45.385	0.59347	0.59351			6
2026.05.14	02:12:51.095	0.59349	0.59352			6
2026.05.14	02:12:51.427	0.59350				2
2026.05.14	02:12:51.727	0.59351	0.59354			6
2026.05.14	02:12:52.930		0.59353			4
2026.05.14	02:12:53.232	0.59350				2
2026.05.14	02:12:55.145	0.59349				2
2026.05.14	02:13:00.072	0.59350				2
2026.05.14	02:13:04.270	0.59348	0.59352			6
2026.05.14	02:13:04.571	0.59347	0.59350			6
2026.05.14	02:13:09.078	0.59348				2
2026.05.14	02:13:09.979		0.59352			4
2026.05.14	02:13:10.280		0.59351			4
2026.05.14	02:13:16.328		0.59350			4
2026.05.14	02:13:19.123		0.59351			4
2026.05.14	02:13:24.146	0.59347				2
2026.05.14	02:13:24.749		0.59350			4
2026.05.14	02:13:25.700	0.59348				2
2026.05.14	02:13:27.552	0.59346				2
2026.05.14	02:13:28.153	0.59347	0.59351			6
2026.05.14	02:13:41.110		0.59350			4
2026.05.14	02:13:57.950	0.59348				2
2026.05.14	02:13:58.252	0.59347				2
2026.05.14	02:13:58.553	0.59348				2
2026.05.14	02:13:58.854	0.59347				2
2026.05.14	02:13:59.160	0.59348				2
2026.05.14	02:13:59.762	0.59347				2
2026.05.14	02:14:00.062	0.59348				2
2026.05.14	02:14:00.362	0.59347				2
2026.05.14	02:14:00.663	0.59348				2
2026.05.14	02:14:00.964	0.59347				2
2026.05.14	02:14:01.264	0.59348				2
2026.05.14	02:14:01.565	0.59347				2
2026.05.14	02:14:07.880		0.59351			4
2026.05.14	02:14:09.619		0.59350			4
2026.05.14	02:14:11.235		0.59351			4
2026.05.14	02:14:16.925		0.59350			4
2026.05.14	02:14:21.240		0.59351			4
2026.05.14	02:14:31.308		0.59350			4
2026.05.14	02:14:38.527		0.59351			4
2026.05.14	02:14:51.276	0.59348				2
2026.05.14	02:14:51.576	0.59347	0.59350			6
2026.05.14	02:14:52.177		0.59351			4
2026.05.14	02:14:52.477	0.59348				2
2026.05.14	02:14:52.778	0.59347	0.59350			6
2026.05.14	02:14:53.077		0.59351			4
2026.05.14	02:14:55.639		0.59350			4
2026.05.14	02:14:56.538		0.59351			4
2026.05.14	02:15:00.011	0.59347				2
2026.05.14	02:15:00.609	0.59346	0.59349			6
2026.05.14	02:15:01.810		0.59348			4
2026.05.14	02:15:06.026		0.59350			4
2026.05.14	02:15:06.628		0.59348			4
2026.05.14	02:15:14.448		0.59349			4
2026.05.14	02:15:14.748		0.59348			4
2026.05.14	02:15:15.949	0.59345				2
2026.05.14	02:15:29.156	0.59346				2
2026.05.14	02:15:35.168	0.59345	0.59347			6
2026.05.14	02:15:36.069		0.59348			4
2026.05.14	02:15:51.310		0.59347			4
2026.05.14	02:15:53.120		0.59346			4
2026.05.14	02:15:53.420	0.59342	0.59345			6
2026.05.14	02:15:54.374	0.59343	0.59346			6
2026.05.14	02:15:59.750	0.59342				2
2026.05.14	02:16:00.416	0.59342				2
2026.05.14	02:16:13.271	0.59343				2
2026.05.14	02:16:52.367	0.59346	0.59349			6
2026.05.14	02:16:52.667	0.59345	0.59348			6
2026.05.14	02:16:53.267		0.59349			4
2026.05.14	02:16:53.869		0.59348			4
2026.05.14	02:16:54.169	0.59346				2
2026.05.14	02:16:58.977	0.59345				2
2026.05.14	02:17:00.150	0.59345				2
2026.05.14	02:17:00.753	0.59346				2
2026.05.14	02:17:05.865	0.59345				2
2026.05.14	02:17:10.350	0.59346				2
2026.05.14	02:17:12.457		0.59349			4
2026.05.14	02:17:28.991		0.59348			4
2026.05.14	02:17:41.933	0.59345				2
2026.05.14	02:17:52.181	0.59346				2
2026.05.14	02:17:55.186		0.59349			4
2026.05.14	02:17:56.090		0.59347			4
2026.05.14	02:17:56.390	0.59343	0.59345			6
2026.05.14	02:17:56.993		0.59346			4
2026.05.14	02:18:01.750	0.59342				2
2026.05.14	02:18:02.451		0.59345			4
2026.05.14	02:18:04.447		0.59346			4
2026.05.14	02:18:16.507		0.59345			4
2026.05.14	02:18:25.232	0.59343				2
2026.05.14	02:18:26.434	0.59342				2
2026.05.14	02:18:42.245	0.59343				2
2026.05.14	02:18:42.544		0.59346			4
2026.05.14	02:18:43.446		0.59345			4
2026.05.14	02:18:45.249	0.59342				2
2026.05.14	02:18:47.354	0.59343	0.59346			6
2026.05.14	02:18:49.199	0.59342	0.59345			6
2026.05.14	02:18:49.499	0.59343	0.59346			6
2026.05.14	02:18:49.800	0.59342	0.59345			6
2026.05.14	02:18:53.414	0.59343	0.59346			6
2026.05.14	02:18:57.331		0.59345			4
2026.05.14	02:18:57.633	0.59342				2
2026.05.14	02:19:00.038	0.59342				2
2026.05.14	02:19:46.172	0.59343				2
2026.05.14	02:19:57.611		0.59345			4
2026.05.14	02:20:00.023	0.59343				2
2026.05.14	02:20:35.182	0.59344	0.59346			6
2026.05.14	02:20:36.385	0.59342	0.59344			6
2026.05.14	02:20:36.687	0.59343	0.59345			6
2026.05.14	02:20:41.801	0.59342	0.59344			6
2026.05.14	02:20:48.137	0.59343	0.59345			6
2026.05.14	02:20:56.557	0.59346	0.59348			6
2026.05.14	02:20:57.458		0.59349			4
2026.05.14	02:20:58.360	0.59345	0.59348			6
2026.05.14	02:21:00.166	0.59345				2
2026.05.14	02:21:13.933	0.59346	0.59349			6
2026.05.14	02:21:15.436		0.59348			4
2026.05.14	02:21:16.037		0.59349			4
2026.05.14	02:21:16.337		0.59348			4
2026.05.14	02:21:22.956	0.59347				2
2026.05.14	02:21:23.856		0.59349			4
2026.05.14	02:21:24.156	0.59349	0.59351			6
2026.05.14	02:21:24.457	0.59352	0.59354			6
2026.05.14	02:21:24.758	0.59353	0.59355			6
2026.05.14	02:21:25.361	0.59352				2
2026.05.14	02:21:25.962		0.59356			4
2026.05.14	02:21:26.860	0.59353				2
2026.05.14	02:21:28.063	0.59352				2
2026.05.14	02:21:28.364	0.59353				2
2026.05.14	02:21:37.680	0.59352	0.59355			6
2026.05.14	02:21:38.580	0.59351				2
2026.05.14	02:21:38.880	0.59352				2
2026.05.14	02:21:39.483	0.59351				2
2026.05.14	02:21:40.082	0.59352				2
2026.05.14	02:21:40.987	0.59355	0.59356			6
2026.05.14	02:21:41.287		0.59358			4
2026.05.14	02:21:49.455	0.59352	0.59355			6
2026.05.14	02:21:53.447		0.59356			4
2026.05.14	02:21:53.749		0.59355			4
2026.05.14	02:22:00.059	0.59352	0.59356			6
2026.05.14	02:22:00.659		0.59355			4
2026.05.14	02:22:01.260		0.59356			4
2026.05.14	02:22:01.560		0.59355			4
2026.05.14	02:22:08.476	0.59351				2
2026.05.14	02:22:10.577	0.59352				2
2026.05.14	02:22:23.217	0.59351				2
2026.05.14	02:22:34.311		0.59354			4
2026.05.14	02:22:34.613	0.59352				2
2026.05.14	02:22:39.136	0.59351				2
2026.05.14	02:22:40.310	0.59352				2
2026.05.14	02:22:41.216		0.59355			4
2026.05.14	02:23:00.166	0.59352				2
2026.05.14	02:23:14.605	0.59351				2
2026.05.14	02:23:15.280	0.59352				2
2026.05.14	02:23:30.619	0.59351				2
2026.05.14	02:23:30.920	0.59352				2
2026.05.14	02:23:39.344	0.59351	0.59354			6
2026.05.14	02:23:40.548		0.59355			4
2026.05.14	02:23:47.458		0.59354			4
2026.05.14	02:23:55.876	0.59352				2
2026.05.14	02:24:00.090	0.59352				2
2026.05.14	02:24:00.390		0.59355			4
2026.05.14	02:24:02.493	0.59351	0.59354			6
2026.05.14	02:24:11.446	0.59352				2
2026.05.14	02:24:11.746	0.59351	0.59353			6
2026.05.14	02:24:12.046	0.59352	0.59354			6
2026.05.14	02:24:12.347	0.59353	0.59355			6
2026.05.14	02:24:12.648		0.59356			4
2026.05.14	02:24:12.949		0.59355			4
2026.05.14	02:24:13.249		0.59356			4
2026.05.14	02:24:13.550	0.59352	0.59355			6
2026.05.14	02:24:14.149	0.59353	0.59356			6
2026.05.14	02:24:33.303		0.59355			4
2026.05.14	02:24:33.603		0.59356			4
2026.05.14	02:24:43.185	0.59354				2
2026.05.14	02:24:47.396	0.59353	0.59355			6
2026.05.14	02:24:49.497		0.59354			4
2026.05.14	02:24:49.798		0.59355			4
2026.05.14	02:24:59.126	0.59356	0.59358			6
2026.05.14	02:25:00.029	0.59356				2
2026.05.14	02:25:00.330	0.59355				2
2026.05.14	02:25:02.229	0.59356	0.59359			6
2026.05.14	02:25:16.668	0.59355	0.59358			6
2026.05.14	02:25:16.969		0.59357			4
2026.05.14	02:25:17.269		0.59358			4
2026.05.14	02:25:18.169	0.59356	0.59359			6
2026.05.14	02:25:36.874		0.59358			4
2026.05.14	02:25:37.174	0.59357	0.59359			6
2026.05.14	02:25:37.776	0.59356				2
2026.05.14	02:26:00.136	0.59356				2
2026.05.14	02:26:00.436	0.59357				2
2026.05.14	02:26:03.142	0.59356	0.59358			6
2026.05.14	02:26:03.441	0.59355				2
2026.05.14	02:26:07.351	0.59356				2
2026.05.14	02:26:16.669	0.59354	0.59356			6
2026.05.14	02:26:17.269	0.59352	0.59355			6
2026.05.14	02:26:17.570	0.59353	0.59356			6
2026.05.14	02:26:19.073	0.59352	0.59355			6
2026.05.14	02:26:21.777	0.59353	0.59356			6
2026.05.14	02:26:22.077		0.59355			4
2026.05.14	02:26:22.677		0.59356			4
2026.05.14	02:26:22.977	0.59352	0.59355			6
2026.05.14	02:26:26.957		0.59354			4
2026.05.14	02:26:34.169	0.59351				2
2026.05.14	02:26:40.780	0.59352	0.59355			6
2026.05.14	02:26:48.888	0.59351	0.59354			6
2026.05.14	02:26:53.411	0.59350	0.59353			6
2026.05.14	02:26:55.524	0.59349	0.59352			6
2026.05.14	02:26:55.824	0.59350	0.59353			6
2026.05.14	02:27:00.035	0.59350				2
2026.05.14	02:27:06.051		0.59351			4
2026.05.14	02:27:06.352	0.59348	0.59350			6
2026.05.14	02:27:08.455	0.59347				2
2026.05.14	02:27:16.395		0.59349			4
2026.05.14	02:27:37.178	0.59348				2
2026.05.14	02:27:38.681	0.59346	0.59348			6
2026.05.14	02:27:39.282	0.59345				2
2026.05.14	02:27:40.484	0.59346	0.59349			6
2026.05.14	02:27:41.085	0.59350	0.59352			6
2026.05.14	02:27:41.385	0.59349				2
2026.05.14	02:27:49.446		0.59353			4
2026.05.14	02:27:50.554		0.59352			4
2026.05.14	02:27:53.356	0.59348				2
2026.05.14	02:27:53.656		0.59351			4
2026.05.14	02:27:54.557		0.59350			4
2026.05.14	02:28:00.265	0.59348				2
2026.05.14	02:28:01.165		0.59351			4
2026.05.14	02:28:23.747		0.59350			4
2026.05.14	02:28:29.755		0.59351			4
2026.05.14	02:28:30.356		0.59350			4
2026.05.14	02:28:30.956		0.59351			4
2026.05.14	02:28:31.809	0.59347	0.59349			6
2026.05.14	02:28:48.077		0.59350			4
2026.05.14	02:29:00.397	0.59347				2
2026.05.14	02:29:05.831	0.59346				2
2026.05.14	02:29:10.214		0.59349			4
2026.05.14	02:29:12.016		0.59350			4
2026.05.14	02:29:15.186		0.59349			4
2026.05.14	02:29:28.122	0.59347				2
2026.05.14	02:29:30.526		0.59350			4
2026.05.14	02:29:30.827		0.59349			4
2026.05.14	02:30:00.280	0.59346				2
2026.05.14	02:30:00.581	0.59347	0.59350			6
2026.05.14	02:30:01.182		0.59349			4
2026.05.14	02:30:07.192	0.59346				2
2026.05.14	02:30:09.277		0.59348			4
2026.05.14	02:30:25.209	0.59347				2
2026.05.14	02:30:25.509	0.59348	0.59350			6
2026.05.14	02:30:26.412		0.59351			4
2026.05.14	02:30:29.724	0.59347	0.59350			6
2026.05.14	02:30:36.643	0.59346	0.59349			6
2026.05.14	02:30:36.945	0.59343	0.59345			6
2026.05.14	02:30:37.245	0.59342				2
2026.05.14	02:30:41.683	0.59345	0.59346			6
2026.05.14	02:30:41.983	0.59342	0.59345			6
2026.05.14	02:30:49.030	0.59343				2
2026.05.14	02:30:49.631	0.59342				2
2026.05.14	02:30:49.930	0.59343				2
2026.05.14	02:30:50.233	0.59342				2
2026.05.14	02:30:50.532	0.59343				2
2026.05.14	02:30:50.833	0.59342				2
2026.05.14	02:30:51.134	0.59343				2
2026.05.14	02:30:51.436	0.59340	0.59344			6
2026.05.14	02:30:51.735	0.59342				2
2026.05.14	02:30:52.035	0.59340				2
2026.05.14	02:30:52.635	0.59342	0.59343			6
2026.05.14	02:30:52.935	0.59340				2
2026.05.14	02:30:54.476		0.59344			4
2026.05.14	02:30:54.777		0.59342			4
2026.05.14	02:30:55.077	0.59338				2
2026.05.14	02:31:00.230	0.59338				2
2026.05.14	02:31:02.633	0.59340				2
2026.05.14	02:31:03.234		0.59343			4
2026.05.14	02:31:07.696	0.59338	0.59342			6
2026.05.14	02:31:12.491	0.59339				2
2026.05.14	02:31:12.791	0.59338				2
2026.05.14	02:31:13.091	0.59339				2
2026.05.14	02:31:13.394	0.59338				2
2026.05.14	02:31:14.827		0.59341			4
2026.05.14	02:31:17.535	0.59337				2
2026.05.14	02:31:17.836	0.59338	0.59342			6
2026.05.14	02:31:19.036	0.59340				2
2026.05.14	02:31:19.337		0.59344			4
2026.05.14	02:31:21.743	0.59339	0.59343			6
2026.05.14	02:31:22.345		0.59342			4
2026.05.14	02:31:22.648	0.59338				2
2026.05.14	02:31:25.337		0.59341			4
2026.05.14	02:31:25.637	0.59337				2
2026.05.14	02:31:27.440	0.59338				2
2026.05.14	02:31:27.740		0.59342			4
2026.05.14	02:31:28.641	0.59337	0.59341			6
2026.05.14	02:31:36.636		0.59340			4
2026.05.14	02:31:43.652	0.59340	0.59343			6
2026.05.14	02:31:43.953		0.59344			4
2026.05.14	02:31:51.191		0.59343			4
2026.05.14	02:31:54.201	0.59338	0.59340			6
2026.05.14	02:31:54.501	0.59336				2
2026.05.14	02:32:00.212	0.59336				2
2026.05.14	02:32:02.915	0.59333	0.59336			6
2026.05.14	02:32:03.216	0.59332	0.59335			6
2026.05.14	02:32:04.116		0.59334			4
2026.05.14	02:32:04.415	0.59330				2
2026.05.14	02:32:05.921	0.59331	0.59335			6
2026.05.14	02:32:06.523	0.59330	0.59334			6
2026.05.14	02:32:10.733	0.59331	0.59335			6
2026.05.14	02:32:40.053	0.59330	0.59334			6
2026.05.14	02:32:48.530		0.59333			4
2026.05.14	02:32:49.431		0.59334			4
2026.05.14	02:32:50.037	0.59328	0.59332			6
2026.05.14	02:32:50.336		0.59331			4
2026.05.14	02:32:51.538	0.59327				2
2026.05.14	02:32:56.049		0.59330			4
2026.05.14	02:32:58.751	0.59329	0.59333			6
2026.05.14	02:32:59.652	0.59328	0.59332			6
2026.05.14	02:33:00.254	0.59328				2
2026.05.14	02:33:01.154		0.59331			4
2026.05.14	02:33:01.754	0.59327				2
2026.05.14	02:33:02.354		0.59330			4
2026.05.14	02:33:21.287		0.59331			4
2026.05.14	02:33:25.195	0.59326	0.59330			6
2026.05.14	02:33:28.196	0.59327	0.59331			6
2026.05.14	02:33:30.598	0.59330	0.59333			6
2026.05.14	02:33:32.816	0.59329				2
2026.05.14	02:33:33.118	0.59328	0.59332			6
2026.05.14	02:33:35.221		0.59331			4
2026.05.14	02:33:36.121	0.59327				2
2026.05.14	02:33:37.324		0.59330			4
2026.05.14	02:33:37.625		0.59331			4
2026.05.14	02:33:40.927	0.59328				2
2026.05.14	02:33:41.228		0.59330			4
2026.05.14	02:33:43.035		0.59331			4
2026.05.14	02:33:44.237		0.59332			4
2026.05.14	02:33:44.838	0.59330	0.59334			6
2026.05.14	02:33:45.139	0.59331	0.59335			6
2026.05.14	02:33:47.247	0.59329	0.59333			6
2026.05.14	02:33:51.549	0.59330	0.59334			6
2026.05.14	02:33:51.849		0.59333			4
2026.05.14	02:33:52.751		0.59334			4
2026.05.14	02:33:58.401	0.59329	0.59333			6
2026.05.14	02:34:00.218	0.59329				2
2026.05.14	02:34:07.226	0.59327	0.59331			6
2026.05.14	02:34:08.128		0.59330			4
2026.05.14	02:34:10.530		0.59331			4
2026.05.14	02:34:14.401		0.59330			4
2026.05.14	02:34:14.702		0.59331			4
2026.05.14	02:34:22.295	0.59330	0.59332			6
2026.05.14	02:34:22.595		0.59334			4
2026.05.14	02:34:27.366		0.59333			4
2026.05.14	02:34:33.018		0.59334			4
2026.05.14	02:34:36.863	0.59328	0.59331			6
2026.05.14	02:34:37.919	0.59327				2
2026.05.14	02:34:57.905	0.59328				2
2026.05.14	02:35:00.630	0.59328				2
2026.05.14	02:35:07.935	0.59327				2
2026.05.14	02:35:23.527	0.59328	0.59330			6
2026.05.14	02:35:26.835	0.59327	0.59331			6
2026.05.14	02:35:31.642		0.59330			4
2026.05.14	02:35:31.943		0.59331			4
2026.05.14	02:35:37.056	0.59330	0.59333			6
2026.05.14	02:35:37.355		0.59334			4
2026.05.14	02:35:48.746	0.59331				2
2026.05.14	02:35:58.059		0.59335			4
2026.05.14	02:36:00.167	0.59331				2
2026.05.14	02:36:10.680		0.59334			4
2026.05.14	02:36:26.612		0.59335			4
2026.05.14	02:36:26.909	0.59332				2
2026.05.14	02:36:28.113	0.59331				2
2026.05.14	02:36:38.195	0.59332				2
2026.05.14	02:36:46.919	0.59331	0.59334			6
2026.05.14	02:36:47.219	0.59332	0.59335			6
2026.05.14	02:37:00.157	0.59332				2
2026.05.14	02:37:10.373	0.59333				2
2026.05.14	02:37:38.349	0.59332	0.59334			6
2026.05.14	02:37:38.649	0.59333	0.59335			6
2026.05.14	02:37:38.949	0.59332	0.59334			6
2026.05.14	02:37:48.574	0.59334	0.59336			6
2026.05.14	02:37:53.378	0.59333	0.59335			6
2026.05.14	02:38:00.292	0.59333				2
2026.05.14	02:38:22.254	0.59334				2
2026.05.14	02:38:22.554	0.59335	0.59336			6
2026.05.14	02:38:22.854	0.59336	0.59337			6
2026.05.14	02:38:23.454	0.59335	0.59338			6
2026.05.14	02:38:32.194	0.59336				2
2026.05.14	02:38:37.012		0.59337			4
2026.05.14	02:38:37.313	0.59334	0.59336			6
2026.05.14	02:38:37.615	0.59333	0.59335			6
2026.05.14	02:38:38.216		0.59336			4
2026.05.14	02:38:41.526	0.59332	0.59335			6
2026.05.14	02:38:45.134	0.59333	0.59336			6
2026.05.14	02:38:53.853	0.59332	0.59335			6
2026.05.14	02:39:00.161	0.59332				2
2026.05.14	02:39:00.461	0.59333				2
2026.05.14	02:39:19.407	0.59332	0.59334			6
2026.05.14	02:39:20.610	0.59333	0.59335			6
2026.05.14	02:39:31.435	0.59332	0.59334			6
2026.05.14	02:39:31.735	0.59330	0.59332			6
2026.05.14	02:39:32.336	0.59328	0.59331			6
2026.05.14	02:39:35.639	0.59327	0.59330			6
2026.05.14	02:39:35.940	0.59326	0.59329			6
2026.05.14	02:39:36.543	0.59327	0.59330			6
2026.05.14	02:40:00.283	0.59327				2
2026.05.14	02:40:06.295	0.59328				2
2026.05.14	02:40:29.459	0.59329	0.59331			6
2026.05.14	02:40:29.758	0.59330	0.59332			6
2026.05.14	02:40:30.060	0.59331	0.59333			6
2026.05.14	02:40:30.360	0.59330				2
2026.05.14	02:40:30.961	0.59328	0.59330			6
2026.05.14	02:40:31.260	0.59326				2
2026.05.14	02:40:32.763		0.59327			4
2026.05.14	02:40:33.064	0.59322	0.59326			6
2026.05.14	02:40:38.930		0.59325			4
2026.05.14	02:40:39.534		0.59326			4
2026.05.14	02:40:39.835	0.59323				2
2026.05.14	02:40:43.747	0.59322				2
2026.05.14	02:40:47.446	0.59321	0.59325			6
2026.05.14	02:40:48.046	0.59322	0.59326			6
2026.05.14	02:40:52.852	0.59321	0.59325			6
2026.05.14	02:40:54.053	0.59322	0.59326			6
2026.05.14	02:41:00.220	0.59322				2
2026.05.14	02:41:00.521	0.59323	0.59327			6
2026.05.14	02:41:04.277	0.59322	0.59326			6
2026.05.14	02:41:05.478	0.59323				2
2026.05.14	02:41:25.500		0.59327			4
2026.05.14	02:41:26.483	0.59322	0.59326			6
2026.05.14	02:41:27.382	0.59323				2
2026.05.14	02:41:27.682	0.59322				2
2026.05.14	02:41:30.994	0.59323				2
2026.05.14	02:41:35.812	0.59322				2
2026.05.14	02:41:37.015	0.59323				2
2026.05.14	02:41:38.822	0.59322				2
2026.05.14	02:41:39.122	0.59323				2
2026.05.14	02:41:39.422		0.59327			4
2026.05.14	02:41:41.825		0.59326			4
2026.05.14	02:41:42.126		0.59327			4
2026.05.14	02:41:43.327		0.59326			4
2026.05.14	02:41:44.228	0.59325				2
2026.05.14	02:41:44.528		0.59328			4
2026.05.14	02:41:46.333		0.59329			4
2026.05.14	02:41:52.648	0.59326	0.59330			6
2026.05.14	02:42:00.186	0.59326	0.59329			6
2026.05.14	02:42:10.412	0.59325	0.59328			6
2026.05.14	02:42:20.037	0.59323	0.59326			6
2026.05.14	02:42:20.638	0.59324				2
2026.05.14	02:42:31.161	0.59325				2
2026.05.14	02:42:31.462	0.59322	0.59325			6
2026.05.14	02:42:32.362	0.59321	0.59324			6
2026.05.14	02:42:33.262	0.59320	0.59323			6
2026.05.14	02:42:58.225	0.59321				2
2026.05.14	02:43:00.034	0.59321				2
2026.05.14	02:43:19.562	0.59319	0.59321			6
2026.05.14	02:43:21.666	0.59321	0.59323			6
2026.05.14	02:43:23.170	0.59320				2
2026.05.14	02:43:27.376	0.59321				2
2026.05.14	02:43:36.104	0.59322	0.59324			6
2026.05.14	02:43:55.356	0.59323	0.59325			6
2026.05.14	02:43:55.656	0.59324	0.59326			6
2026.05.14	02:44:00.165	0.59324				2
2026.05.14	02:44:16.710	0.59323	0.59325			6
2026.05.14	02:44:17.612	0.59324	0.59326			6
2026.05.14	02:44:20.324	0.59323	0.59325			6
2026.05.14	02:44:31.451	0.59324				2
2026.05.14	02:44:32.655	0.59323				2
2026.05.14	02:44:34.159	0.59324				2
2026.05.14	02:44:45.883	0.59323				2
2026.05.14	02:44:46.184	0.59324				2
2026.05.14	02:44:52.808	0.59323	0.59324			6
2026.05.14	02:44:53.112	0.59324	0.59325			6
2026.05.14	02:45:00.031	0.59324				2
2026.05.14	02:45:01.837	0.59323				2
2026.05.14	02:45:09.956	0.59324				2
2026.05.14	02:45:10.257	0.59323	0.59324			6
2026.05.14	02:45:12.959	0.59322				2
2026.05.14	02:45:14.161	0.59324	0.59325			6
2026.05.14	02:45:18.069	0.59325	0.59326			6
2026.05.14	02:45:19.573	0.59326	0.59327			6
2026.05.14	02:45:19.873	0.59327	0.59329			6
2026.05.14	02:45:20.173		0.59328			4
2026.05.14	02:45:20.474		0.59329			4
2026.05.14	02:45:20.773	0.59328	0.59330			6
2026.05.14	02:45:21.073	0.59329	0.59331			6
2026.05.14	02:45:21.374	0.59328				2
2026.05.14	02:45:22.878	0.59330	0.59332			6
2026.05.14	02:45:23.480		0.59333			4
2026.05.14	02:45:31.291	0.59331	0.59334			6
2026.05.14	02:45:34.603		0.59332			4
2026.05.14	02:45:34.902	0.59330				2
2026.05.14	02:45:37.006		0.59333			4
2026.05.14	02:45:41.520		0.59332			4
2026.05.14	02:45:41.821		0.59333			4
2026.05.14	02:45:43.923		0.59332			4
2026.05.14	02:45:44.523	0.59327	0.59330			6
2026.05.14	02:45:45.425	0.59326				2
2026.05.14	02:45:46.029	0.59327				2
2026.05.14	02:45:47.839	0.59326				2
2026.05.14	02:46:00.162	0.59326				2
2026.05.14	02:46:03.083	0.59325	0.59329			6
2026.05.14	02:46:03.385		0.59328			4
2026.05.14	02:46:04.288		0.59329			4
2026.05.14	02:46:05.418		0.59328			4
2026.05.14	02:46:07.830		0.59329			4
2026.05.14	02:46:08.738		0.59328			4
2026.05.14	02:46:09.035		0.59329			4
2026.05.14	02:46:11.023	0.59326	0.59330			6
2026.05.14	02:46:11.325	0.59327	0.59331			6
2026.05.14	02:46:15.836	0.59326	0.59330			6
2026.05.14	02:46:18.241	0.59327	0.59331			6
2026.05.14	02:46:26.957		0.59330			4
2026.05.14	02:46:27.860		0.59331			4
2026.05.14	02:46:36.278		0.59330			4
2026.05.14	02:46:48.320	0.59326	0.59329			6
2026.05.14	02:46:53.736	0.59327				2
2026.05.14	02:47:00.043	0.59327				2
2026.05.14	02:47:13.868		0.59328			4
2026.05.14	02:47:14.168	0.59322	0.59325			6
2026.05.14	02:47:14.468	0.59321				2
2026.05.14	02:47:25.746	0.59323	0.59326			6
2026.05.14	02:47:26.949	0.59324				2
2026.05.14	02:47:27.250	0.59323				2
2026.05.14	02:47:28.590	0.59324				2
2026.05.14	02:47:28.891	0.59323				2
2026.05.14	02:47:30.570	0.59325				2
2026.05.14	02:47:30.870	0.59323				2
2026.05.14	02:47:31.473	0.59324				2
2026.05.14	02:47:35.380		0.59327			4
2026.05.14	02:47:36.881	0.59323	0.59324			6
2026.05.14	02:47:37.181	0.59322	0.59325			6
2026.05.14	02:47:38.082	0.59320	0.59324			6
2026.05.14	02:47:42.323	0.59322				2
2026.05.14	02:47:42.625	0.59320				2
2026.05.14	02:47:42.927	0.59322				2
2026.05.14	02:47:43.228	0.59320				2
2026.05.14	02:47:43.530	0.59323				2
2026.05.14	02:47:43.830	0.59320				2
2026.05.14	02:47:44.132	0.59323				2
2026.05.14	02:47:45.034	0.59321				2
2026.05.14	02:47:45.636	0.59323				2
2026.05.14	02:47:45.938	0.59321				2
2026.05.14	02:47:47.139	0.59320				2
2026.05.14	02:47:59.768		0.59322			4
2026.05.14	02:48:00.069	0.59316	0.59320			6
2026.05.14	02:48:00.369	0.59317				2
2026.05.14	02:48:07.580	0.59316				2
2026.05.14	02:48:12.272	0.59317				2
2026.05.14	02:48:15.575	0.59316				2
2026.05.14	02:48:21.586		0.59319			4
2026.05.14	02:48:30.908	0.59315				2
2026.05.14	02:48:32.847	0.59311	0.59314			6
2026.05.14	02:48:44.436	0.59308	0.59310			6
2026.05.14	02:48:44.736	0.59307				2
2026.05.14	02:48:45.036	0.59308				2
2026.05.14	02:48:46.971		0.59311			4
2026.05.14	02:48:47.271	0.59306	0.59310			6
2026.05.14	02:48:47.572		0.59309			4
2026.05.14	02:48:57.787		0.59310			4
2026.05.14	02:48:58.389	0.59307	0.59311			6
2026.05.14	02:49:00.195	0.59307				2
2026.05.14	02:49:01.100		0.59310			4
2026.05.14	02:49:03.506	0.59306				2
2026.05.14	02:49:08.449		0.59309			4
2026.05.14	02:49:09.349		0.59310			4
2026.05.14	02:49:11.821		0.59308			4
2026.05.14	02:49:12.123		0.59309			4
2026.05.14	02:49:12.422		0.59310			4
2026.05.14	02:49:13.947	0.59307				2
2026.05.14	02:49:14.848	0.59306				2
2026.05.14	02:49:15.148	0.59308				2
2026.05.14	02:49:15.449		0.59311			4
2026.05.14	02:49:18.272	0.59309				2
2026.05.14	02:49:18.573	0.59308				2
2026.05.14	02:49:18.873	0.59307				2
2026.05.14	02:49:20.377	0.59308	0.59312			6
2026.05.14	02:49:24.280	0.59307	0.59311			6
2026.05.14	02:49:24.580	0.59308				2
2026.05.14	02:49:26.985	0.59307				2
2026.05.14	02:49:28.835		0.59310			4
2026.05.14	02:49:29.136	0.59306				2
2026.05.14	02:49:29.435	0.59307				2
2026.05.14	02:49:34.844	0.59306				2
2026.05.14	02:49:43.184	0.59307				2
2026.05.14	02:49:44.690	0.59306				2
2026.05.14	02:49:49.164	0.59307				2
2026.05.14	02:49:49.464	0.59306				2
2026.05.14	02:49:53.036	0.59313	0.59316			6
2026.05.14	02:49:53.335	0.59314				2
2026.05.14	02:50:00.254	0.59314				2
2026.05.14	02:50:00.554		0.59317			4
2026.05.14	02:50:05.359	0.59313				2
2026.05.14	02:50:05.658		0.59316			4
2026.05.14	02:50:05.961	0.59315	0.59318			6
2026.05.14	02:50:06.259		0.59319			4
2026.05.14	02:50:11.313	0.59316				2
2026.05.14	02:50:17.642	0.59313	0.59316			6
2026.05.14	02:50:22.151		0.59317			4
2026.05.14	02:50:23.052	0.59314				2
2026.05.14	02:50:23.352	0.59313				2
2026.05.14	02:50:23.653	0.59314	0.59318			6
2026.05.14	02:50:35.370	0.59315	0.59319			6
2026.05.14	02:50:52.736	0.59316	0.59320			6
2026.05.14	02:50:59.655	0.59317				2
2026.05.14	02:51:00.256	0.59317				2
2026.05.14	02:51:01.157	0.59314	0.59317			6
2026.05.14	02:51:01.457		0.59318			4
2026.05.14	02:51:01.758		0.59317			4
2026.05.14	02:51:06.869	0.59315	0.59318			6
2026.05.14	02:51:07.470		0.59319			4
2026.05.14	02:51:11.866	0.59316				2
2026.05.14	02:51:12.166	0.59315				2
2026.05.14	02:51:12.814	0.59316				2
2026.05.14	02:51:13.715	0.59315				2
2026.05.14	02:51:14.015		0.59317			4
2026.05.14	02:51:14.316	0.59314	0.59318			6
2026.05.14	02:51:17.328	0.59313	0.59317			6
2026.05.14	02:51:17.629	0.59314	0.59318			6
2026.05.14	02:51:20.336	0.59313	0.59317			6
2026.05.14	02:51:22.441	0.59314	0.59318			6
2026.05.14	02:51:27.855		0.59317			4
2026.05.14	02:51:28.156		0.59318			4
2026.05.14	02:51:35.380	0.59315				2
2026.05.14	02:51:36.437	0.59314				2
2026.05.14	02:51:37.370	0.59315				2
2026.05.14	02:51:50.641	0.59314				2
2026.05.14	02:51:52.008	0.59315				2
2026.05.14	02:51:53.110	0.59314				2
2026.05.14	02:52:00.236	0.59314				2
2026.05.14	02:52:00.930		0.59316			4
2026.05.14	02:52:01.230	0.59312				2
2026.05.14	02:52:01.531	0.59311	0.59315			6
2026.05.14	02:52:02.434	0.59312	0.59316			6
2026.05.14	02:52:10.245	0.59313	0.59317			6
2026.05.14	02:52:18.061	0.59312	0.59316			6
2026.05.14	02:52:32.480		0.59315			4
2026.05.14	02:52:32.780		0.59316			4
2026.05.14	02:52:36.082		0.59315			4
2026.05.14	02:52:36.383	0.59311	0.59313			6
2026.05.14	02:52:36.683		0.59314			4
2026.05.14	02:52:36.983	0.59310				2
2026.05.14	02:52:38.507	0.59306	0.59310			6
2026.05.14	02:52:38.807	0.59305	0.59309			6
2026.05.14	02:52:39.709		0.59308			4
2026.05.14	02:52:40.010	0.59304				2
2026.05.14	02:52:42.117	0.59305	0.59309			6
2026.05.14	02:52:47.947	0.59306				2
2026.05.14	02:52:48.248	0.59305				2
2026.05.14	02:52:51.007	0.59304	0.59307			6
2026.05.14	02:52:51.308	0.59305	0.59308			6
2026.05.14	02:52:53.640		0.59307			4
2026.05.14	02:52:54.931		0.59308			4
2026.05.14	02:52:55.533		0.59309			4
2026.05.14	02:52:59.821	0.59307	0.59310			6
2026.05.14	02:53:00.121	0.59308	0.59312			6
2026.05.14	02:53:01.932	0.59309	0.59313			6
2026.05.14	02:53:03.861		0.59311			4
2026.05.14	02:53:04.163		0.59313			4
2026.05.14	02:53:06.044	0.59308	0.59311			6
2026.05.14	02:53:06.344	0.59309	0.59312			6
2026.05.14	02:53:06.645		0.59313			4
2026.05.14	02:53:07.846	0.59310				2
2026.05.14	02:53:08.146	0.59309				2
2026.05.14	02:53:08.448	0.59310				2
2026.05.14	02:53:08.749		0.59314			4
2026.05.14	02:53:10.397	0.59311	0.59315			6
2026.05.14	02:53:11.600	0.59312				2
2026.05.14	02:53:38.865	0.59313				2
2026.05.14	02:53:40.666	0.59312				2
2026.05.14	02:53:54.191	0.59314				2
2026.05.14	02:53:54.492	0.59313	0.59317			6
2026.05.14	02:53:55.619	0.59314				2
2026.05.14	02:53:55.919	0.59315	0.59318			6
2026.05.14	02:54:00.906	0.59315				2
2026.05.14	02:54:10.365	0.59311	0.59315			6
2026.05.14	02:54:10.667		0.59314			4
2026.05.14	02:54:13.073	0.59312	0.59315			6
2026.05.14	02:54:18.480		0.59314			4
2026.05.14	02:54:19.083		0.59315			4
2026.05.14	02:54:19.386		0.59314			4
2026.05.14	02:54:19.987		0.59315			4
2026.05.14	02:54:21.192	0.59311				2
2026.05.14	02:54:21.493		0.59314			4
2026.05.14	02:54:21.793		0.59315			4
2026.05.14	02:54:26.598	0.59312				2
2026.05.14	02:54:34.276		0.59316			4
2026.05.14	02:54:36.483	0.59310	0.59314			6
2026.05.14	02:54:37.599	0.59311				2
2026.05.14	02:54:42.270	0.59310				2
2026.05.14	02:54:43.958		0.59313			4
2026.05.14	02:54:51.169	0.59309	0.59311			6
2026.05.14	02:54:51.469	0.59308				2
2026.05.14	02:54:53.822	0.59309				2
2026.05.14	02:55:00.122	0.59308				2
2026.05.14	02:55:00.723		0.59310			4
2026.05.14	02:55:01.624		0.59311			4
2026.05.14	02:55:01.924	0.59307	0.59310			6
2026.05.14	02:55:02.526		0.59311			4
2026.05.14	02:55:20.792	0.59308				2
2026.05.14	02:55:21.393	0.59306	0.59309			6
2026.05.14	02:55:21.692	0.59305				2
2026.05.14	02:55:27.343		0.59308			4
2026.05.14	02:55:30.959		0.59309			4
2026.05.14	02:55:31.259	0.59303	0.59306			6
2026.05.14	02:55:31.560		0.59307			4
2026.05.14	02:55:31.860		0.59306			4
2026.05.14	02:55:32.764	0.59304	0.59307			6
2026.05.14	02:55:33.067		0.59308			4
2026.05.14	02:55:34.004		0.59307			4
2026.05.14	02:55:37.315	0.59306	0.59310			6
2026.05.14	02:55:37.615	0.59305	0.59309			6
2026.05.14	02:55:38.216	0.59306				2
2026.05.14	02:55:38.821		0.59310			4
2026.05.14	02:55:50.886	0.59308	0.59311			6
2026.05.14	02:55:51.187	0.59307				2
2026.05.14	02:55:52.059		0.59310			4
2026.05.14	02:55:54.462		0.59309			4
2026.05.14	02:55:58.371	0.59304	0.59308			6
2026.05.14	02:55:59.482	0.59305				2
2026.05.14	02:56:01.894	0.59305				2
2026.05.14	02:56:02.194	0.59304	0.59307			6
2026.05.14	02:56:04.307	0.59302	0.59306			6
2026.05.14	02:56:04.609	0.59301	0.59305			6
2026.05.14	02:56:04.909	0.59302				2
2026.05.14	02:56:10.320		0.59306			4
2026.05.14	02:56:14.130		0.59305			4
2026.05.14	02:56:15.283	0.59300	0.59303			6
2026.05.14	02:56:15.584		0.59302			4
2026.05.14	02:56:15.883		0.59304			4
2026.05.14	02:56:22.264	0.59301	0.59305			6
2026.05.14	02:56:25.817		0.59304			4
2026.05.14	02:56:29.429	0.59302				2
2026.05.14	02:56:31.536		0.59306			4
2026.05.14	02:56:33.385		0.59305			4
2026.05.14	02:56:38.500		0.59306			4
2026.05.14	02:56:40.447	0.59303	0.59307			6
2026.05.14	02:56:40.747	0.59304	0.59308			6
2026.05.14	02:56:41.347		0.59307			4
2026.05.14	02:56:43.753	0.59305	0.59308			6
2026.05.14	02:56:44.053	0.59304				2
2026.05.14	02:56:44.353	0.59305				2
2026.05.14	02:56:44.954		0.59309			4
2026.05.14	02:56:45.771	0.59306				2
2026.05.14	02:56:52.910	0.59307	0.59310			6
2026.05.14	02:56:53.210		0.59311			4
2026.05.14	02:56:54.489		0.59310			4
2026.05.14	02:56:54.791	0.59306				2
2026.05.14	02:56:57.366	0.59305	0.59308			6
2026.05.14	02:57:00.824	0.59305				2
2026.05.14	02:57:01.424	0.59304				2
2026.05.14	02:57:02.629		0.59307			4
2026.05.14	02:57:02.929	0.59305				2
2026.05.14	02:57:03.530	0.59304				2
2026.05.14	02:57:05.092		0.59306			4
2026.05.14	02:57:05.392	0.59302				2
2026.05.14	02:57:05.693	0.59303				2
2026.05.14	02:57:05.996		0.59307			4
2026.05.14	02:57:06.298	0.59304				2
2026.05.14	02:57:16.268		0.59308			4
2026.05.14	02:57:21.371		0.59307			4
2026.05.14	02:57:21.668	0.59303				2
2026.05.14	02:57:25.230		0.59306			4
2026.05.14	02:57:25.831		0.59307			4
2026.05.14	02:57:30.201		0.59306			4
2026.05.14	02:57:34.406	0.59302				2
2026.05.14	02:57:36.936	0.59303				2
2026.05.14	02:57:42.048		0.59307			4
2026.05.14	02:57:46.373	0.59302	0.59306			6
2026.05.14	02:57:47.222	0.59303				2
2026.05.14	02:57:50.030		0.59305			4
2026.05.14	02:57:50.330	0.59302	0.59306			6
2026.05.14	02:57:53.091	0.59303	0.59307			6
2026.05.14	02:57:57.122	0.59305	0.59308			6
2026.05.14	02:57:57.723		0.59309			4
2026.05.14	02:57:58.328	0.59306				2
2026.05.14	02:58:00.135	0.59306				2
2026.05.14	02:58:01.638		0.59310			4
2026.05.14	02:58:08.153	0.59307				2
2026.05.14	02:58:08.452	0.59306				2
2026.05.14	02:58:10.476		0.59309			4
2026.05.14	02:58:23.406	0.59307				2
2026.05.14	02:58:26.412	0.59305	0.59308			6
2026.05.14	02:58:30.329	0.59306				2
2026.05.14	02:58:30.629		0.59309			4
2026.05.14	02:58:37.848	0.59307				2
2026.05.14	02:58:41.454		0.59310			4
2026.05.14	02:58:49.861	0.59306	0.59309			6
2026.05.14	02:58:58.279		0.59308			4
2026.05.14	02:59:00.080	0.59306				2
2026.05.14	02:59:02.489	0.59305	0.59307			6
2026.05.14	02:59:03.691	0.59306				2
2026.05.14	02:59:03.993		0.59308			4
2026.05.14	02:59:05.495	0.59305	0.59307			6
2026.05.14	02:59:06.397	0.59307	0.59309			6
2026.05.14	02:59:07.301		0.59310			4
2026.05.14	02:59:07.902	0.59306	0.59309			6
2026.05.14	02:59:13.327	0.59305	0.59308			6
2026.05.14	02:59:13.628	0.59306	0.59309			6
2026.05.14	02:59:13.928	0.59305	0.59308			6
2026.05.14	02:59:18.139	0.59306				2
2026.05.14	02:59:18.439		0.59309			4
2026.05.14	02:59:23.253	0.59307				2
2026.05.14	02:59:38.572	0.59308	0.59310			6
2026.05.14	02:59:43.978	0.59306	0.59308			6
2026.05.14	02:59:45.483	0.59307	0.59309			6
2026.05.14	03:00:00.228	0.59307				2
2026.05.14	03:00:00.527	0.59310	0.59311			6
2026.05.14	03:00:00.824	0.59312	0.59314			6
2026.05.14	03:00:01.125	0.59315	0.59317			6
2026.05.14	03:00:01.424		0.59318			4
2026.05.14	03:00:02.024	0.59314	0.59317			6
2026.05.14	03:00:04.728	0.59313	0.59316			6
2026.05.14	03:00:05.028	0.59312				2
2026.05.14	03:00:05.630		0.59315			4
2026.05.14	03:00:05.929		0.59316			4
2026.05.14	03:00:06.530	0.59310	0.59314			6
2026.05.14	03:00:08.636		0.59313			4
2026.05.14	03:00:08.936		0.59314			4
2026.05.14	03:00:10.136	0.59311				2
2026.05.14	03:00:10.436	0.59310				2
2026.05.14	03:00:10.738		0.59313			4
2026.05.14	03:00:11.082		0.59314			4
2026.05.14	03:00:13.138		0.59313			4
2026.05.14	03:00:14.639		0.59314			4
2026.05.14	03:00:16.442	0.59311				2
2026.05.14	03:00:17.645	0.59310				2
2026.05.14	03:00:19.156		0.59313			4
2026.05.14	03:00:19.756	0.59309	0.59310			6
2026.05.14	03:00:20.057	0.59307	0.59309			6
2026.05.14	03:00:20.357	0.59306				2
2026.05.14	03:00:20.958	0.59305				2
2026.05.14	03:00:21.860	0.59306				2
2026.05.14	03:00:23.061	0.59305				2
2026.05.14	03:00:23.974	0.59306				2
2026.05.14	03:00:24.275		0.59310			4
2026.05.14	03:00:28.256		0.59309			4
2026.05.14	03:00:32.161	0.59305				2
2026.05.14	03:00:33.186	0.59306				2
2026.05.14	03:00:34.387		0.59310			4
2026.05.14	03:00:37.121	0.59307				2
2026.05.14	03:00:38.785		0.59309			4
2026.05.14	03:00:40.586	0.59306	0.59310			6
2026.05.14	03:00:41.249		0.59309			4
