<DATE>	<TIME>	<BID>	<ASK>	<LAST>	<VOLUME>	<FLAGS>
2026.01.09	00:03:31.400	0.57472	0.57558			6
2026.01.09	00:04:00.070	0.57472				2
2026.01.09	00:04:31.719		0.57558			4
2026.01.09	00:04:54.587	0.57502				2
2026.01.09	00:04:54.936	0.57472				2
2026.01.09	00:04:55.238	0.57502				2
2026.01.09	00:04:55.541	0.57472				2
2026.01.09	00:04:55.890	0.57502				2
2026.01.09	00:04:56.202	0.57472				2
2026.01.09	00:04:56.544	0.57502				2
2026.01.09	00:04:56.847	0.57472				2
2026.01.09	00:04:57.150	0.57502				2
2026.01.09	00:04:57.481	0.57472				2
2026.01.09	00:05:00.012	0.57472				2
2026.01.09	00:05:31.923		0.57558			4
2026.01.09	00:06:00.170	0.57472				2
2026.01.09	00:06:31.987		0.57558			4
2026.01.09	00:07:00.083	0.57472				2
2026.01.09	00:07:32.265		0.57558			4
2026.01.09	00:07:53.608	0.57477				2
2026.01.09	00:08:00.088	0.57477				2
2026.01.09	00:08:01.736	0.57469	0.57553			6
2026.01.09	00:08:03.338		0.57549			4
2026.01.09	00:08:05.141		0.57553			4
2026.01.09	00:08:18.218	0.57455	0.57534			6
2026.01.09	00:09:00.208	0.57455				2
2026.01.09	00:09:04.716	0.57450	0.57524			6
2026.01.09	00:09:13.448	0.57452				2
2026.01.09	00:10:00.315	0.57452				2
2026.01.09	00:10:04.787		0.57524			4
2026.01.09	00:10:12.512		0.57525			4
2026.01.09	00:11:00.046	0.57452				2
2026.01.09	00:11:06.164		0.57524			4
2026.01.09	00:11:06.770		0.57525			4
2026.01.09	00:11:07.767		0.57524			4
2026.01.09	00:11:12.889		0.57525			4
2026.01.09	00:11:13.844		0.57524			4
2026.01.09	00:11:19.011		0.57525			4
2026.01.09	00:11:20.268		0.57524			4
2026.01.09	00:11:25.436		0.57525			4
2026.01.09	00:11:26.390		0.57524			4
2026.01.09	00:11:31.865		0.57525			4
2026.01.09	00:11:32.865		0.57524			4
2026.01.09	00:11:34.217		0.57525			4
2026.01.09	00:11:34.522	0.57464	0.57537			6
2026.01.09	00:11:35.476	0.57465				2
2026.01.09	00:11:53.149		0.57533			4
2026.01.09	00:12:00.221	0.57465				2
2026.01.09	00:12:24.914		0.57534			4
2026.01.09	00:12:48.051		0.57533			4
2026.01.09	00:12:53.170		0.57534			4
2026.01.09	00:13:00.245	0.57465				2
2026.01.09	00:13:53.293		0.57534			4
2026.01.09	00:14:00.019	0.57465				2
2026.01.09	00:14:35.998		0.57533			4
2026.01.09	00:15:00.089	0.57465				2
2026.01.09	00:15:01.043		0.57534			4
2026.01.09	00:15:37.687		0.57533			4
2026.01.09	00:16:00.161	0.57465				2
2026.01.09	00:16:09.147		0.57532			4
2026.01.09	00:16:13.312		0.57533			4
2026.01.09	00:16:18.787		0.57532			4
2026.01.09	00:16:19.089		0.57533			4
2026.01.09	00:16:26.515		0.57532			4
2026.01.09	00:16:28.074		0.57534			4
2026.01.09	00:16:28.415		0.57533			4
2026.01.09	00:16:35.141		0.57534			4
2026.01.09	00:16:36.141		0.57535			4
2026.01.09	00:16:36.747		0.57536			4
2026.01.09	00:16:43.228		0.57535			4
2026.01.09	00:16:57.376		0.57536			4
2026.01.09	00:16:57.680		0.57535			4
2026.01.09	00:16:58.679		0.57536			4
2026.01.09	00:17:00.285	0.57465				2
2026.01.09	00:17:01.891		0.57535			4
2026.01.09	00:17:02.547		0.57536			4
2026.01.09	00:17:08.347		0.57535			4
2026.01.09	00:17:08.667		0.57536			4
2026.01.09	00:17:08.970		0.57535			4
2026.01.09	00:17:09.969		0.57536			4
2026.01.09	00:17:12.181		0.57537			4
2026.01.09	00:17:16.693		0.57536			4
2026.01.09	00:17:18.951		0.57537			4
2026.01.09	00:17:19.253		0.57536			4
2026.01.09	00:17:34.399		0.57535			4
2026.01.09	00:17:35.051		0.57536			4
2026.01.09	00:17:37.917		0.57535			4
2026.01.09	00:17:39.223		0.57536			4
2026.01.09	00:17:46.297		0.57535			4
2026.01.09	00:17:59.139		0.57536			4
2026.01.09	00:17:59.790		0.57535			4
2026.01.09	00:18:00.093	0.57465				2
2026.01.09	00:18:09.072		0.57536			4
2026.01.09	00:18:09.382		0.57535			4
2026.01.09	00:18:19.355		0.57536			4
2026.01.09	00:18:19.704		0.57535			4
2026.01.09	00:18:31.556		0.57536			4
2026.01.09	00:18:33.162		0.57535			4
2026.01.09	00:18:38.329		0.57537			4
2026.01.09	00:18:41.193		0.57535			4
2026.01.09	00:18:42.798		0.57537			4
2026.01.09	00:18:50.832	0.57457	0.57534			6
2026.01.09	00:18:53.740	0.57460	0.57532			6
2026.01.09	00:19:00.160	0.57460				2
2026.01.09	00:19:29.468		0.57531			4
2026.01.09	00:19:38.240		0.57533			4
2026.01.09	00:19:48.274		0.57531			4
2026.01.09	00:19:50.181		0.57532			4
2026.01.09	00:20:00.167	0.57460				2
2026.01.09	00:20:00.469	0.57438				2
2026.01.09	00:20:13.831		0.57531			4
2026.01.09	00:20:14.342	0.57461				2
2026.01.09	00:20:14.662	0.57438				2
2026.01.09	00:20:14.979	0.57461				2
2026.01.09	00:20:15.302	0.57443				2
2026.01.09	00:20:15.628	0.57461				2
2026.01.09	00:20:15.973	0.57443				2
2026.01.09	00:20:16.920	0.57461				2
2026.01.09	00:20:17.263	0.57443				2
2026.01.09	00:20:17.565	0.57461				2
2026.01.09	00:20:17.890	0.57443				2
2026.01.09	00:20:21.007		0.57530			4
2026.01.09	00:20:24.961	0.57444	0.57531			6
2026.01.09	00:20:25.818	0.57446				2
2026.01.09	00:20:30.401		0.57530			4
2026.01.09	00:20:39.487		0.57531			4
2026.01.09	00:20:48.343		0.57534			4
2026.01.09	00:20:58.337		0.57531			4
2026.01.09	00:21:02.819	0.57445	0.57529			6
2026.01.09	00:21:06.680	0.57446				2
2026.01.09	00:21:15.618	0.57442	0.57534			6
2026.01.09	00:21:16.461	0.57433				2
2026.01.09	00:21:30.292	0.57435				2
2026.01.09	00:21:31.668	0.57436				2
2026.01.09	00:21:40.537		0.57532			4
2026.01.09	00:21:41.294	0.57434				2
2026.01.09	00:21:50.425	0.57436				2
2026.01.09	00:22:00.410	0.57434				2
2026.01.09	00:22:24.140		0.57533			4
2026.01.09	00:22:32.059	0.57433				2
2026.01.09	00:22:35.501	0.57434	0.57532			6
2026.01.09	00:22:40.384	0.57433	0.57533			6
2026.01.09	00:23:00.701	0.57433				2
2026.01.09	00:23:27.562	0.57434	0.57532			6
2026.01.09	00:23:43.970	0.57433	0.57533			6
2026.01.09	00:24:00.624	0.57433				2
2026.01.09	00:24:01.599	0.57434				2
2026.01.09	00:24:43.661	0.57433				2
2026.01.09	00:24:45.401	0.57434	0.57533			6
2026.01.09	00:24:57.495	0.57435	0.57532			6
2026.01.09	00:24:59.500		0.57531			4
2026.01.09	00:25:00.334	0.57435				2
2026.01.09	00:25:02.543	0.57434	0.57532			6
2026.01.09	00:25:14.112	0.57435				2
2026.01.09	00:25:16.003		0.57531			4
2026.01.09	00:25:53.970	0.57436	0.57530			6
2026.01.09	00:25:57.516	0.57433	0.57523			6
2026.01.09	00:26:00.304	0.57433				2
2026.01.09	00:26:03.525	0.57436				2
2026.01.09	00:26:07.000		0.57524			4
2026.01.09	00:26:07.765	0.57437				2
2026.01.09	00:26:12.007	0.57436				2
2026.01.09	00:26:13.201	0.57434				2
2026.01.09	00:26:15.411	0.57436				2
2026.01.09	00:26:15.733	0.57439				2
2026.01.09	00:26:16.452	0.57440				2
2026.01.09	00:26:18.571	0.57441				2
2026.01.09	00:26:21.650	0.57433				2
2026.01.09	00:27:01.901	0.57433				2
2026.01.09	00:27:07.540		0.57524			4
2026.01.09	00:28:00.242	0.57433				2
2026.01.09	00:28:10.601		0.57524			4
2026.01.09	00:29:00.807	0.57433				2
2026.01.09	00:29:11.502		0.57524			4
2026.01.09	00:29:33.175		0.57523			4
2026.01.09	00:29:39.293		0.57521			4
2026.01.09	00:29:43.321		0.57520			4
2026.01.09	00:29:48.772	0.57434	0.57519			6
2026.01.09	00:30:02.111	0.57434	0.57518			6
2026.01.09	00:30:03.413		0.57517			4
2026.01.09	00:30:07.641		0.57518			4
2026.01.09	00:30:12.226		0.57517			4
2026.01.09	00:30:16.763	0.57449				2
2026.01.09	00:30:17.500		0.57516			4
2026.01.09	00:30:22.902		0.57517			4
2026.01.09	00:30:23.845		0.57519			4
2026.01.09	00:30:24.773	0.57452				2
2026.01.09	00:31:00.106	0.57452				2
2026.01.09	00:31:02.801		0.57518			4
2026.01.09	00:31:04.901		0.57519			4
2026.01.09	00:31:07.301		0.57518			4
2026.01.09	00:31:14.499		0.57519			4
2026.01.09	00:31:15.114	0.57455				2
2026.01.09	00:31:18.534		0.57518			4
2026.01.09	00:31:18.854	0.57454				2
2026.01.09	00:31:30.310		0.57514			4
2026.01.09	00:31:30.672	0.57449				2
2026.01.09	00:31:36.409	0.57453				2
2026.01.09	00:31:36.939	0.57454				2
2026.01.09	00:31:43.756	0.57455				2
2026.01.09	00:31:57.004	0.57453				2
2026.01.09	00:31:57.305	0.57455				2
2026.01.09	00:32:05.502	0.57455				2
2026.01.09	00:32:14.032	0.57447				2
2026.01.09	00:32:14.470	0.57448				2
2026.01.09	00:32:16.901	0.57453				2
2026.01.09	00:32:30.359		0.57514			4
2026.01.09	00:32:33.486	0.57454				2
2026.01.09	00:32:38.201	0.57455				2
2026.01.09	00:32:40.604		0.57513			4
2026.01.09	00:32:47.876	0.57456				2
2026.01.09	00:32:48.712	0.57450				2
2026.01.09	00:32:52.438	0.57449				2
2026.01.09	00:32:54.709	0.57455				2
2026.01.09	00:32:56.374	0.57456				2
2026.01.09	00:32:56.811	0.57450				2
2026.01.09	00:32:58.340		0.57512			4
2026.01.09	00:32:58.732	0.57451				2
2026.01.09	00:32:59.050	0.57452				2
2026.01.09	00:33:00.401	0.57452	0.57513			6
2026.01.09	00:33:02.201		0.57512			4
2026.01.09	00:33:03.701		0.57513			4
2026.01.09	00:33:10.335		0.57512			4
2026.01.09	00:33:14.069	0.57450				2
2026.01.09	00:33:17.579	0.57452				2
2026.01.09	00:33:22.656	0.57451				2
2026.01.09	00:33:22.982	0.57452				2
2026.01.09	00:33:26.704	0.57450				2
2026.01.09	00:33:32.718	0.57454				2
2026.01.09	00:33:34.002		0.57513			4
2026.01.09	00:33:42.100		0.57512			4
2026.01.09	00:33:50.052	0.57450				2
2026.01.09	00:33:57.233	0.57451				2
2026.01.09	00:34:00.133	0.57454				2
2026.01.09	00:34:05.016		0.57513			4
2026.01.09	00:34:08.337	0.57450	0.57510			6
2026.01.09	00:34:10.600	0.57457				2
2026.01.09	00:34:14.074		0.57511			4
2026.01.09	00:34:14.411	0.57454	0.57512			6
2026.01.09	00:34:17.960	0.57451	0.57511			6
2026.01.09	00:34:28.342	0.57453	0.57512			6
2026.01.09	00:34:33.366	0.57450				2
2026.01.09	00:34:43.643	0.57451				2
2026.01.09	00:34:53.500		0.57513			4
2026.01.09	00:34:55.300	0.57452	0.57512			6
2026.01.09	00:34:58.003		0.57513			4
2026.01.09	00:34:58.338	0.57451	0.57512			6
2026.01.09	00:34:58.737	0.57450				2
2026.01.09	00:34:59.501		0.57511			4
2026.01.09	00:35:00.410	0.57450				2
2026.01.09	00:35:00.720		0.57510			4
2026.01.09	00:35:02.202		0.57511			4
2026.01.09	00:35:08.333	0.57451	0.57512			6
2026.01.09	00:35:15.426	0.57452				2
2026.01.09	00:35:15.753	0.57451				2
2026.01.09	00:35:16.070	0.57452				2
2026.01.09	00:35:18.015	0.57451	0.57513			6
2026.01.09	00:35:18.331	0.57450	0.57512			6
2026.01.09	00:35:18.660		0.57510			4
2026.01.09	00:35:19.244	0.57451				2
2026.01.09	00:35:24.241		0.57511			4
2026.01.09	00:35:28.335	0.57452				2
2026.01.09	00:35:30.104		0.57512			4
2026.01.09	00:35:30.441	0.57453	0.57513			6
2026.01.09	00:35:30.980	0.57460				2
2026.01.09	00:35:31.900		0.57514			4
2026.01.09	00:35:32.389	0.57453				2
2026.01.09	00:35:34.412	0.57457				2
2026.01.09	00:35:34.849		0.57512			4
2026.01.09	00:35:35.801	0.57458	0.57513			6
2026.01.09	00:35:38.201		0.57514			4
2026.01.09	00:35:38.778	0.57459				2
2026.01.09	00:35:40.630	0.57458				2
2026.01.09	00:35:42.595	0.57460				2
2026.01.09	00:35:46.901	0.57461	0.57515			6
2026.01.09	00:35:48.042	0.57460				2
2026.01.09	00:35:49.299		0.57514			4
2026.01.09	00:35:54.149		0.57513			4
2026.01.09	00:35:54.467		0.57512			4
2026.01.09	00:35:55.302		0.57513			4
2026.01.09	00:35:57.405		0.57514			4
2026.01.09	00:36:00.717	0.57460				2
2026.01.09	00:36:03.707		0.57513			4
2026.01.09	00:36:08.801		0.57514			4
2026.01.09	00:36:11.033	0.57459				2
2026.01.09	00:36:11.351	0.57460				2
2026.01.09	00:36:11.670	0.57459				2
2026.01.09	00:36:11.995	0.57460				2
2026.01.09	00:36:18.403		0.57512			4
2026.01.09	00:36:22.657	0.57459				2
2026.01.09	00:36:23.126	0.57462				2
2026.01.09	00:36:25.483	0.57460				2
2026.01.09	00:36:30.354	0.57459				2
2026.01.09	00:36:30.739	0.57460				2
2026.01.09	00:36:33.430		0.57511			4
2026.01.09	00:36:35.337	0.57461	0.57512			6
2026.01.09	00:36:36.710	0.57460				2
2026.01.09	00:36:42.042	0.57459				2
2026.01.09	00:36:42.358	0.57462				2
2026.01.09	00:36:42.686	0.57460				2
2026.01.09	00:36:43.075		0.57513			4
2026.01.09	00:36:52.556	0.57461				2
2026.01.09	00:36:52.878	0.57462				2
2026.01.09	00:36:54.166	0.57459				2
2026.01.09	00:36:54.487	0.57460				2
2026.01.09	00:36:56.512	0.57459	0.57512			6
2026.01.09	00:36:56.892	0.57460				2
2026.01.09	00:36:58.301		0.57513			4
2026.01.09	00:37:00.318	0.57460				2
2026.01.09	00:37:00.700		0.57512			4
2026.01.09	00:37:02.656		0.57513			4
2026.01.09	00:37:02.998	0.57462				2
2026.01.09	00:37:04.309	0.57460				2
2026.01.09	00:37:07.301		0.57512			4
2026.01.09	00:37:16.649		0.57513			4
2026.01.09	00:37:18.101		0.57512			4
2026.01.09	00:37:35.201	0.57459				2
2026.01.09	00:37:35.606	0.57461				2
2026.01.09	00:37:38.723		0.57513			4
2026.01.09	00:37:46.353	0.57462				2
2026.01.09	00:37:46.741	0.57461				2
2026.01.09	00:37:47.054	0.57460				2
2026.01.09	00:37:48.100		0.57512			4
2026.01.09	00:37:49.600		0.57513			4
2026.01.09	00:37:51.702		0.57512			4
2026.01.09	00:37:55.300		0.57513			4
2026.01.09	00:37:58.565	0.57459	0.57512			6
2026.01.09	00:37:58.962	0.57461	0.57513			6
2026.01.09	00:38:00.014	0.57460	0.57512			6
2026.01.09	00:38:02.026	0.57462	0.57509			6
2026.01.09	00:38:03.341	0.57461				2
2026.01.09	00:38:04.002		0.57508			4
2026.01.09	00:38:08.018	0.57459				2
2026.01.09	00:38:08.330	0.57462				2
2026.01.09	00:38:09.393	0.57461				2
2026.01.09	00:38:17.800		0.57507			4
2026.01.09	00:38:19.001		0.57508			4
2026.01.09	00:38:20.862	0.57462	0.57507			6
2026.01.09	00:38:21.182	0.57461				2
2026.01.09	00:38:21.504		0.57508			4
2026.01.09	00:38:22.417	0.57462				2
2026.01.09	00:38:28.336		0.57509			4
2026.01.09	00:38:28.748		0.57508			4
2026.01.09	00:38:29.135	0.57461				2
2026.01.09	00:38:39.682	0.57460				2
2026.01.09	00:38:40.125	0.57461	0.57507			6
2026.01.09	00:38:40.900		0.57506			4
2026.01.09	00:38:42.222		0.57507			4
2026.01.09	00:38:47.744		0.57508			4
2026.01.09	00:38:50.191	0.57462				2
2026.01.09	00:38:52.402	0.57463				2
2026.01.09	00:38:52.862	0.57461				2
2026.01.09	00:38:54.704		0.57507			4
2026.01.09	00:38:57.105		0.57508			4
2026.01.09	00:39:00.321	0.57461				2
2026.01.09	00:39:02.297		0.57511			4
2026.01.09	00:39:02.618		0.57512			4
2026.01.09	00:39:03.313	0.57460				2
2026.01.09	00:39:03.953		0.57510			4
2026.01.09	00:39:04.397	0.57461				2
2026.01.09	00:39:05.342	0.57465	0.57519			6
2026.01.09	00:39:06.458	0.57466	0.57517			6
2026.01.09	00:39:08.202	0.57465	0.57518			6
2026.01.09	00:39:08.934	0.57467				2
2026.01.09	00:39:09.303	0.57470	0.57516			6
2026.01.09	00:39:14.511		0.57517			4
2026.01.09	00:39:16.659	0.57471	0.57518			6
2026.01.09	00:39:18.018	0.57470	0.57516			6
2026.01.09	00:39:24.045	0.57467	0.57518			6
2026.01.09	00:39:25.897		0.57517			4
2026.01.09	00:39:31.246	0.57468	0.57516			6
2026.01.09	00:39:35.202	0.57469				2
2026.01.09	00:39:40.823	0.57468	0.57517			6
2026.01.09	00:39:46.469		0.57516			4
2026.01.09	00:39:50.398	0.57471				2
2026.01.09	00:39:50.704	0.57468				2
2026.01.09	00:39:55.300		0.57517			4
2026.01.09	00:39:57.563		0.57516			4
2026.01.09	00:39:58.287	0.57473				2
2026.01.09	00:40:01.742	0.57473				2
2026.01.09	00:40:07.605	0.57474	0.57517			6
2026.01.09	00:40:09.407		0.57520			4
2026.01.09	00:40:14.007	0.57472	0.57518			6
2026.01.09	00:40:15.684	0.57473	0.57520			6
2026.01.09	00:40:16.303		0.57519			4
2026.01.09	00:40:19.058		0.57520			4
2026.01.09	00:40:25.032	0.57472	0.57517			6
2026.01.09	00:40:25.353		0.57519			4
2026.01.09	00:40:39.012	0.57473	0.57518			6
2026.01.09	00:40:39.665	0.57472	0.57519			6
2026.01.09	00:40:40.749	0.57473				2
2026.01.09	00:40:44.436		0.57520			4
2026.01.09	00:40:45.959	0.57472				2
2026.01.09	00:40:47.112	0.57473				2
2026.01.09	00:40:47.837	0.57475				2
2026.01.09	00:40:48.258	0.57473	0.57522			6
2026.01.09	00:40:49.173	0.57474	0.57519			6
2026.01.09	00:40:49.621		0.57520			4
2026.01.09	00:40:51.101		0.57521			4
2026.01.09	00:40:51.570	0.57476	0.57523			6
2026.01.09	00:40:52.504	0.57477				2
2026.01.09	00:41:00.334	0.57477				2
2026.01.09	00:41:05.028	0.57478				2
2026.01.09	00:41:06.793	0.57477				2
2026.01.09	00:41:07.114	0.57478				2
2026.01.09	00:41:09.753	0.57477				2
2026.01.09	00:41:11.215	0.57476				2
2026.01.09	00:41:12.333	0.57478				2
2026.01.09	00:41:14.509	0.57477				2
2026.01.09	00:41:17.207	0.57480				2
2026.01.09	00:41:18.402		0.57524			4
2026.01.09	00:41:18.757	0.57478				2
2026.01.09	00:41:19.087	0.57481				2
2026.01.09	00:41:20.989	0.57477	0.57523			6
2026.01.09	00:41:21.358	0.57480	0.57524			6
2026.01.09	00:41:23.430	0.57482				2
2026.01.09	00:41:24.337	0.57479				2
2026.01.09	00:41:24.659	0.57483				2
2026.01.09	00:41:24.962	0.57482				2
2026.01.09	00:41:26.022	0.57476				2
2026.01.09	00:41:26.442	0.57482				2
2026.01.09	00:41:28.187	0.57476				2
2026.01.09	00:41:28.575	0.57479				2
2026.01.09	00:41:28.964	0.57481				2
2026.01.09	00:41:31.018	0.57475				2
2026.01.09	00:41:31.356	0.57480				2
2026.01.09	00:41:31.794	0.57478				2
2026.01.09	00:41:36.607	0.57479				2
2026.01.09	00:41:37.696	0.57480				2
2026.01.09	00:41:41.470	0.57475	0.57525			6
2026.01.09	00:41:41.802	0.57482				2
2026.01.09	00:41:42.499	0.57475				2
2026.01.09	00:41:42.905	0.57481				2
2026.01.09	00:41:44.934	0.57482	0.57526			6
2026.01.09	00:41:46.432	0.57481				2
2026.01.09	00:41:49.142	0.57482				2
2026.01.09	00:41:50.334	0.57483				2
2026.01.09	00:41:50.804		0.57525			4
2026.01.09	00:41:51.317	0.57482	0.57526			6
2026.01.09	00:41:51.670		0.57527			4
2026.01.09	00:41:51.994	0.57483				2
2026.01.09	00:41:52.312	0.57482				2
2026.01.09	00:41:54.102		0.57528			4
2026.01.09	00:41:58.403	0.57479				2
2026.01.09	00:41:58.923		0.57526			4
2026.01.09	00:41:59.276	0.57480	0.57527			6
2026.01.09	00:42:00.334	0.57480				2
2026.01.09	00:42:01.344	0.57479				2
2026.01.09	00:42:02.314	0.57480	0.57528			6
2026.01.09	00:42:03.765		0.57526			4
2026.01.09	00:42:04.911	0.57481	0.57527			6
2026.01.09	00:42:08.402	0.57482				2
2026.01.09	00:42:11.201		0.57528			4
2026.01.09	00:42:13.875	0.57470	0.57524			6
2026.01.09	00:42:14.263	0.57477	0.57523			6
2026.01.09	00:42:18.844		0.57525			4
2026.01.09	00:42:19.167	0.57478	0.57524			6
2026.01.09	00:42:19.649	0.57469				2
2026.01.09	00:42:20.006		0.57523			4
2026.01.09	00:42:21.303	0.57477				2
2026.01.09	00:42:21.623	0.57480	0.57524			6
2026.01.09	00:42:24.997	0.57470	0.57526			6
2026.01.09	00:42:27.990	0.57471				2
2026.01.09	00:42:28.341	0.57470				2
2026.01.09	00:42:28.737		0.57525			4
2026.01.09	00:42:29.039		0.57523			4
2026.01.09	00:42:29.399	0.57477				2
2026.01.09	00:42:33.010	0.57471	0.57524			6
2026.01.09	00:42:33.339		0.57523			4
2026.01.09	00:42:34.386	0.57477	0.57524			6
2026.01.09	00:42:34.714	0.57469				2
2026.01.09	00:42:35.096	0.57476	0.57523			6
2026.01.09	00:42:37.900	0.57469	0.57525			6
2026.01.09	00:42:38.225	0.57477	0.57524			6
2026.01.09	00:42:38.616	0.57468				2
2026.01.09	00:42:39.353	0.57467	0.57523			6
2026.01.09	00:42:41.643	0.57478	0.57524			6
2026.01.09	00:42:42.042	0.57479	0.57525			6
2026.01.09	00:42:48.450		0.57526			4
2026.01.09	00:42:49.486	0.57469	0.57525			6
2026.01.09	00:42:49.906	0.57468	0.57524			6
2026.01.09	00:42:50.390	0.57476				2
2026.01.09	00:42:50.770	0.57477				2
2026.01.09	00:42:51.364	0.57478	0.57525			6
2026.01.09	00:42:54.401	0.57482	0.57527			6
2026.01.09	00:42:54.723	0.57480	0.57526			6
2026.01.09	00:42:55.114	0.57481	0.57527			6
2026.01.09	00:42:56.269	0.57476				2
2026.01.09	00:42:56.586	0.57481				2
2026.01.09	00:42:58.980		0.57526			4
2026.01.09	00:43:07.601	0.57481				2
2026.01.09	00:43:07.996	0.57475	0.57529			6
2026.01.09	00:43:08.306		0.57528			4
2026.01.09	00:43:08.659	0.57473	0.57527			6
2026.01.09	00:43:08.967	0.57470				2
2026.01.09	00:43:09.870		0.57528			4
2026.01.09	00:43:10.187		0.57527			4
2026.01.09	00:43:10.827		0.57528			4
2026.01.09	00:43:14.785		0.57527			4
2026.01.09	00:43:59.800		0.57525			4
2026.01.09	00:44:00.844	0.57473				2
2026.01.09	00:44:01.226	0.57474				2
2026.01.09	00:44:02.787	0.57478	0.57524			6
2026.01.09	00:44:03.129	0.57479				2
2026.01.09	00:44:03.438	0.57472	0.57526			6
2026.01.09	00:44:04.112	0.57481	0.57532			6
2026.01.09	00:44:04.607	0.57479	0.57526			6
2026.01.09	00:44:04.909	0.57480				2
2026.01.09	00:44:06.801	0.57478	0.57525			6
2026.01.09	00:44:07.581	0.57479				2
2026.01.09	00:44:09.702	0.57481	0.57527			6
2026.01.09	00:44:10.556	0.57477	0.57525			6
2026.01.09	00:44:10.872		0.57524			4
2026.01.09	00:44:11.568	0.57478				2
2026.01.09	00:44:11.883		0.57526			4
2026.01.09	00:44:12.191	0.57479				2
2026.01.09	00:44:12.880	0.57475				2
2026.01.09	00:44:13.284	0.57479				2
2026.01.09	00:44:13.627		0.57525			4
2026.01.09	00:44:14.337	0.57480	0.57527			6
2026.01.09	00:44:17.732	0.57478	0.57526			6
2026.01.09	00:44:18.172		0.57525			4
2026.01.09	00:44:18.591	0.57479				2
2026.01.09	00:44:19.300	0.57480	0.57526			6
2026.01.09	00:44:19.659	0.57479				2
2026.01.09	00:44:19.974	0.57480				2
2026.01.09	00:44:20.365	0.57475				2
2026.01.09	00:44:21.703		0.57527			4
2026.01.09	00:44:22.673	0.57479	0.57525			6
2026.01.09	00:44:25.010	0.57482	0.57527			6
2026.01.09	00:44:25.318		0.57529			4
2026.01.09	00:44:26.137	0.57477				2
2026.01.09	00:44:26.530	0.57476	0.57527			6
2026.01.09	00:44:29.026	0.57475				2
2026.01.09	00:44:29.349	0.57479				2
2026.01.09	00:44:29.692	0.57480				2
2026.01.09	00:44:30.033	0.57479	0.57525			6
2026.01.09	00:44:30.488	0.57480	0.57527			6
2026.01.09	00:44:30.844	0.57479	0.57525			6
2026.01.09	00:44:31.157	0.57475	0.57527			6
2026.01.09	00:44:32.201		0.57526			4
2026.01.09	00:44:32.647	0.57481	0.57528			6
2026.01.09	00:44:34.314	0.57475				2
2026.01.09	00:44:34.621	0.57479	0.57527			6
2026.01.09	00:44:35.238	0.57481	0.57528			6
2026.01.09	00:44:37.413	0.57479	0.57525			6
2026.01.09	00:44:40.910	0.57474	0.57527			6
2026.01.09	00:44:41.300	0.57478	0.57526			6
2026.01.09	00:44:42.703	0.57474	0.57527			6
2026.01.09	00:44:43.131	0.57479	0.57526			6
2026.01.09	00:44:45.107	0.57478				2
2026.01.09	00:44:46.183	0.57475	0.57527			6
2026.01.09	00:44:47.737	0.57473	0.57526			6
2026.01.09	00:44:48.125	0.57479				2
2026.01.09	00:44:51.395	0.57474	0.57527			6
2026.01.09	00:44:51.722	0.57478	0.57526			6
2026.01.09	00:44:55.597	0.57479				2
2026.01.09	00:44:59.114	0.57473				2
2026.01.09	00:44:59.423		0.57525			4
2026.01.09	00:45:00.374	0.57477				2
2026.01.09	00:45:00.675	0.57478				2
2026.01.09	00:45:02.213	0.57473				2
2026.01.09	00:45:02.670	0.57477				2
2026.01.09	00:45:03.167		0.57526			4
2026.01.09	00:45:03.683	0.57478	0.57525			6
2026.01.09	00:45:04.006		0.57526			4
2026.01.09	00:45:13.314	0.57487	0.57512			6
2026.01.09	00:45:24.763	0.57497	0.57530			6
2026.01.09	00:45:25.341	0.57498				2
2026.01.09	00:45:25.665		0.57529			4
2026.01.09	00:45:25.983	0.57499				2
2026.01.09	00:45:33.059	0.57501				2
2026.01.09	00:45:33.411	0.57502				2
2026.01.09	00:45:39.103	0.57503				2
2026.01.09	00:45:48.060		0.57528			4
2026.01.09	00:46:01.001	0.57503				2
2026.01.09	00:46:02.197	0.57502				2
2026.01.09	00:46:04.003	0.57503				2
2026.01.09	00:46:21.292	0.57502				2
2026.01.09	00:46:23.293	0.57503				2
2026.01.09	00:46:25.453	0.57487	0.57512			6
2026.01.09	00:46:30.902	0.57486	0.57513			6
2026.01.09	00:46:31.736	0.57488	0.57511			6
2026.01.09	00:46:32.251	0.57498	0.57517			6
2026.01.09	00:46:32.610	0.57491	0.57514			6
2026.01.09	00:46:35.194	0.57492	0.57513			6
2026.01.09	00:46:35.914		0.57514			4
2026.01.09	00:46:36.302		0.57513			4
2026.01.09	00:46:36.665	0.57491	0.57514			6
2026.01.09	00:46:37.902	0.57492				2
2026.01.09	00:46:38.571	0.57491				2
2026.01.09	00:46:39.023		0.57515			4
2026.01.09	00:46:40.547	0.57490	0.57516			6
2026.01.09	00:46:40.856	0.57499	0.57517			6
2026.01.09	00:46:42.104	0.57500	0.57516			6
2026.01.09	00:46:43.139	0.57499	0.57517			6
2026.01.09	00:46:43.942	0.57500	0.57516			6
2026.01.09	00:47:00.845	0.57500				2
2026.01.09	00:47:03.167	0.57494	0.57522			6
2026.01.09	00:47:06.608	0.57500	0.57516			6
2026.01.09	00:47:43.039	0.57499				2
2026.01.09	00:47:43.977	0.57500				2
2026.01.09	00:48:00.718	0.57500				2
2026.01.09	00:48:10.334		0.57516			4
2026.01.09	00:48:19.000		0.57515			4
2026.01.09	00:48:20.626	0.57499	0.57517			6
2026.01.09	00:48:21.401	0.57498	0.57518			6
2026.01.09	00:48:23.500	0.57499	0.57517			6
2026.01.09	00:48:25.755		0.57516			4
2026.01.09	00:48:30.100	0.57500				2
2026.01.09	00:48:32.799	0.57499				2
2026.01.09	00:48:39.099		0.57517			4
2026.01.09	00:48:40.005	0.57500	0.57515			6
2026.01.09	00:48:41.201		0.57516			4
2026.01.09	00:48:42.391	0.57499	0.57517			6
2026.01.09	00:48:44.197		0.57516			4
2026.01.09	00:48:45.999	0.57500				2
2026.01.09	00:48:46.785	0.57499				2
2026.01.09	00:48:47.802	0.57500				2
2026.01.09	00:48:54.130	0.57501	0.57521			6
2026.01.09	00:48:55.883	0.57502	0.57520			6
2026.01.09	00:49:00.336	0.57503				2
2026.01.09	00:49:01.900	0.57502				2
2026.01.09	00:49:07.323		0.57521			4
2026.01.09	00:49:08.334	0.57496	0.57526			6
2026.01.09	00:49:08.867	0.57498	0.57533			6
2026.01.09	00:49:09.187	0.57499				2
2026.01.09	00:49:12.696	0.57501				2
2026.01.09	00:49:17.207	0.57499	0.57532			6
2026.01.09	00:49:18.082	0.57500				2
2026.01.09	00:49:19.905	0.57501				2
2026.01.09	00:49:48.332	0.57500	0.57531			6
2026.01.09	00:49:53.799	0.57501				2
2026.01.09	00:50:00.103	0.57501				2
2026.01.09	00:50:02.227		0.57530			4
2026.01.09	00:50:08.334	0.57499				2
2026.01.09	00:50:08.901	0.57498	0.57525			6
2026.01.09	00:50:09.282	0.57497				2
2026.01.09	00:50:15.573		0.57526			4
2026.01.09	00:50:17.689		0.57525			4
2026.01.09	00:50:35.381		0.57526			4
2026.01.09	00:50:35.751		0.57525			4
2026.01.09	00:50:36.396	0.57499	0.57524			6
2026.01.09	00:50:37.402		0.57523			4
2026.01.09	00:50:37.721	0.57498	0.57524			6
2026.01.09	00:50:39.101	0.57499	0.57523			6
2026.01.09	00:50:40.660	0.57497	0.57525			6
2026.01.09	00:50:48.079	0.57499	0.57524			6
2026.01.09	00:50:48.824		0.57523			4
2026.01.09	00:50:51.707	0.57498	0.57524			6
2026.01.09	00:50:57.107		0.57525			4
2026.01.09	00:50:57.417	0.57495	0.57527			6
2026.01.09	00:50:57.717	0.57497	0.57526			6
2026.01.09	00:50:58.608	0.57498	0.57525			6
2026.01.09	00:51:02.051	0.57497				2
2026.01.09	00:51:04.313	0.57496	0.57526			6
2026.01.09	00:51:04.709	0.57499	0.57523			6
2026.01.09	00:51:05.377	0.57500	0.57522			6
2026.01.09	00:51:16.567		0.57529			4
2026.01.09	00:51:18.559	0.57501				2
2026.01.09	00:51:19.801		0.57521			4
2026.01.09	00:51:20.803		0.57522			4
2026.01.09	00:51:23.040		0.57535			4
2026.01.09	00:51:25.300	0.57502				2
2026.01.09	00:51:26.505	0.57500	0.57532			6
2026.01.09	00:51:30.106	0.57501	0.57533			6
2026.01.09	00:51:32.676	0.57502	0.57535			6
2026.01.09	00:51:34.295	0.57501				2
2026.01.09	00:51:42.868		0.57534			4
2026.01.09	00:51:47.799		0.57533			4
2026.01.09	00:51:49.326	0.57500				2
2026.01.09	00:51:49.682		0.57531			4
2026.01.09	00:51:50.805	0.57501				2
2026.01.09	00:51:55.307	0.57502				2
2026.01.09	00:51:56.772	0.57500				2
2026.01.09	00:51:57.941	0.57501				2
2026.01.09	00:52:01.748	0.57501				2
2026.01.09	00:52:11.567		0.57530			4
2026.01.09	00:52:11.878	0.57502				2
2026.01.09	00:52:14.482	0.57501	0.57531			6
2026.01.09	00:52:15.400	0.57500				2
2026.01.09	00:52:22.157	0.57501				2
2026.01.09	00:52:34.241	0.57500				2
2026.01.09	00:52:34.577	0.57497	0.57530			6
2026.01.09	00:52:34.961	0.57499	0.57531			6
2026.01.09	00:52:36.938	0.57501				2
2026.01.09	00:52:37.581	0.57502				2
2026.01.09	00:52:39.712		0.57534			4
2026.01.09	00:52:40.300	0.57503				2
2026.01.09	00:52:42.036	0.57504	0.57536			6
2026.01.09	00:52:52.036		0.57535			4
2026.01.09	00:53:00.538	0.57504				2
2026.01.09	00:53:42.692	0.57512				2
2026.01.09	00:53:43.031	0.57505				2
2026.01.09	00:53:43.338	0.57512				2
2026.01.09	00:53:43.649	0.57505				2
2026.01.09	00:53:43.969	0.57512				2
2026.01.09	00:53:44.300	0.57505				2
2026.01.09	00:53:44.623	0.57512				2
2026.01.09	00:53:44.942	0.57505				2
2026.01.09	00:53:45.270	0.57512				2
2026.01.09	00:53:45.573	0.57505				2
2026.01.09	00:53:45.903	0.57512				2
2026.01.09	00:53:46.204	0.57505				2
2026.01.09	00:53:56.639		0.57532			4
2026.01.09	00:54:04.299	0.57505				2
2026.01.09	00:54:08.343		0.57534			4
2026.01.09	00:54:12.037		0.57531			4
2026.01.09	00:54:16.001	0.57506				2
2026.01.09	00:54:17.200	0.57504				2
2026.01.09	00:54:18.696	0.57505				2
2026.01.09	00:54:27.042	0.57504				2
2026.01.09	00:54:37.086		0.57533			4
2026.01.09	00:54:57.038		0.57531			4
2026.01.09	00:55:00.385	0.57505	0.57534			6
2026.01.09	00:55:00.713	0.57503				2
2026.01.09	00:55:05.382	0.57502				2
2026.01.09	00:55:06.385	0.57503				2
2026.01.09	00:55:08.339	0.57502				2
2026.01.09	00:55:11.195	0.57503	0.57535			6
2026.01.09	00:55:33.435		0.57537			4
2026.01.09	00:55:55.560	0.57502				2
2026.01.09	00:56:08.385	0.57502				2
2026.01.09	00:56:11.036		0.57532			4
2026.01.09	00:56:20.204	0.57501				2
2026.01.09	00:56:21.577	0.57502	0.57540			6
2026.01.09	00:56:23.635	0.57503	0.57542			6
2026.01.09	00:56:25.783	0.57502	0.57541			6
2026.01.09	00:56:26.242	0.57501	0.57533			6
2026.01.09	00:56:37.218	0.57482	0.57513			6
2026.01.09	00:56:37.642	0.57471				2
2026.01.09	00:56:40.314	0.57472	0.57512			6
2026.01.09	00:56:42.732	0.57473	0.57513			6
2026.01.09	00:56:49.164		0.57514			4
2026.01.09	00:57:00.157	0.57473				2
2026.01.09	00:57:00.809	0.57481	0.57520			6
2026.01.09	00:57:25.419		0.57519			4
2026.01.09	00:57:26.059		0.57522			4
2026.01.09	00:57:27.011		0.57521			4
2026.01.09	00:57:29.269		0.57523			4
2026.01.09	00:57:30.572		0.57522			4
2026.01.09	00:57:32.530		0.57520			4
2026.01.09	00:57:32.885	0.57484				2
2026.01.09	00:57:44.170		0.57521			4
2026.01.09	00:57:45.475	0.57481				2
2026.01.09	00:57:46.174		0.57520			4
2026.01.09	00:57:48.386		0.57521			4
2026.01.09	00:57:51.599	0.57486				2
2026.01.09	00:57:56.418	0.57483				2
2026.01.09	00:57:57.418		0.57522			4
2026.01.09	00:57:57.723		0.57520			4
2026.01.09	00:58:00.287	0.57483				2
2026.01.09	00:58:02.189		0.57521			4
2026.01.09	00:58:04.441		0.57520			4
2026.01.09	00:58:06.401		0.57525			4
2026.01.09	00:58:06.704	0.57482				2
2026.01.09	00:58:09.310	0.57478	0.57526			6
2026.01.09	00:58:09.657	0.57488	0.57525			6
2026.01.09	00:58:09.958	0.57491	0.57528			6
2026.01.09	00:58:10.315	0.57489	0.57529			6
2026.01.09	00:58:12.057	0.57486				2
2026.01.09	00:58:20.399	0.57484	0.57527			6
2026.01.09	00:58:20.700	0.57488	0.57528			6
2026.01.09	00:58:21.009	0.57475				2
2026.01.09	00:58:21.983	0.57482				2
2026.01.09	00:58:23.559		0.57529			4
2026.01.09	00:58:25.515	0.57477				2
2026.01.09	00:58:25.818	0.57471	0.57530			6
2026.01.09	00:58:26.125		0.57526			4
2026.01.09	00:58:26.437	0.57475				2
2026.01.09	00:58:26.848	0.57482				2
2026.01.09	00:58:27.158	0.57469				2
2026.01.09	00:58:27.474	0.57473				2
2026.01.09	00:58:28.335		0.57528			4
2026.01.09	00:58:28.638	0.57466	0.57529			6
2026.01.09	00:58:28.945	0.57473	0.57530			6
2026.01.09	00:58:29.252	0.57477	0.57528			6
2026.01.09	00:58:30.477	0.57481				2
2026.01.09	00:58:31.131		0.57527			4
2026.01.09	00:58:31.441	0.57484				2
2026.01.09	00:58:33.999		0.57526			4
2026.01.09	00:58:38.502		0.57528			4
2026.01.09	00:58:39.115	0.57483	0.57527			6
2026.01.09	00:58:39.418	0.57479	0.57533			6
2026.01.09	00:58:39.725		0.57534			4
2026.01.09	00:58:40.038		0.57535			4
2026.01.09	00:58:40.344		0.57534			4
2026.01.09	00:58:40.646		0.57533			4
2026.01.09	00:58:40.958	0.57488				2
2026.01.09	00:58:43.371	0.57489				2
2026.01.09	00:58:45.016	0.57490	0.57547			6
2026.01.09	00:58:45.984	0.57493				2
2026.01.09	00:58:47.287		0.57538			4
2026.01.09	00:58:47.590	0.57491				2
2026.01.09	00:59:00.134	0.57491				2
2026.01.09	00:59:03.350		0.57537			4
2026.01.09	00:59:04.304		0.57538			4
2026.01.09	00:59:04.609	0.57484				2
2026.01.09	00:59:05.807	0.57491				2
2026.01.09	00:59:08.674		0.57536			4
2026.01.09	00:59:10.279	0.57492				2
2026.01.09	00:59:12.430	0.57491				2
2026.01.09	00:59:14.890	0.57479	0.57535			6
2026.01.09	00:59:15.192	0.57484	0.57538			6
2026.01.09	00:59:15.498		0.57536			4
2026.01.09	00:59:15.801	0.57478	0.57535			6
2026.01.09	00:59:16.118	0.57502	0.57534			6
2026.01.09	00:59:16.423	0.57499	0.57535			6
2026.01.09	00:59:17.752	0.57493				2
2026.01.09	00:59:18.101	0.57489	0.57538			6
2026.01.09	00:59:18.407	0.57487	0.57536			6
2026.01.09	00:59:18.718	0.57489	0.57537			6
2026.01.09	00:59:19.020	0.57493	0.57536			6
2026.01.09	00:59:19.671	0.57495	0.57535			6
2026.01.09	00:59:21.401	0.57492	0.57534			6
2026.01.09	00:59:21.758	0.57496	0.57533			6
2026.01.09	00:59:24.044	0.57491	0.57534			6
2026.01.09	00:59:24.364	0.57490				2
2026.01.09	00:59:25.551	0.57495				2
2026.01.09	00:59:26.052	0.57479				2
2026.01.09	00:59:26.359	0.57472				2
2026.01.09	00:59:26.672	0.57489				2
2026.01.09	00:59:27.128	0.57486				2
2026.01.09	00:59:28.290	0.57483	0.57535			6
2026.01.09	00:59:28.600	0.57488				2
2026.01.09	00:59:29.502	0.57489				2
2026.01.09	00:59:30.710	0.57487	0.57534			6
2026.01.09	00:59:31.136	0.57479				2
2026.01.09	00:59:32.141	0.57486				2
2026.01.09	00:59:32.794	0.57484	0.57533			6
2026.01.09	00:59:33.098	0.57475	0.57534			6
2026.01.09	00:59:33.403	0.57487				2
2026.01.09	00:59:34.572	0.57484				2
2026.01.09	00:59:35.201	0.57481				2
2026.01.09	00:59:48.907	0.57480	0.57535			6
2026.01.09	00:59:49.234		0.57534			4
2026.01.09	00:59:49.787	0.57481				2
2026.01.09	00:59:50.462	0.57486				2
2026.01.09	00:59:52.630	0.57481				2
2026.01.09	00:59:53.266	0.57477	0.57533			6
2026.01.09	00:59:53.569	0.57486	0.57534			6
2026.01.09	00:59:54.188	0.57479				2
2026.01.09	00:59:55.187	0.57485				2
2026.01.09	01:00:00.308	0.57479	0.57538			6
2026.01.09	01:00:00.625	0.57484	0.57537			6
2026.01.09	01:00:00.926	0.57478				2
2026.01.09	01:00:01.245	0.57494	0.57536			6
2026.01.09	01:00:01.559	0.57504	0.57539			6
2026.01.09	01:00:01.866	0.57494	0.57538			6
2026.01.09	01:00:02.170	0.57504	0.57537			6
2026.01.09	01:00:02.475		0.57542			4
2026.01.09	01:00:02.786	0.57493	0.57537			6
2026.01.09	01:00:03.088	0.57503	0.57542			6
2026.01.09	01:00:03.391		0.57543			4
2026.01.09	01:00:03.697	0.57492	0.57550			6
2026.01.09	01:00:04.013	0.57505	0.57552			6
2026.01.09	01:00:04.362	0.57493	0.57551			6
2026.01.09	01:00:04.665	0.57492	0.57550			6
2026.01.09	01:00:04.969	0.57491				2
2026.01.09	01:00:05.316	0.57492	0.57549			6
2026.01.09	01:00:05.620		0.57550			4
2026.01.09	01:00:05.974	0.57493	0.57548			6
2026.01.09	01:00:06.290	0.57491	0.57550			6
2026.01.09	01:00:06.624	0.57498	0.57549			6
2026.01.09	01:00:06.976	0.57499				2
2026.01.09	01:00:07.320	0.57504	0.57537			6
2026.01.09	01:00:07.624	0.57503	0.57541			6
2026.01.09	01:00:07.927	0.57504				2
2026.01.09	01:00:08.231	0.57492	0.57534			6
2026.01.09	01:00:08.534		0.57537			4
2026.01.09	01:00:08.837	0.57499				2
2026.01.09	01:00:09.138	0.57491	0.57535			6
2026.01.09	01:00:09.445	0.57499	0.57537			6
2026.01.09	01:00:09.752	0.57502				2
2026.01.09	01:00:10.063	0.57493	0.57535			6
2026.01.09	01:00:10.382	0.57494				2
2026.01.09	01:00:10.691		0.57536			4
2026.01.09	01:00:11.338	0.57491	0.57537			6
2026.01.09	01:00:11.951	0.57498				2
2026.01.09	01:00:12.831	0.57503				2
2026.01.09	01:00:14.999	0.57512				2
2026.01.09	01:00:15.323	0.57500	0.57536			6
2026.01.09	01:00:15.639	0.57502	0.57537			6
2026.01.09	01:00:15.941	0.57498				2
2026.01.09	01:00:16.245	0.57497	0.57536			6
2026.01.09	01:00:16.555	0.57502	0.57537			6
2026.01.09	01:00:16.882	0.57500	0.57538			6
2026.01.09	01:00:17.206	0.57499	0.57537			6
2026.01.09	01:00:17.532	0.57502				2
2026.01.09	01:00:17.836	0.57499				2
2026.01.09	01:00:18.447	0.57502				2
2026.01.09	01:00:18.757	0.57500	0.57538			6
2026.01.09	01:00:19.372	0.57502				2
2026.01.09	01:00:19.679	0.57509				2
2026.01.09	01:00:19.981	0.57501				2
2026.01.09	01:00:20.287	0.57504	0.57539			6
2026.01.09	01:00:20.599	0.57509				2
2026.01.09	01:00:21.219	0.57514				2
2026.01.09	01:00:21.533	0.57504	0.57538			6
2026.01.09	01:00:21.848	0.57514				2
2026.01.09	01:00:22.151	0.57509				2
2026.01.09	01:00:22.482	0.57515				2
2026.01.09	01:00:22.817	0.57509	0.57540			6
2026.01.09	01:00:23.132	0.57510	0.57538			6
2026.01.09	01:00:23.439	0.57507				2
2026.01.09	01:00:23.752	0.57508				2
2026.01.09	01:00:25.309	0.57507				2
2026.01.09	01:00:25.610	0.57506				2
2026.01.09	01:00:25.915	0.57505				2
2026.01.09	01:00:26.242	0.57506				2
2026.01.09	01:00:27.800	0.57514				2
2026.01.09	01:00:28.218		0.57539			4
2026.01.09	01:00:32.503	0.57515				2
2026.01.09	01:00:33.862		0.57535			4
2026.01.09	01:00:34.272	0.57517				2
2026.01.09	01:00:52.300		0.57534			4
2026.01.09	01:00:54.101		0.57535			4
2026.01.09	01:01:00.101	0.57516	0.57531			6
2026.01.09	01:01:00.416	0.57527	0.57528			6
2026.01.09	01:01:00.719	0.57530	0.57531			6
2026.01.09	01:01:01.340		0.57532			4
2026.01.09	01:01:07.246		0.57531			4
2026.01.09	01:01:07.549	0.57529	0.57530			6
2026.01.09	01:01:08.171		0.57531			4
2026.01.09	01:01:08.499	0.57533	0.57535			6
2026.01.09	01:01:09.127	0.57532				2
2026.01.09	01:01:12.237	0.57533				2
2026.01.09	01:02:00.002	0.57533				2
2026.01.09	01:02:08.445	0.57534	0.57536			6
2026.01.09	01:02:14.111	0.57535	0.57537			6
2026.01.09	01:02:20.332	0.57534				2
2026.01.09	01:02:22.192	0.57533	0.57536			6
2026.01.09	01:02:22.510	0.57534	0.57537			6
2026.01.09	01:02:22.813	0.57535	0.57538			6
2026.01.09	01:02:23.747	0.57534	0.57537			6
2026.01.09	01:02:37.120	0.57535	0.57538			6
2026.01.09	01:02:37.751	0.57534	0.57537			6
2026.01.09	01:02:49.948	0.57533	0.57536			6
2026.01.09	01:02:54.966	0.57532	0.57535			6
2026.01.09	01:03:00.285	0.57532				2
2026.01.09	01:03:02.765	0.57533	0.57536			6
2026.01.09	01:03:04.003	0.57532	0.57535			6
2026.01.09	01:04:00.054	0.57532				2
2026.01.09	01:04:04.088		0.57535			4
2026.01.09	01:04:06.276	0.57531	0.57534			6
2026.01.09	01:04:14.069	0.57532	0.57535			6
2026.01.09	01:04:24.947	0.57531	0.57534			6
2026.01.09	01:04:27.428	0.57532	0.57535			6
2026.01.09	01:04:28.984	0.57531	0.57534			6
2026.01.09	01:04:30.239	0.57530	0.57533			6
2026.01.09	01:04:30.844	0.57529	0.57532			6
2026.01.09	01:04:31.172		0.57533			4
2026.01.09	01:04:31.477		0.57532			4
2026.01.09	01:04:32.127	0.57528				2
2026.01.09	01:04:34.388	0.57529				2
2026.01.09	01:04:36.248	0.57531	0.57535			6
2026.01.09	01:04:36.603	0.57532	0.57536			6
2026.01.09	01:04:45.130	0.57533				2
2026.01.09	01:05:00.054	0.57533				2
2026.01.09	01:05:00.358	0.57524	0.57526			6
2026.01.09	01:05:00.666	0.57522	0.57525			6
2026.01.09	01:05:00.986	0.57523				2
2026.01.09	01:05:01.290	0.57522				2
2026.01.09	01:05:01.597	0.57523	0.57526			6
2026.01.09	01:05:01.942	0.57522				2
2026.01.09	01:05:03.244	0.57523	0.57525			6
2026.01.09	01:05:03.888	0.57521				2
2026.01.09	01:05:04.503	0.57522				2
2026.01.09	01:05:05.818		0.57526			4
2026.01.09	01:05:06.150		0.57525			4
2026.01.09	01:05:09.664	0.57521	0.57524			6
2026.01.09	01:05:09.968	0.57520				2
2026.01.09	01:05:11.573	0.57519	0.57523			6
2026.01.09	01:05:14.133	0.57520				2
2026.01.09	01:05:19.705	0.57519	0.57522			6
2026.01.09	01:05:22.212	0.57518	0.57521			6
2026.01.09	01:05:27.182	0.57519				2
2026.01.09	01:05:31.522	0.57520	0.57522			6
2026.01.09	01:05:32.456	0.57519	0.57521			6
2026.01.09	01:05:34.331		0.57522			4
2026.01.09	01:05:37.222		0.57521			4
2026.01.09	01:05:39.702	0.57520	0.57522			6
2026.01.09	01:05:40.637	0.57519	0.57521			6
2026.01.09	01:05:47.479	0.57520	0.57522			6
2026.01.09	01:05:48.414	0.57519				2
2026.01.09	01:05:50.419		0.57521			4
2026.01.09	01:05:51.342		0.57522			4
2026.01.09	01:05:52.328	0.57520				2
2026.01.09	01:05:52.949	0.57519	0.57521			6
2026.01.09	01:05:54.186		0.57522			4
2026.01.09	01:05:55.186		0.57521			4
2026.01.09	01:06:00.156	0.57519				2
2026.01.09	01:06:01.080	0.57520	0.57522			6
2026.01.09	01:06:19.133	0.57521	0.57523			6
2026.01.09	01:06:23.800	0.57520	0.57522			6
2026.01.09	01:06:27.214		0.57523			4
2026.01.09	01:06:29.167		0.57522			4
2026.01.09	01:06:34.759	0.57521	0.57523			6
2026.01.09	01:06:40.662	0.57520	0.57522			6
2026.01.09	01:06:41.285		0.57523			4
2026.01.09	01:06:42.270		0.57522			4
2026.01.09	01:06:49.140	0.57519				2
2026.01.09	01:06:50.397	0.57520				2
2026.01.09	01:06:55.064	0.57519	0.57521			6
2026.01.09	01:06:56.316		0.57522			4
2026.01.09	01:06:59.229		0.57521			4
2026.01.09	01:07:00.154	0.57519				2
2026.01.09	01:07:12.297	0.57518				2
2026.01.09	01:07:15.238	0.57519	0.57522			6
2026.01.09	01:07:17.193	0.57520	0.57523			6
2026.01.09	01:07:33.304	0.57519	0.57522			6
2026.01.09	01:07:39.079	0.57518	0.57521			6
2026.01.09	01:07:41.639	0.57519	0.57522			6
2026.01.09	01:07:44.902	0.57518	0.57521			6
2026.01.09	01:07:46.858	0.57519	0.57522			6
2026.01.09	01:07:48.116	0.57518	0.57521			6
2026.01.09	01:07:49.418	0.57517				2
2026.01.09	01:07:50.070	0.57518	0.57522			6
2026.01.09	01:07:53.282		0.57521			4
2026.01.09	01:07:59.358	0.57519	0.57522			6
2026.01.09	01:08:00.010	0.57519				2
2026.01.09	01:08:03.575	0.57518	0.57521			6
2026.01.09	01:08:05.832	0.57519	0.57522			6
2026.01.09	01:08:21.341		0.57521			4
2026.01.09	01:08:30.348	0.57518				2
2026.01.09	01:08:37.454	0.57519	0.57522			6
2026.01.09	01:08:43.878	0.57518	0.57521			6
2026.01.09	01:08:54.472	0.57519	0.57522			6
2026.01.09	01:08:55.425		0.57523			4
2026.01.09	01:08:58.381	0.57518	0.57522			6
2026.01.09	01:09:00.291	0.57518				2
2026.01.09	01:09:02.199	0.57519				2
2026.01.09	01:09:29.504	0.57517	0.57520			6
2026.01.09	01:09:29.854	0.57516	0.57519			6
2026.01.09	01:09:30.159	0.57515				2
2026.01.09	01:09:30.493	0.57512	0.57516			6
2026.01.09	01:09:32.719	0.57515	0.57519			6
2026.01.09	01:09:40.747	0.57514	0.57518			6
2026.01.09	01:09:41.095	0.57513	0.57517			6
2026.01.09	01:09:46.215	0.57514				2
2026.01.09	01:09:54.246	0.57513	0.57515			6
2026.01.09	01:09:54.564	0.57514	0.57516			6
2026.01.09	01:10:00.163	0.57514				2
2026.01.09	01:10:28.137	0.57515	0.57517			6
2026.01.09	01:10:31.577	0.57514	0.57516			6
2026.01.09	01:10:32.198		0.57517			4
2026.01.09	01:10:35.395	0.57515				2
2026.01.09	01:10:37.268	0.57514				2
2026.01.09	01:10:39.207		0.57516			4
2026.01.09	01:10:40.131		0.57517			4
2026.01.09	01:10:41.112	0.57516	0.57519			6
2026.01.09	01:10:42.369	0.57515				2
2026.01.09	01:10:43.324	0.57514	0.57518			6
2026.01.09	01:10:48.491	0.57515	0.57519			6
2026.01.09	01:10:49.141		0.57518			4
2026.01.09	01:10:50.399	0.57514				2
2026.01.09	01:10:53.309	0.57515				2
2026.01.09	01:10:59.385	0.57516				2
2026.01.09	01:11:00.004	0.57516				2
2026.01.09	01:11:00.333		0.57519			4
2026.01.09	01:11:05.107		0.57518			4
2026.01.09	01:11:06.361	0.57517	0.57519			6
2026.01.09	01:11:07.284	0.57516				2
2026.01.09	01:11:08.219	0.57517				2
2026.01.09	01:11:15.364	0.57516				2
2026.01.09	01:11:16.299	0.57517				2
2026.01.09	01:11:18.172		0.57520			4
2026.01.09	01:11:20.112		0.57519			4
2026.01.09	01:11:30.699	0.57516	0.57518			6
2026.01.09	01:11:32.255		0.57519			4
2026.01.09	01:11:32.563	0.57519	0.57520			6
2026.01.09	01:11:32.907	0.57516	0.57519			6
2026.01.09	01:11:33.215	0.57519	0.57520			6
2026.01.09	01:11:33.528	0.57517	0.57519			6
2026.01.09	01:11:33.835	0.57519	0.57520			6
2026.01.09	01:11:34.159	0.57516	0.57519			6
2026.01.09	01:11:34.483	0.57519	0.57520			6
2026.01.09	01:11:34.804	0.57516	0.57519			6
2026.01.09	01:11:35.130	0.57519	0.57520			6
2026.01.09	01:11:35.442	0.57516	0.57518			6
2026.01.09	01:11:35.747	0.57517	0.57519			6
2026.01.09	01:11:36.068	0.57516				2
2026.01.09	01:11:38.327		0.57518			4
2026.01.09	01:11:39.250		0.57519			4
2026.01.09	01:11:42.189	0.57517				2
2026.01.09	01:11:43.115	0.57516				2
2026.01.09	01:11:53.131	0.57517				2
2026.01.09	01:11:57.800	0.57516	0.57518			6
2026.01.09	01:11:59.379		0.57519			4
2026.01.09	01:12:00.059	0.57516				2
2026.01.09	01:12:02.362		0.57518			4
2026.01.09	01:12:03.589	0.57517	0.57519			6
2026.01.09	01:12:05.146	0.57516				2
2026.01.09	01:12:05.775	0.57517	0.57520			6
2026.01.09	01:12:08.336	0.57518	0.57521			6
2026.01.09	01:12:09.292		0.57522			4
2026.01.09	01:12:15.410	0.57519				2
2026.01.09	01:12:22.184		0.57521			4
2026.01.09	01:12:33.351	0.57518				2
2026.01.09	01:12:35.285	0.57519				2
2026.01.09	01:12:44.290		0.57522			4
2026.01.09	01:12:45.274	0.57518	0.57521			6
2026.01.09	01:12:45.578	0.57520	0.57523			6
2026.01.09	01:12:46.228	0.57521	0.57525			6
2026.01.09	01:12:49.442		0.57524			4
2026.01.09	01:12:49.789	0.57520	0.57523			6
2026.01.09	01:12:52.045	0.57519				2
2026.01.09	01:12:59.424		0.57522			4
2026.01.09	01:13:00.077	0.57519				2
2026.01.09	01:13:07.106	0.57520				2
2026.01.09	01:13:08.662	0.57519	0.57521			6
2026.01.09	01:13:09.284		0.57522			4
2026.01.09	01:13:10.269		0.57521			4
2026.01.09	01:13:15.251	0.57520	0.57522			6
2026.01.09	01:13:16.205	0.57519	0.57523			6
2026.01.09	01:13:17.191	0.57520				2
2026.01.09	01:13:21.357		0.57522			4
2026.01.09	01:13:27.250	0.57521				2
2026.01.09	01:13:37.518	0.57520	0.57521			6
2026.01.09	01:13:38.142		0.57522			4
2026.01.09	01:13:42.836	0.57519	0.57521			6
2026.01.09	01:13:52.126	0.57520				2
2026.01.09	01:13:53.075	0.57519	0.57520			6
2026.01.09	01:13:54.302		0.57521			4
2026.01.09	01:13:56.163		0.57522			4
2026.01.09	01:14:00.009	0.57519				2
2026.01.09	01:14:00.357		0.57521			4
2026.01.09	01:14:00.963	0.57520	0.57522			6
2026.01.09	01:14:02.216	0.57519				2
2026.01.09	01:14:03.821	0.57520	0.57523			6
2026.01.09	01:14:05.729	0.57519	0.57522			6
2026.01.09	01:14:06.382		0.57523			4
2026.01.09	01:14:07.334		0.57522			4
2026.01.09	01:14:12.153	0.57520				2
2026.01.09	01:14:14.330	0.57517	0.57519			6
2026.01.09	01:14:15.265	0.57516	0.57520			6
2026.01.09	01:14:22.992	0.57517	0.57521			6
2026.01.09	01:14:26.206		0.57520			4
2026.01.09	01:14:30.424	0.57518				2
2026.01.09	01:14:34.156		0.57519			4
2026.01.09	01:14:35.090	0.57520	0.57521			6
2026.01.09	01:14:36.341	0.57518	0.57522			6
2026.01.09	01:14:37.295	0.57519	0.57523			6
2026.01.09	01:14:40.502		0.57522			4
2026.01.09	01:14:48.191		0.57521			4
2026.01.09	01:14:49.114		0.57522			4
2026.01.09	01:14:53.305	0.57520				2
2026.01.09	01:14:54.861	0.57521	0.57523			6
2026.01.09	01:14:55.163	0.57520	0.57524			6
2026.01.09	01:14:57.420		0.57523			4
2026.01.09	01:15:00.283	0.57521				2
2026.01.09	01:15:04.317		0.57522			4
2026.01.09	01:15:08.384	0.57520				2
2026.01.09	01:15:13.381		0.57521			4
2026.01.09	01:15:54.140	0.57518	0.57522			6
2026.01.09	01:15:59.305		0.57521			4
2026.01.09	01:16:00.259	0.57519	0.57522			6
2026.01.09	01:16:01.217		0.57523			4
2026.01.09	01:16:05.080	0.57518	0.57522			6
2026.01.09	01:16:05.387	0.57516	0.57519			6
2026.01.09	01:16:06.032	0.57515				2
2026.01.09	01:16:08.594	0.57516	0.57520			6
2026.01.09	01:16:10.547	0.57515	0.57519			6
2026.01.09	01:16:11.504	0.57511	0.57515			6
2026.01.09	01:16:14.062	0.57510	0.57514			6
2026.01.09	01:16:23.396	0.57511				2
2026.01.09	01:16:29.170		0.57513			4
2026.01.09	01:16:31.027	0.57512	0.57514			6
2026.01.09	01:16:31.346		0.57515			4
2026.01.09	01:16:38.101		0.57514			4
2026.01.09	01:16:40.912	0.57514	0.57516			6
2026.01.09	01:16:41.215	0.57513	0.57517			6
2026.01.09	01:16:42.169	0.57514	0.57518			6
2026.01.09	01:16:43.122		0.57517			4
2026.01.09	01:16:44.731	0.57513	0.57516			6
2026.01.09	01:16:45.385	0.57512				2
2026.01.09	01:16:46.080	0.57513				2
2026.01.09	01:16:47.383		0.57517			4
2026.01.09	01:16:48.339	0.57512	0.57515			6
2026.01.09	01:16:49.293	0.57511				2
2026.01.09	01:16:49.905	0.57512	0.57516			6
2026.01.09	01:16:52.202		0.57515			4
2026.01.09	01:16:53.812	0.57513				2
2026.01.09	01:16:54.116	0.57514	0.57517			6
2026.01.09	01:16:54.418		0.57518			4
2026.01.09	01:16:55.069	0.57515	0.57519			6
2026.01.09	01:16:59.278	0.57516				2
2026.01.09	01:17:00.235	0.57516				2
2026.01.09	01:17:06.009	0.57515	0.57518			6
2026.01.09	01:17:08.267	0.57516				2
2026.01.09	01:17:29.140	0.57517				2
2026.01.09	01:17:30.367	0.57516	0.57519			6
2026.01.09	01:17:32.301	0.57517				2
2026.01.09	01:17:36.019	0.57516	0.57518			6
2026.01.09	01:17:36.337	0.57517	0.57519			6
2026.01.09	01:17:38.827	0.57516	0.57518			6
2026.01.09	01:17:40.990	0.57517	0.57519			6
2026.01.09	01:17:44.746	0.57516	0.57518			6
2026.01.09	01:17:46.319	0.57517	0.57519			6
2026.01.09	01:17:46.622	0.57516	0.57518			6
2026.01.09	01:17:47.254		0.57519			4
2026.01.09	01:17:48.557	0.57514	0.57517			6
2026.01.09	01:17:50.164		0.57518			4
2026.01.09	01:17:53.377		0.57517			4
2026.01.09	01:17:59.147	0.57515				2
2026.01.09	01:18:00.071	0.57515				2
2026.01.09	01:18:01.954	0.57514	0.57516			6
2026.01.09	01:18:02.257	0.57515	0.57517			6
2026.01.09	01:18:08.500	0.57514	0.57516			6
2026.01.09	01:18:14.152	0.57513	0.57515			6
2026.01.09	01:18:15.380		0.57516			4
2026.01.09	01:18:16.011	0.57512	0.57515			6
2026.01.09	01:18:18.571	0.57511				2
2026.01.09	01:18:20.177		0.57514			4
2026.01.09	01:18:26.300	0.57512				2
2026.01.09	01:18:36.247	0.57511	0.57513			6
2026.01.09	01:18:38.121	0.57510				2
2026.01.09	01:18:38.454	0.57511	0.57514			6
2026.01.09	01:18:45.229	0.57512				2
2026.01.09	01:19:00.138	0.57512				2
2026.01.09	01:19:29.696	0.57511	0.57513			6
2026.01.09	01:19:30.318	0.57512	0.57515			6
2026.01.09	01:19:41.248		0.57514			4
2026.01.09	01:19:54.014	0.57515	0.57517			6
2026.01.09	01:19:54.644	0.57514	0.57516			6
2026.01.09	01:19:55.265		0.57518			4
2026.01.09	01:20:00.117	0.57513	0.57517			6
2026.01.09	01:20:01.071	0.57514				2
2026.01.09	01:20:13.266		0.57516			4
2026.01.09	01:20:22.271	0.57515	0.57517			6
2026.01.09	01:20:23.221	0.57514				2
2026.01.09	01:20:25.161		0.57516			4
2026.01.09	01:20:26.387		0.57517			4
2026.01.09	01:20:30.232		0.57516			4
2026.01.09	01:20:32.710	0.57515	0.57517			6
2026.01.09	01:20:33.344	0.57514				2
2026.01.09	01:20:37.205	0.57515				2
2026.01.09	01:20:53.062	0.57514	0.57516			6
2026.01.09	01:20:54.313		0.57517			4
2026.01.09	01:20:54.664	0.57516	0.57519			6
2026.01.09	01:20:54.966	0.57515	0.57518			6
2026.01.09	01:20:57.521	0.57516	0.57519			6
2026.01.09	01:20:58.174		0.57520			4
2026.01.09	01:20:58.476	0.57515	0.57519			6
2026.01.09	01:20:58.825	0.57514	0.57518			6
2026.01.09	01:21:00.084	0.57514				2
2026.01.09	01:21:05.304		0.57517			4
2026.01.09	01:21:13.133		0.57516			4
2026.01.09	01:21:16.871	0.57515	0.57517			6
2026.01.09	01:21:17.172	0.57514				2
2026.01.09	01:21:21.368	0.57515				2
2026.01.09	01:21:30.380		0.57516			4
2026.01.09	01:21:57.256		0.57517			4
2026.01.09	01:22:00.118	0.57515				2
2026.01.09	01:22:00.468	0.57514	0.57516			6
2026.01.09	01:22:01.419		0.57517			4
2026.01.09	01:22:05.329		0.57518			4
2026.01.09	01:22:06.636	0.57513	0.57517			6
2026.01.09	01:22:08.589	0.57515	0.57519			6
2026.01.09	01:22:10.847	0.57516	0.57520			6
2026.01.09	01:22:11.149	0.57515	0.57519			6
2026.01.09	01:22:11.477		0.57518			4
2026.01.09	01:22:16.321	0.57516	0.57520			6
2026.01.09	01:22:16.671	0.57517	0.57521			6
2026.01.09	01:22:17.673	0.57516	0.57520			6
2026.01.09	01:22:28.378	0.57517				2
2026.01.09	01:22:29.985	0.57516	0.57519			6
2026.01.09	01:22:33.299	0.57513	0.57516			6
2026.01.09	01:22:33.618	0.57514	0.57517			6
2026.01.09	01:22:34.258		0.57518			4
2026.01.09	01:22:37.313		0.57517			4
2026.01.09	01:22:46.356		0.57516			4
2026.01.09	01:22:51.644	0.57515	0.57517			6
2026.01.09	01:23:00.052	0.57515				2
2026.01.09	01:23:02.533	0.57514	0.57516			6
2026.01.09	01:23:03.469	0.57515	0.57517			6
2026.01.09	01:23:04.394	0.57514				2
2026.01.09	01:23:07.279	0.57515				2
2026.01.09	01:23:20.315		0.57516			4
2026.01.09	01:23:34.302	0.57514	0.57517			6
2026.01.09	01:23:46.193		0.57516			4
2026.01.09	01:23:55.832	0.57516	0.57518			6
2026.01.09	01:23:57.388	0.57515	0.57519			6
2026.01.09	01:24:00.295	0.57515				2
2026.01.09	01:24:01.249	0.57516	0.57520			6
2026.01.09	01:24:02.552	0.57515	0.57519			6
2026.01.09	01:24:09.273		0.57518			4
2026.01.09	01:24:10.574	0.57516				2
2026.01.09	01:24:11.527	0.57515				2
2026.01.09	01:24:13.135	0.57516				2
2026.01.09	01:24:19.357	0.57515				2
2026.01.09	01:24:20.308		0.57517			4
2026.01.09	01:24:21.231		0.57518			4
2026.01.09	01:24:22.868		0.57519			4
2026.01.09	01:24:23.519		0.57518			4
2026.01.09	01:24:33.200	0.57516				2
2026.01.09	01:24:38.163		0.57517			4
2026.01.09	01:24:42.829	0.57515	0.57516			6
2026.01.09	01:24:44.383	0.57514	0.57518			6
2026.01.09	01:24:47.243		0.57517			4
2026.01.09	01:24:50.199	0.57515				2
2026.01.09	01:24:55.164		0.57516			4
2026.01.09	01:25:00.133	0.57515				2
2026.01.09	01:25:22.220	0.57513	0.57514			6
2026.01.09	01:25:23.157	0.57512	0.57516			6
2026.01.09	01:25:24.158	0.57511	0.57515			6
2026.01.09	01:25:25.507	0.57514	0.57518			6
2026.01.09	01:25:36.396		0.57517			4
2026.01.09	01:25:41.222	0.57515				2
2026.01.09	01:25:44.335	0.57514	0.57516			6
2026.01.09	01:25:54.278	0.57515				2
2026.01.09	01:25:56.134		0.57517			4
2026.01.09	01:26:00.173	0.57515				2
2026.01.09	01:26:03.287		0.57516			4
2026.01.09	01:26:03.606	0.57516	0.57517			6
2026.01.09	01:26:03.908	0.57517	0.57518			6
2026.01.09	01:26:05.167	0.57515	0.57519			6
2026.01.09	01:26:09.406	0.57516				2
2026.01.09	01:26:14.230		0.57518			4
2026.01.09	01:26:15.483	0.57514	0.57516			6
2026.01.09	01:26:16.104	0.57513	0.57517			6
2026.01.09	01:26:18.042	0.57514	0.57518			6
2026.01.09	01:26:18.951	0.57515	0.57519			6
2026.01.09	01:26:21.204		0.57518			4
2026.01.09	01:26:22.809	0.57516				2
2026.01.09	01:26:35.949	0.57515	0.57517			6
2026.01.09	01:26:40.916	0.57517	0.57519			6
2026.01.09	01:26:42.170	0.57516	0.57520			6
2026.01.09	01:26:43.728		0.57519			4
2026.01.09	01:26:44.048	0.57517	0.57518			6
2026.01.09	01:26:44.379	0.57516	0.57519			6
2026.01.09	01:26:50.200		0.57518			4
2026.01.09	01:26:50.503	0.57515	0.57517			6
2026.01.09	01:26:51.149		0.57518			4
2026.01.09	01:26:56.324		0.57517			4
2026.01.09	01:26:58.503	0.57516	0.57518			6
2026.01.09	01:26:58.806	0.57515	0.57517			6
2026.01.09	01:26:59.134		0.57518			4
2026.01.09	01:26:59.439	0.57516	0.57519			6
2026.01.09	01:26:59.787	0.57515	0.57518			6
2026.01.09	01:27:00.090	0.57516	0.57519			6
2026.01.09	01:27:01.396	0.57515	0.57518			6
2026.01.09	01:27:02.702	0.57516				2
2026.01.09	01:27:04.312	0.57515				2
2026.01.09	01:27:07.223		0.57517			4
2026.01.09	01:27:08.149	0.57516	0.57518			6
2026.01.09	01:27:09.404	0.57515	0.57519			6
2026.01.09	01:27:11.346	0.57516				2
2026.01.09	01:27:12.905	0.57515	0.57518			6
2026.01.09	01:27:13.209	0.57516				2
2026.01.09	01:27:18.249		0.57519			4
2026.01.09	01:27:19.227		0.57520			4
2026.01.09	01:27:20.833	0.57515	0.57519			6
2026.01.09	01:27:21.788	0.57516	0.57520			6
2026.01.09	01:27:22.092		0.57519			4
2026.01.09	01:27:23.045	0.57519	0.57520			6
2026.01.09	01:27:23.394	0.57516	0.57519			6
2026.01.09	01:27:23.699	0.57519	0.57520			6
2026.01.09	01:27:24.044	0.57516	0.57519			6
2026.01.09	01:27:24.348	0.57519	0.57520			6
2026.01.09	01:27:24.651	0.57517	0.57519			6
2026.01.09	01:27:24.971	0.57519	0.57520			6
2026.01.09	01:27:25.277	0.57517	0.57519			6
2026.01.09	01:27:25.601	0.57519	0.57520			6
2026.01.09	01:27:25.905	0.57517	0.57519			6
2026.01.09	01:27:26.204	0.57519	0.57520			6
2026.01.09	01:27:26.523	0.57517	0.57519			6
2026.01.09	01:27:27.128		0.57518			4
2026.01.09	01:27:30.242	0.57516				2
2026.01.09	01:27:32.144	0.57517				2
2026.01.09	01:27:44.273	0.57516	0.57517			6
2026.01.09	01:27:45.198		0.57518			4
2026.01.09	01:27:46.151		0.57517			4
2026.01.09	01:27:49.894	0.57517	0.57518			6
2026.01.09	01:27:50.197	0.57516				2
2026.01.09	01:27:50.514	0.57515	0.57517			6
2026.01.09	01:27:51.151	0.57514	0.57518			6
2026.01.09	01:27:57.382		0.57517			4
2026.01.09	01:28:00.294	0.57515				2
2026.01.09	01:28:02.503	0.57514	0.57516			6
2026.01.09	01:28:03.124		0.57517			4
2026.01.09	01:28:05.364		0.57516			4
2026.01.09	01:28:07.289	0.57513				2
2026.01.09	01:28:08.277	0.57514				2
2026.01.09	01:28:10.137		0.57517			4
2026.01.09	01:28:10.440	0.57513	0.57516			6
2026.01.09	01:28:14.303	0.57514				2
2026.01.09	01:28:17.132		0.57515			4
2026.01.09	01:28:30.568	0.57515	0.57516			6
2026.01.09	01:28:31.189	0.57514				2
2026.01.09	01:28:34.380	0.57513				2
2026.01.09	01:28:34.729	0.57512	0.57515			6
2026.01.09	01:28:35.334	0.57511				2
2026.01.09	01:28:42.416	0.57512				2
2026.01.09	01:28:45.378		0.57514			4
2026.01.09	01:28:47.240		0.57515			4
2026.01.09	01:28:48.195	0.57511				2
2026.01.09	01:28:49.200	0.57512				2
2026.01.09	01:28:51.159		0.57514			4
2026.01.09	01:28:55.244	0.57513				2
2026.01.09	01:28:56.180		0.57515			4
2026.01.09	01:28:58.359	0.57512	0.57514			6
2026.01.09	01:28:58.687	0.57511	0.57513			6
2026.01.09	01:28:59.294		0.57514			4
2026.01.09	01:29:00.295	0.57511				2
2026.01.09	01:29:05.414	0.57510				2
2026.01.09	01:29:06.366		0.57513			4
2026.01.09	01:29:07.667	0.57511				2
2026.01.09	01:29:09.228	0.57512				2
2026.01.09	01:29:10.176	0.57511				2
2026.01.09	01:29:12.333		0.57512			4
2026.01.09	01:29:15.759	0.57512	0.57513			6
2026.01.09	01:29:16.364	0.57511				2
2026.01.09	01:29:20.521	0.57512	0.57514			6
2026.01.09	01:29:21.127	0.57511	0.57515			6
2026.01.09	01:29:25.419		0.57514			4
2026.01.09	01:29:27.325	0.57512				2
2026.01.09	01:29:28.248	0.57511	0.57513			6
2026.01.09	01:29:28.577	0.57512	0.57514			6
2026.01.09	01:29:30.133		0.57513			4
2026.01.09	01:29:37.278	0.57511				2
2026.01.09	01:29:39.133	0.57512				2
2026.01.09	01:30:00.247	0.57512				2
2026.01.09	01:30:05.251	0.57511	0.57514			6
2026.01.09	01:30:06.553	0.57510	0.57513			6
2026.01.09	01:30:06.856	0.57513	0.57516			6
2026.01.09	01:30:07.204	0.57514				2
2026.01.09	01:30:08.157	0.57513	0.57517			6
2026.01.09	01:30:15.227	0.57514				2
2026.01.09	01:30:16.185	0.57516	0.57519			6
2026.01.09	01:30:21.400		0.57518			4
2026.01.09	01:30:26.173		0.57519			4
2026.01.09	01:30:28.126	0.57517	0.57520			6
2026.01.09	01:30:31.639	0.57518	0.57522			6
2026.01.09	01:30:34.030		0.57521			4
2026.01.09	01:30:34.331		0.57520			4
2026.01.09	01:30:34.646	0.57517				2
2026.01.09	01:30:40.472		0.57521			4
2026.01.09	01:30:40.788		0.57520			4
2026.01.09	01:30:44.032		0.57521			4
2026.01.09	01:30:44.336		0.57520			4
2026.01.09	01:30:50.161		0.57519			4
2026.01.09	01:30:54.832	0.57518	0.57520			6
2026.01.09	01:30:55.148	0.57517	0.57519			6
2026.01.09	01:30:56.391	0.57518	0.57520			6
2026.01.09	01:30:56.707	0.57517	0.57519			6
2026.01.09	01:30:57.313	0.57518	0.57521			6
2026.01.09	01:30:58.595	0.57517	0.57520			6
2026.01.09	01:31:00.198	0.57517				2
2026.01.09	01:31:01.796	0.57518	0.57521			6
2026.01.09	01:31:02.406		0.57520			4
2026.01.09	01:31:03.355		0.57521			4
2026.01.09	01:31:04.307		0.57520			4
2026.01.09	01:31:14.231	0.57519				2
2026.01.09	01:31:29.462	0.57518	0.57519			6
2026.01.09	01:31:30.093	0.57517	0.57520			6
2026.01.09	01:31:35.210		0.57519			4
2026.01.09	01:31:46.114	0.57515	0.57517			6
2026.01.09	01:31:46.417	0.57513	0.57515			6
2026.01.09	01:31:46.746	0.57514	0.57516			6
2026.01.09	01:31:47.365	0.57513	0.57517			6
2026.01.09	01:31:53.977	0.57514				2
2026.01.09	01:31:56.535		0.57518			4
2026.01.09	01:31:58.392		0.57517			4
2026.01.09	01:32:00.347	0.57514				2
2026.01.09	01:32:03.412		0.57516			4
2026.01.09	01:32:04.359	0.57513	0.57515			6
2026.01.09	01:32:05.280		0.57516			4
2026.01.09	01:32:12.035	0.57514	0.57517			6
2026.01.09	01:32:12.382		0.57516			4
2026.01.09	01:32:15.168	0.57513	0.57515			6
2026.01.09	01:32:15.480	0.57511	0.57513			6
2026.01.09	01:32:15.800	0.57512	0.57514			6
2026.01.09	01:32:16.102	0.57510				2
2026.01.09	01:32:16.451	0.57511	0.57515			6
2026.01.09	01:32:25.430	0.57512				2
2026.01.09	01:32:28.388		0.57514			4
2026.01.09	01:32:33.355	0.57513				2
2026.01.09	01:32:38.016	0.57512	0.57513			6
2026.01.09	01:32:52.016	0.57513	0.57514			6
2026.01.09	01:32:58.250	0.57511	0.57512			6
2026.01.09	01:32:58.557	0.57510	0.57511			6
2026.01.09	01:32:58.881	0.57509	0.57510			6
2026.01.09	01:32:59.184	0.57508	0.57512			6
2026.01.09	01:33:00.141	0.57508				2
2026.01.09	01:33:01.159	0.57507	0.57511			6
2026.01.09	01:33:09.210	0.57508				2
2026.01.09	01:33:09.817	0.57509	0.57512			6
2026.01.09	01:33:10.165		0.57513			4
2026.01.09	01:33:14.384	0.57510				2
2026.01.09	01:33:17.824	0.57509	0.57512			6
2026.01.09	01:33:18.142	0.57508				2
2026.01.09	01:33:19.401	0.57509				2
2026.01.09	01:33:21.354	0.57508	0.57511			6
2026.01.09	01:33:23.264	0.57509				2
2026.01.09	01:33:23.885	0.57508	0.57510			6
2026.01.09	01:33:25.123	0.57507				2
2026.01.09	01:33:26.426	0.57508				2
2026.01.09	01:33:31.108		0.57509			4
2026.01.09	01:34:00.113	0.57508				2
2026.01.09	01:34:28.100	0.57507	0.57508			6
2026.01.09	01:34:28.408	0.57508	0.57509			6
2026.01.09	01:34:28.732	0.57507	0.57508			6
2026.01.09	01:34:29.338		0.57510			4
2026.01.09	01:34:30.337		0.57509			4
2026.01.09	01:34:30.640		0.57510			4
2026.01.09	01:34:30.943	0.57504	0.57507			6
2026.01.09	01:34:31.291	0.57503				2
2026.01.09	01:34:36.171		0.57506			4
2026.01.09	01:34:38.162		0.57507			4
2026.01.09	01:34:41.346		0.57506			4
2026.01.09	01:34:43.531		0.57505			4
2026.01.09	01:34:47.296	0.57502				2
2026.01.09	01:34:50.200	0.57503				2
2026.01.09	01:34:56.315		0.57504			4
2026.01.09	01:34:58.172	0.57502				2
2026.01.09	01:35:00.126	0.57502				2
2026.01.09	01:35:00.431	0.57503	0.57505			6
2026.01.09	01:35:01.129	0.57502	0.57504			6
2026.01.09	01:35:03.386	0.57503				2
2026.01.09	01:35:18.941	0.57502	0.57503			6
2026.01.09	01:35:19.260	0.57503	0.57504			6
2026.01.09	01:35:33.292	0.57502	0.57505			6
2026.01.09	01:35:40.374		0.57504			4
2026.01.09	01:35:57.678	0.57503	0.57505			6
2026.01.09	01:35:58.328	0.57502				2
2026.01.09	01:36:00.287	0.57502				2
2026.01.09	01:36:12.243		0.57504			4
2026.01.09	01:36:40.336	0.57501				2
2026.01.09	01:36:40.988	0.57499	0.57501			6
2026.01.09	01:36:42.291		0.57502			4
2026.01.09	01:36:47.201	0.57498				2
2026.01.09	01:36:54.389		0.57501			4
2026.01.09	01:37:00.165	0.57499				2
2026.01.09	01:37:01.416	0.57497	0.57499			6
2026.01.09	01:37:01.734	0.57498	0.57500			6
2026.01.09	01:37:02.366	0.57497	0.57501			6
2026.01.09	01:37:08.141		0.57500			4
2026.01.09	01:37:15.264	0.57498				2
2026.01.09	01:37:16.188	0.57497				2
2026.01.09	01:37:19.380	0.57498				2
2026.01.09	01:37:22.209		0.57501			4
2026.01.09	01:37:23.194		0.57500			4
2026.01.09	01:37:25.114	0.57497				2
2026.01.09	01:37:28.356	0.57498				2
2026.01.09	01:37:31.186		0.57501			4
2026.01.09	01:37:33.175		0.57500			4
2026.01.09	01:37:41.269	0.57497				2
2026.01.09	01:37:42.254	0.57498				2
2026.01.09	01:37:52.190		0.57499			4
2026.01.09	01:37:56.526	0.57499	0.57500			6
2026.01.09	01:37:57.160	0.57498	0.57501			6
2026.01.09	01:37:58.160		0.57500			4
2026.01.09	01:38:00.037	0.57498				2
2026.01.09	01:38:06.356	0.57497				2
2026.01.09	01:38:09.245	0.57498				2
2026.01.09	01:38:12.350		0.57501			4
2026.01.09	01:38:13.051		0.57500			4
2026.01.09	01:38:14.355		0.57501			4
2026.01.09	01:38:15.412	0.57497	0.57500			6
2026.01.09	01:38:20.227	0.57498				2
2026.01.09	01:38:22.133		0.57501			4
2026.01.09	01:38:32.162	0.57499				2
2026.01.09	01:38:34.023	0.57498	0.57500			6
2026.01.09	01:38:35.275	0.57497	0.57501			6
2026.01.09	01:38:40.144		0.57500			4
2026.01.09	01:38:45.315	0.57498				2
2026.01.09	01:38:53.401		0.57501			4
2026.01.09	01:38:57.313		0.57500			4
2026.01.09	01:38:59.188	0.57497				2
2026.01.09	01:39:00.174	0.57497				2
2026.01.09	01:39:00.826	0.57498	0.57501			6
2026.01.09	01:39:02.433	0.57497				2
2026.01.09	01:39:04.136	0.57498				2
2026.01.09	01:39:09.253		0.57500			4
2026.01.09	01:39:11.113	0.57497				2
2026.01.09	01:39:16.277	0.57498				2
2026.01.09	01:39:23.098		0.57501			4
2026.01.09	01:39:29.216		0.57500			4
2026.01.09	01:39:39.149	0.57497				2
2026.01.09	01:39:49.322	0.57498	0.57501			6
2026.01.09	01:39:50.295	0.57497				2
2026.01.09	01:39:57.374	0.57498				2
2026.01.09	01:40:00.288	0.57498	0.57500			6
2026.01.09	01:40:01.214	0.57497	0.57501			6
2026.01.09	01:40:02.401		0.57500			4
2026.01.09	01:40:05.314	0.57498				2
2026.01.09	01:40:10.290		0.57499			4
2026.01.09	01:40:16.841	0.57499	0.57500			6
2026.01.09	01:40:17.168	0.57498	0.57501			6
2026.01.09	01:40:20.425		0.57500			4
2026.01.09	01:40:25.394	0.57499				2
2026.01.09	01:40:29.124	0.57498	0.57501			6
2026.01.09	01:40:33.422	0.57499				2
2026.01.09	01:40:39.308		0.57500			4
2026.01.09	01:40:43.352	0.57498	0.57501			6
2026.01.09	01:40:48.219		0.57500			4
2026.01.09	01:40:49.142		0.57501			4
2026.01.09	01:40:51.430		0.57500			4
2026.01.09	01:41:00.002	0.57498				2
2026.01.09	01:41:00.319		0.57501			4
2026.01.09	01:41:06.371		0.57500			4
2026.01.09	01:41:07.295	0.57497	0.57501			6
2026.01.09	01:41:10.234		0.57500			4
2026.01.09	01:41:12.094	0.57498	0.57501			6
2026.01.09	01:41:19.420		0.57500			4
2026.01.09	01:41:21.292		0.57501			4
2026.01.09	01:41:24.436		0.57500			4
2026.01.09	01:41:26.740		0.57501			4
2026.01.09	01:41:33.314		0.57500			4
2026.01.09	01:41:34.269	0.57497	0.57501			6
2026.01.09	01:41:37.132		0.57500			4
2026.01.09	01:41:39.692	0.57498	0.57501			6
2026.01.09	01:41:40.341	0.57497				2
2026.01.09	01:41:43.248	0.57498				2
2026.01.09	01:41:45.553	0.57499	0.57502			6
2026.01.09	01:41:46.158	0.57498				2
2026.01.09	01:41:54.426	0.57499				2
2026.01.09	01:41:56.034	0.57498	0.57501			6
2026.01.09	01:41:56.335	0.57497				2
2026.01.09	01:41:56.686	0.57498	0.57502			6
2026.01.09	01:42:00.301	0.57498				2
2026.01.09	01:42:04.163		0.57501			4
2026.01.09	01:42:06.421	0.57499				2
2026.01.09	01:42:10.155		0.57500			4
2026.01.09	01:43:00.215	0.57499				2
2026.01.09	01:43:04.265	0.57497	0.57501			6
2026.01.09	01:43:04.916	0.57496	0.57500			6
2026.01.09	01:43:05.220	0.57497				2
2026.01.09	01:43:11.996	0.57496				2
2026.01.09	01:43:15.212	0.57497				2
2026.01.09	01:43:19.429		0.57499			4
2026.01.09	01:43:24.144	0.57498				2
2026.01.09	01:44:00.307	0.57498				2
2026.01.09	01:44:07.155	0.57496	0.57497			6
2026.01.09	01:44:07.484	0.57495	0.57496			6
2026.01.09	01:44:07.788	0.57496	0.57497			6
2026.01.09	01:44:08.090	0.57494	0.57498			6
2026.01.09	01:44:09.396	0.57493	0.57497			6
2026.01.09	01:44:20.283		0.57496			4
2026.01.09	01:44:24.797	0.57494	0.57497			6
2026.01.09	01:44:26.400	0.57493				2
2026.01.09	01:44:26.703	0.57494	0.57498			6
2026.01.09	01:44:31.222		0.57497			4
2026.01.09	01:44:38.943	0.57493	0.57496			6
2026.01.09	01:44:40.248	0.57492				2
2026.01.09	01:44:43.155	0.57493				2
2026.01.09	01:44:47.318	0.57492				2
2026.01.09	01:44:54.395	0.57493				2
2026.01.09	01:44:59.161	0.57492	0.57495			6
2026.01.09	01:45:00.117	0.57492				2
2026.01.09	01:45:03.725	0.57493	0.57496			6
2026.01.09	01:45:05.632		0.57495			4
2026.01.09	01:45:05.936	0.57495	0.57496			6
2026.01.09	01:45:06.497	0.57493	0.57495			6
2026.01.09	01:45:07.441	0.57495	0.57496			6
2026.01.09	01:45:07.754	0.57493	0.57495			6
2026.01.09	01:45:08.082	0.57495	0.57496			6
2026.01.09	01:45:08.393	0.57493	0.57495			6
2026.01.09	01:45:08.694	0.57495	0.57496			6
2026.01.09	01:45:08.998	0.57493	0.57495			6
2026.01.09	01:45:09.316	0.57495	0.57496			6
2026.01.09	01:45:09.617	0.57493	0.57495			6
2026.01.09	01:45:14.334	0.57492	0.57494			6
2026.01.09	01:45:15.269	0.57491	0.57495			6
2026.01.09	01:45:18.181	0.57492				2
2026.01.09	01:45:21.739	0.57491	0.57494			6
2026.01.09	01:45:22.390	0.57490				2
2026.01.09	01:45:23.993	0.57491				2
2026.01.09	01:45:24.297	0.57492	0.57496			6
2026.01.09	01:45:29.110	0.57491	0.57495			6
2026.01.09	01:45:32.320	0.57492				2
2026.01.09	01:45:37.137		0.57494			4
2026.01.09	01:45:45.215	0.57493				2
2026.01.09	01:45:47.697	0.57490	0.57491			6
2026.01.09	01:45:48.025	0.57491	0.57492			6
2026.01.09	01:45:48.328	0.57489	0.57493			6
2026.01.09	01:45:48.630	0.57490	0.57494			6
2026.01.09	01:45:48.979	0.57489	0.57493			6
2026.01.09	01:45:49.327	0.57490	0.57494			6
2026.01.09	01:45:49.677	0.57489	0.57493			6
2026.01.09	01:45:50.633	0.57490	0.57494			6
2026.01.09	01:45:50.983	0.57489	0.57493			6
2026.01.09	01:45:54.197	0.57490	0.57494			6
2026.01.09	01:45:54.501	0.57489	0.57493			6
2026.01.09	01:45:57.416	0.57490				2
2026.01.09	01:46:00.025	0.57490				2
2026.01.09	01:46:02.285		0.57492			4
2026.01.09	01:46:05.094	0.57491	0.57493			6
2026.01.09	01:46:12.540	0.57490	0.57492			6
2026.01.09	01:46:19.137	0.57491				2
2026.01.09	01:46:26.263	0.57490				2
2026.01.09	01:46:27.211		0.57493			4
2026.01.09	01:46:28.120		0.57494			4
2026.01.09	01:46:30.723	0.57496	0.57499			6
2026.01.09	01:46:31.026		0.57500			4
2026.01.09	01:46:43.321		0.57499			4
2026.01.09	01:46:45.879	0.57497	0.57500			6
2026.01.09	01:46:52.298		0.57499			4
2026.01.09	01:47:00.066	0.57497				2
2026.01.09	01:47:00.672	0.57493	0.57495			6
2026.01.09	01:47:00.990	0.57494	0.57496			6
2026.01.09	01:47:01.294	0.57492				2
2026.01.09	01:47:08.398		0.57495			4
2026.01.09	01:47:11.658	0.57493	0.57496			6
2026.01.09	01:47:15.171		0.57495			4
2026.01.09	01:47:31.345	0.57494				2
2026.01.09	01:47:59.970	0.57491	0.57492			6
2026.01.09	01:48:00.290	0.57489	0.57493			6
2026.01.09	01:48:00.599	0.57490	0.57494			6
2026.01.09	01:48:03.479	0.57489	0.57493			6
2026.01.09	01:48:03.781	0.57490	0.57494			6
2026.01.09	01:48:11.155	0.57491				2
2026.01.09	01:48:11.501	0.57490	0.57493			6
2026.01.09	01:48:11.805	0.57491	0.57494			6
2026.01.09	01:48:12.107	0.57490	0.57493			6
2026.01.09	01:48:12.760	0.57491	0.57494			6
2026.01.09	01:48:13.107	0.57490	0.57493			6
2026.01.09	01:48:13.409	0.57491	0.57494			6
2026.01.09	01:48:14.060	0.57490	0.57493			6
2026.01.09	01:48:14.712	0.57491	0.57494			6
2026.01.09	01:48:15.014	0.57490	0.57493			6
2026.01.09	01:48:15.317	0.57491	0.57494			6
2026.01.09	01:48:20.132	0.57493	0.57495			6
2026.01.09	01:48:23.340	0.57492				2
2026.01.09	01:48:26.597	0.57491	0.57494			6
2026.01.09	01:48:30.154	0.57492				2
2026.01.09	01:48:35.491	0.57493	0.57495			6
2026.01.09	01:48:37.375		0.57496			4
2026.01.09	01:48:44.058	0.57492	0.57495			6
2026.01.09	01:48:44.407	0.57493				2
2026.01.09	01:48:45.331	0.57492				2
2026.01.09	01:48:46.317	0.57493				2
2026.01.09	01:48:53.167		0.57494			4
2026.01.09	01:49:00.028	0.57493				2
2026.01.09	01:49:09.369	0.57492				2
2026.01.09	01:49:15.874	0.57491	0.57493			6
2026.01.09	01:49:16.180	0.57490	0.57492			6
2026.01.09	01:49:16.527	0.57491	0.57493			6
2026.01.09	01:49:17.133		0.57494			4
2026.01.09	01:49:17.438	0.57490				2
2026.01.09	01:49:18.084	0.57491	0.57495			6
2026.01.09	01:49:26.415		0.57494			4
2026.01.09	01:49:30.283	0.57492				2
2026.01.09	01:49:36.828	0.57491	0.57493			6
2026.01.09	01:49:38.365		0.57494			4
2026.01.09	01:49:40.319		0.57495			4
2026.01.09	01:49:43.277		0.57494			4
2026.01.09	01:49:47.140	0.57492				2
2026.01.09	01:49:51.829	0.57489	0.57491			6
2026.01.09	01:49:53.408	0.57488	0.57492			6
2026.01.09	01:50:00.186	0.57488				2
2026.01.09	01:50:03.398		0.57491			4
2026.01.09	01:50:04.052	0.57489	0.57492			6
2026.01.09	01:50:05.310		0.57493			4
2026.01.09	01:50:05.660	0.57488	0.57492			6
2026.01.09	01:50:06.311	0.57489				2
2026.01.09	01:50:07.262	0.57488				2
2026.01.09	01:50:08.219	0.57489				2
2026.01.09	01:50:11.433		0.57491			4
2026.01.09	01:50:15.195	0.57492	0.57493			6
2026.01.09	01:50:16.117	0.57491	0.57495			6
2026.01.09	01:50:22.320		0.57494			4
2026.01.09	01:50:24.274	0.57492				2
2026.01.09	01:50:24.895	0.57491	0.57493			6
2026.01.09	01:50:25.199	0.57490	0.57492			6
2026.01.09	01:50:25.527	0.57491	0.57493			6
2026.01.09	01:50:26.135	0.57490	0.57494			6
2026.01.09	01:50:26.482	0.57491	0.57495			6
2026.01.09	01:50:26.785	0.57490	0.57494			6
2026.01.09	01:50:27.113	0.57491	0.57495			6
2026.01.09	01:50:27.740	0.57490	0.57494			6
2026.01.09	01:50:30.344		0.57493			4
2026.01.09	01:50:30.649	0.57491	0.57494			6
2026.01.09	01:50:31.605	0.57490	0.57493			6
2026.01.09	01:50:33.210	0.57491	0.57494			6
2026.01.09	01:50:33.511	0.57490	0.57493			6
2026.01.09	01:50:33.860	0.57491	0.57494			6
2026.01.09	01:50:35.164		0.57493			4
2026.01.09	01:50:36.392		0.57494			4
2026.01.09	01:50:37.326		0.57493			4
2026.01.09	01:50:41.410	0.57492	0.57494			6
2026.01.09	01:50:41.739	0.57491	0.57493			6
2026.01.09	01:50:42.361	0.57490				2
2026.01.09	01:50:43.348	0.57491	0.57494			6
2026.01.09	01:50:43.651	0.57490	0.57493			6
2026.01.09	01:50:44.608	0.57491	0.57494			6
2026.01.09	01:50:44.956	0.57490	0.57493			6
2026.01.09	01:50:46.214	0.57491				2
2026.01.09	01:50:47.769	0.57492	0.57494			6
2026.01.09	01:50:48.070	0.57491	0.57493			6
2026.01.09	01:50:48.389	0.57490				2
2026.01.09	01:50:49.323	0.57491				2
2026.01.09	01:50:50.250	0.57490				2
2026.01.09	01:50:50.881	0.57491	0.57494			6
2026.01.09	01:50:51.230	0.57490	0.57493			6
2026.01.09	01:50:51.532	0.57491	0.57494			6
2026.01.09	01:50:51.837	0.57490	0.57493			6
2026.01.09	01:50:52.185	0.57491				2
2026.01.09	01:50:53.412	0.57492	0.57494			6
2026.01.09	01:50:55.297	0.57491	0.57495			6
2026.01.09	01:50:57.207		0.57494			4
2026.01.09	01:50:59.118	0.57492				2
2026.01.09	01:51:00.043	0.57492				2
2026.01.09	01:51:02.229		0.57493			4
2026.01.09	01:51:07.871	0.57493	0.57494			6
2026.01.09	01:51:08.182	0.57494	0.57495			6
2026.01.09	01:51:09.123	0.57493	0.57496			6
2026.01.09	01:51:10.588		0.57497			4
2026.01.09	01:51:11.668		0.57496			4
2026.01.09	01:51:16.227		0.57495			4
2026.01.09	01:51:20.309		0.57494			4
2026.01.09	01:51:21.865	0.57494	0.57495			6
2026.01.09	01:51:33.361	0.57493	0.57494			6
2026.01.09	01:51:35.221	0.57494	0.57495			6
2026.01.09	01:51:36.174	0.57493	0.57496			6
2026.01.09	01:51:36.506		0.57497			4
2026.01.09	01:51:38.414		0.57496			4
2026.01.09	01:51:40.335	0.57494				2
2026.01.09	01:51:44.403		0.57495			4
2026.01.09	01:51:48.165	0.57495	0.57496			6
2026.01.09	01:51:49.117	0.57494				2
2026.01.09	01:51:50.404	0.57496	0.57498			6
2026.01.09	01:51:51.359	0.57495	0.57499			6
2026.01.09	01:51:56.178	0.57496	0.57500			6
2026.01.09	01:51:56.500	0.57495	0.57499			6
2026.01.09	01:51:57.159		0.57498			4
2026.01.09	01:51:58.433		0.57499			4
2026.01.09	01:52:00.336	0.57495				2
2026.01.09	01:52:02.246	0.57496				2
2026.01.09	01:52:02.898	0.57495	0.57498			6
2026.01.09	01:52:04.501	0.57494	0.57497			6
2026.01.09	01:52:05.158		0.57498			4
2026.01.09	01:52:05.462	0.57495	0.57499			6
2026.01.09	01:52:07.067	0.57494	0.57498			6
2026.01.09	01:52:07.371	0.57495	0.57499			6
2026.01.09	01:52:08.023	0.57494	0.57498			6
2026.01.09	01:52:09.980	0.57495	0.57499			6
2026.01.09	01:52:10.585	0.57494	0.57498			6
2026.01.09	01:52:12.846	0.57495	0.57499			6
2026.01.09	01:52:13.193		0.57498			4
2026.01.09	01:52:15.736	0.57493	0.57496			6
2026.01.09	01:52:16.405		0.57497			4
2026.01.09	01:52:22.177		0.57496			4
2026.01.09	01:52:24.087	0.57494				2
2026.01.09	01:52:27.196		0.57495			4
2026.01.09	01:52:39.008	0.57495	0.57496			6
2026.01.09	01:52:42.420	0.57496	0.57497			6
2026.01.09	01:52:43.353	0.57495	0.57499			6
2026.01.09	01:52:44.958	0.57496				2
2026.01.09	01:52:45.262	0.57497	0.57500			6
2026.01.09	01:52:48.169	0.57495	0.57499			6
2026.01.09	01:52:53.588	0.57497	0.57501			6
2026.01.09	01:52:55.753	0.57495	0.57499			6
2026.01.09	01:52:59.612	0.57496	0.57500			6
2026.01.09	01:52:59.960	0.57495	0.57499			6
2026.01.09	01:53:00.263	0.57496				2
2026.01.09	01:53:00.567	0.57495				2
2026.01.09	01:53:01.818	0.57496				2
2026.01.09	01:53:07.289		0.57498			4
2026.01.09	01:53:10.069	0.57497	0.57499			6
2026.01.09	01:53:10.398		0.57498			4
2026.01.09	01:53:15.367	0.57495	0.57496			6
2026.01.09	01:53:16.290	0.57493	0.57497			6
2026.01.09	01:53:19.179	0.57496	0.57500			6
2026.01.09	01:53:19.783	0.57495	0.57499			6
2026.01.09	01:53:30.317	0.57496				2
2026.01.09	01:53:30.621	0.57495	0.57498			6
2026.01.09	01:53:32.176	0.57496				2
2026.01.09	01:53:32.480	0.57498	0.57500			6
2026.01.09	01:53:33.129	0.57497	0.57501			6
2026.01.09	01:53:36.394	0.57498				2
2026.01.09	01:53:39.301		0.57500			4
2026.01.09	01:53:42.412	0.57499				2
2026.01.09	01:53:57.321	0.57498	0.57499			6
2026.01.09	01:54:00.130	0.57498				2
2026.01.09	01:54:02.290	0.57499	0.57500			6
2026.01.09	01:54:04.466	0.57497	0.57498			6
2026.01.09	01:54:05.403	0.57496	0.57500			6
2026.01.09	01:54:09.264		0.57499			4
2026.01.09	01:54:11.219	0.57497				2
2026.01.09	01:54:14.346		0.57498			4
2026.01.09	01:54:19.020	0.57498	0.57499			6
2026.01.09	01:54:19.330		0.57500			4
2026.01.09	01:54:26.248		0.57499			4
2026.01.09	01:54:43.360	0.57497	0.57501			6
2026.01.09	01:54:48.409		0.57500			4
2026.01.09	01:54:52.878	0.57496				2
2026.01.09	01:54:56.088	0.57497				2
2026.01.09	01:54:59.302		0.57499			4
2026.01.09	01:55:00.249	0.57497				2
2026.01.09	01:55:02.413	0.57496	0.57498			6
2026.01.09	01:55:02.731	0.57497				2
2026.01.09	01:55:03.033	0.57498	0.57500			6
2026.01.09	01:55:04.287	0.57497	0.57499			6
2026.01.09	01:55:05.220		0.57500			4
2026.01.09	01:55:08.082	0.57496	0.57499			6
2026.01.09	01:55:08.431	0.57497				2
2026.01.09	01:55:09.355	0.57498	0.57500			6
2026.01.09	01:55:22.257		0.57499			4
2026.01.09	01:55:50.313		0.57500			4
2026.01.09	01:55:51.296		0.57501			4
2026.01.09	01:55:51.645	0.57497	0.57500			6
2026.01.09	01:55:52.250		0.57501			4
2026.01.09	01:55:53.250		0.57500			4
2026.01.09	01:56:00.331	0.57497				2
2026.01.09	01:56:01.330	0.57498				2
2026.01.09	01:56:13.271		0.57501			4
2026.01.09	01:56:20.251	0.57497				2
2026.01.09	01:56:22.202	0.57498				2
2026.01.09	01:56:32.142		0.57500			4
2026.01.09	01:56:45.543	0.57499	0.57501			6
2026.01.09	01:56:47.400	0.57498				2
2026.01.09	01:56:49.657	0.57499	0.57502			6
2026.01.09	01:56:50.958	0.57498	0.57501			6
2026.01.09	01:56:51.263	0.57497				2
2026.01.09	01:56:58.691	0.57498	0.57502			6
2026.01.09	01:56:59.019	0.57500	0.57504			6
2026.01.09	01:57:00.296	0.57500				2
2026.01.09	01:57:10.330	0.57501				2
2026.01.09	01:57:14.152	0.57499	0.57502			6
2026.01.09	01:57:15.455	0.57497	0.57501			6
2026.01.09	01:57:21.574	0.57499	0.57503			6
2026.01.09	01:57:26.046	0.57498	0.57502			6
2026.01.09	01:57:31.259		0.57501			4
2026.01.09	01:57:36.380	0.57499				2
2026.01.09	01:57:51.333	0.57498				2
2026.01.09	01:57:52.287	0.57499				2
2026.01.09	01:58:00.067	0.57499				2
2026.01.09	01:58:02.228		0.57500			4
2026.01.09	01:58:15.622	0.57500	0.57501			6
2026.01.09	01:58:15.925	0.57499	0.57500			6
2026.01.09	01:58:31.156	0.57498	0.57501			6
2026.01.09	01:58:34.399		0.57500			4
2026.01.09	01:58:40.521	0.57493	0.57494			6
2026.01.09	01:58:40.824	0.57489	0.57492			6
2026.01.09	01:58:41.173		0.57493			4
2026.01.09	01:58:45.340	0.57490	0.57494			6
2026.01.09	01:58:45.643	0.57491	0.57495			6
2026.01.09	01:58:54.325		0.57494			4
2026.01.09	01:59:00.099	0.57491				2
2026.01.09	01:59:02.356	0.57492				2
2026.01.09	01:59:13.568	0.57493	0.57495			6
2026.01.09	01:59:14.199		0.57496			4
2026.01.09	01:59:16.108		0.57495			4
2026.01.09	01:59:19.222	0.57492				2
2026.01.09	01:59:20.176	0.57493				2
2026.01.09	01:59:52.521	0.57496	0.57498			6
2026.01.09	01:59:52.825	0.57494	0.57496			6
2026.01.09	01:59:57.269	0.57497	0.57499			6
2026.01.09	01:59:57.577	0.57496	0.57498			6
2026.01.09	01:59:57.925	0.57495	0.57497			6
2026.01.09	01:59:58.273		0.57498			4
2026.01.09	01:59:59.842	0.57497	0.57500			6
2026.01.09	02:00:00.189	0.57496				2
2026.01.09	02:00:00.494	0.57495	0.57499			6
2026.01.09	02:00:00.823	0.57493	0.57497			6
2026.01.09	02:00:06.765		0.57496			4
2026.01.09	02:00:09.218		0.57495			4
2026.01.09	02:00:12.428		0.57494			4
2026.01.09	02:00:12.775		0.57495			4
2026.01.09	02:00:17.250		0.57494			4
2026.01.09	02:00:18.553	0.57492				2
2026.01.09	02:00:24.491	0.57493				2
2026.01.09	02:00:26.674	0.57494	0.57495			6
2026.01.09	02:00:26.976	0.57493	0.57494			6
2026.01.09	02:00:27.279	0.57494	0.57495			6
2026.01.09	02:00:27.586	0.57493	0.57494			6
2026.01.09	02:00:27.900	0.57494	0.57495			6
2026.01.09	02:00:28.203	0.57493	0.57494			6
2026.01.09	02:00:28.507	0.57494	0.57495			6
2026.01.09	02:00:28.836	0.57493	0.57494			6
2026.01.09	02:00:29.139	0.57494	0.57495			6
2026.01.09	02:00:29.458	0.57493				2
2026.01.09	02:00:29.982	0.57495	0.57496			6
2026.01.09	02:00:30.291	0.57493	0.57495			6
2026.01.09	02:00:30.594		0.57494			4
2026.01.09	02:00:30.896		0.57495			4
2026.01.09	02:00:31.215		0.57494			4
2026.01.09	02:00:39.747	0.57488	0.57490			6
2026.01.09	02:00:40.377	0.57484	0.57488			6
2026.01.09	02:00:40.727	0.57483	0.57487			6
2026.01.09	02:00:41.381	0.57484	0.57488			6
2026.01.09	02:00:45.593	0.57485	0.57489			6
2026.01.09	02:00:49.109	0.57487	0.57490			6
2026.01.09	02:00:50.768	0.57488	0.57491			6
2026.01.09	02:00:51.102	0.57487				2
2026.01.09	02:00:51.415	0.57488	0.57492			6
2026.01.09	02:00:51.718	0.57487	0.57491			6
2026.01.09	02:00:54.324	0.57491	0.57494			6
2026.01.09	02:00:54.627		0.57495			4
2026.01.09	02:00:55.279	0.57492				2
2026.01.09	02:00:55.581	0.57491				2
2026.01.09	02:00:56.537	0.57492				2
2026.01.09	02:01:00.098	0.57492				2
2026.01.09	02:01:00.751		0.57496			4
2026.01.09	02:01:01.307		0.57495			4
2026.01.09	02:01:01.655		0.57496			4
2026.01.09	02:01:02.406	0.57493				2
2026.01.09	02:01:03.361	0.57492	0.57494			6
2026.01.09	02:01:04.316		0.57496			4
2026.01.09	02:01:04.664		0.57495			4
2026.01.09	02:01:09.137		0.57494			4
2026.01.09	02:01:10.440	0.57489	0.57492			6
2026.01.09	02:01:12.349		0.57493			4
2026.01.09	02:01:13.303		0.57492			4
2026.01.09	02:01:15.257	0.57492	0.57495			6
2026.01.09	02:01:16.213	0.57491				2
2026.01.09	02:01:19.423		0.57494			4
2026.01.09	02:01:20.681	0.57488	0.57491			6
2026.01.09	02:01:21.332	0.57487	0.57490			6
2026.01.09	02:01:22.285		0.57491			4
2026.01.09	02:01:22.938	0.57486	0.57490			6
2026.01.09	02:01:23.286	0.57485	0.57489			6
2026.01.09	02:01:23.894	0.57486	0.57490			6
2026.01.09	02:01:29.312		0.57489			4
2026.01.09	02:01:29.661	0.57487	0.57490			6
2026.01.09	02:01:29.964	0.57486	0.57487			6
2026.01.09	02:01:30.267	0.57485				2
2026.01.09	02:01:31.268		0.57488			4
2026.01.09	02:01:32.222		0.57487			4
2026.01.09	02:01:32.833	0.57483	0.57486			6
2026.01.09	02:01:33.177	0.57482	0.57485			6
2026.01.09	02:01:39.902	0.57483	0.57486			6
2026.01.09	02:01:40.250		0.57485			4
2026.01.09	02:01:41.172		0.57486			4
2026.01.09	02:01:42.208		0.57485			4
2026.01.09	02:01:46.891	0.57484	0.57486			6
2026.01.09	02:01:47.195	0.57483	0.57485			6
2026.01.09	02:01:50.306		0.57484			4
2026.01.09	02:01:51.240	0.57485	0.57486			6
2026.01.09	02:01:51.559	0.57484	0.57485			6
2026.01.09	02:01:54.351	0.57482	0.57483			6
2026.01.09	02:01:55.274		0.57484			4
2026.01.09	02:01:59.636	0.57483	0.57485			6
2026.01.09	02:02:00.270	0.57483				2
2026.01.09	02:02:01.193	0.57482				2
2026.01.09	02:02:03.131	0.57483				2
2026.01.09	02:02:06.244	0.57484	0.57486			6
2026.01.09	02:02:07.799	0.57483	0.57485			6
2026.01.09	02:02:14.043	0.57484	0.57486			6
2026.01.09	02:02:20.296		0.57485			4
2026.01.09	02:02:25.568		0.57486			4
2026.01.09	02:02:26.493	0.57486	0.57487			6
2026.01.09	02:02:26.806	0.57487	0.57488			6
2026.01.09	02:02:27.109		0.57489			4
2026.01.09	02:02:27.420		0.57490			4
2026.01.09	02:02:28.052	0.57486				2
2026.01.09	02:02:32.897		0.57489			4
2026.01.09	02:02:33.261	0.57487				2
2026.01.09	02:02:33.899	0.57486				2
2026.01.09	02:02:34.201	0.57487				2
2026.01.09	02:02:34.503	0.57486				2
2026.01.09	02:02:35.150	0.57487				2
2026.01.09	02:02:35.452	0.57488				2
2026.01.09	02:02:38.013		0.57491			4
2026.01.09	02:02:40.270		0.57490			4
2026.01.09	02:02:41.193	0.57487	0.57489			6
2026.01.09	02:02:42.780	0.57489	0.57490			6
2026.01.09	02:02:44.386	0.57488	0.57489			6
2026.01.09	02:02:45.962		0.57490			4
2026.01.09	02:02:47.198		0.57491			4
2026.01.09	02:02:47.658		0.57489			4
2026.01.09	02:02:48.349	0.57487				2
2026.01.09	02:02:49.305	0.57488				2
2026.01.09	02:02:53.269		0.57491			4
2026.01.09	02:02:58.392		0.57490			4
2026.01.09	02:02:58.695		0.57489			4
2026.01.09	02:02:59.317		0.57490			4
2026.01.09	02:03:00.250	0.57488	0.57489			6
2026.01.09	02:03:01.251	0.57489	0.57490			6
2026.01.09	02:03:02.206	0.57487	0.57489			6
2026.01.09	02:03:02.508	0.57488	0.57490			6
2026.01.09	02:03:03.160	0.57487				2
2026.01.09	02:03:05.416	0.57488				2
2026.01.09	02:03:07.275	0.57492	0.57493			6
2026.01.09	02:03:07.585	0.57487	0.57489			6
2026.01.09	02:03:08.199	0.57486	0.57490			6
2026.01.09	02:03:08.522	0.57487				2
2026.01.09	02:03:09.133		0.57489			4
2026.01.09	02:03:13.292		0.57490			4
2026.01.09	02:03:14.550	0.57486	0.57489			6
2026.01.09	02:03:16.155	0.57487				2
2026.01.09	02:03:21.124		0.57488			4
2026.01.09	02:03:46.289	0.57488	0.57489			6
2026.01.09	02:03:47.222	0.57487				2
2026.01.09	02:03:56.563	0.57485	0.57487			6
2026.01.09	02:03:57.169	0.57484	0.57488			6
2026.01.09	02:03:57.822	0.57482	0.57486			6
2026.01.09	02:04:01.033	0.57482				2
2026.01.09	02:04:05.396		0.57485			4
2026.01.09	02:04:08.610	0.57483	0.57486			6
2026.01.09	02:04:12.170		0.57485			4
2026.01.09	02:04:20.887	0.57482	0.57484			6
2026.01.09	02:04:31.153	0.57483	0.57485			6
2026.01.09	02:04:37.678	0.57482	0.57484			6
2026.01.09	02:04:38.283		0.57485			4
2026.01.09	02:04:39.264		0.57486			4
2026.01.09	02:04:42.425	0.57483				2
2026.01.09	02:04:43.379	0.57481	0.57483			6
2026.01.09	02:04:43.682	0.57480				2
2026.01.09	02:04:44.030	0.57479	0.57482			6
2026.01.09	02:04:44.985	0.57480	0.57483			6
2026.01.09	02:04:45.636	0.57481	0.57485			6
2026.01.09	02:04:53.013	0.57482				2
2026.01.09	02:04:53.813		0.57486			4
2026.01.09	02:04:57.430	0.57483				2
2026.01.09	02:05:00.036	0.57483				2
2026.01.09	02:05:00.644	0.57482	0.57485			6
2026.01.09	02:05:01.295	0.57488	0.57491			6
2026.01.09	02:05:02.373	0.57487				2
2026.01.09	02:05:08.784	0.57485	0.57489			6
2026.01.09	02:05:10.078	0.57484	0.57488			6
2026.01.09	02:05:10.728	0.57485	0.57489			6
2026.01.09	02:05:11.032	0.57484	0.57486			6
2026.01.09	02:05:11.372	0.57482				2
2026.01.09	02:05:18.105		0.57485			4
2026.01.09	02:05:22.590	0.57480	0.57483			6
2026.01.09	02:05:23.271	0.57479				2
2026.01.09	02:05:25.181	0.57480				2
2026.01.09	02:05:30.301		0.57482			4
2026.01.09	02:05:40.284		0.57481			4
2026.01.09	02:05:44.626	0.57481	0.57482			6
2026.01.09	02:05:44.954	0.57482	0.57483			6
2026.01.09	02:05:45.258	0.57481	0.57484			6
2026.01.09	02:05:47.166		0.57483			4
2026.01.09	02:05:47.485	0.57483	0.57485			6
2026.01.09	02:05:48.416	0.57482				2
2026.01.09	02:05:51.277	0.57483				2
2026.01.09	02:06:00.300	0.57483	0.57484			6
2026.01.09	02:06:00.907	0.57481	0.57482			6
2026.01.09	02:06:01.225	0.57479	0.57483			6
2026.01.09	02:06:04.118	0.57480				2
2026.01.09	02:06:08.330		0.57482			4
2026.01.09	02:06:10.809	0.57481	0.57483			6
2026.01.09	02:06:17.337	0.57483	0.57484			6
2026.01.09	02:06:17.640	0.57484	0.57485			6
2026.01.09	02:06:18.270	0.57482	0.57486			6
2026.01.09	02:06:22.083	0.57483				2
2026.01.09	02:06:23.342	0.57484				2
2026.01.09	02:06:24.644	0.57485				2
2026.01.09	02:06:39.092	0.57484				2
2026.01.09	02:06:39.395	0.57485				2
2026.01.09	02:06:40.344	0.57484				2
2026.01.09	02:06:41.572	0.57486	0.57488			6
2026.01.09	02:06:41.876	0.57487				2
2026.01.09	02:06:42.204	0.57486				2
2026.01.09	02:06:42.507	0.57487				2
2026.01.09	02:06:43.128	0.57486				2
2026.01.09	02:06:45.418	0.57485				2
2026.01.09	02:06:46.372	0.57486				2
2026.01.09	02:06:47.977		0.57489			4
2026.01.09	02:06:49.581		0.57487			4
2026.01.09	02:06:49.885	0.57485	0.57488			6
2026.01.09	02:06:52.141		0.57487			4
2026.01.09	02:06:53.065	0.57486	0.57488			6
2026.01.09	02:07:00.222	0.57486				2
2026.01.09	02:07:02.397		0.57487			4
2026.01.09	02:07:06.142	0.57487	0.57488			6
2026.01.09	02:07:07.370		0.57489			4
2026.01.09	02:07:08.002	0.57486	0.57488			6
2026.01.09	02:07:09.229	0.57487	0.57489			6
2026.01.09	02:07:10.482	0.57486	0.57488			6
2026.01.09	02:07:15.148	0.57487	0.57489			6
2026.01.09	02:07:15.452	0.57488	0.57490			6
2026.01.09	02:07:15.779	0.57489	0.57491			6
2026.01.09	02:07:16.386	0.57488				2
2026.01.09	02:07:17.991	0.57486	0.57490			6
2026.01.09	02:07:23.204	0.57487				2
2026.01.09	02:07:27.371		0.57489			4
2026.01.09	02:07:29.228	0.57489	0.57491			6
2026.01.09	02:07:30.177	0.57488	0.57492			6
2026.01.09	02:07:30.480	0.57487	0.57491			6
2026.01.09	02:07:32.894	0.57486	0.57490			6
2026.01.09	02:07:33.590	0.57484	0.57488			6
2026.01.09	02:07:34.545	0.57486	0.57489			6
2026.01.09	02:07:34.894		0.57490			4
2026.01.09	02:07:35.197	0.57485	0.57489			6
2026.01.09	02:07:35.806	0.57486	0.57490			6
2026.01.09	02:07:42.119		0.57489			4
2026.01.09	02:07:46.233		0.57488			4
2026.01.09	02:07:52.211	0.57487	0.57489			6
2026.01.09	02:07:53.135	0.57486	0.57490			6
2026.01.09	02:07:54.418	0.57487				2
2026.01.09	02:07:57.279		0.57489			4
2026.01.09	02:08:00.087	0.57487				2
2026.01.09	02:08:01.312	0.57488				2
2026.01.09	02:08:05.055	0.57487	0.57488			6
2026.01.09	02:08:20.611	0.57488	0.57489			6
2026.01.09	02:08:21.230	0.57487	0.57490			6
2026.01.09	02:08:23.128		0.57489			4
2026.01.09	02:08:24.373	0.57486	0.57488			6
2026.01.09	02:08:25.298		0.57489			4
2026.01.09	02:08:25.928	0.57487				2
2026.01.09	02:08:26.240	0.57486				2
2026.01.09	02:08:28.145		0.57488			4
2026.01.09	02:08:29.393	0.57487				2
2026.01.09	02:08:29.698	0.57486				2
2026.01.09	02:08:30.947		0.57489			4
2026.01.09	02:08:31.296		0.57488			4
2026.01.09	02:08:31.598	0.57487				2
2026.01.09	02:08:31.901	0.57486				2
2026.01.09	02:08:35.029	0.57487	0.57489			6
2026.01.09	02:08:36.281	0.57486				2
2026.01.09	02:08:38.821	0.57487				2
2026.01.09	02:08:40.075	0.57485	0.57487			6
2026.01.09	02:08:40.998	0.57484	0.57486			6
2026.01.09	02:08:41.301	0.57483	0.57487			6
2026.01.09	02:08:42.886		0.57486			4
2026.01.09	02:08:43.235		0.57487			4
2026.01.09	02:08:48.056		0.57486			4
2026.01.09	02:08:48.357		0.57485			4
2026.01.09	02:08:49.310		0.57486			4
2026.01.09	02:08:53.175		0.57485			4
2026.01.09	02:09:00.119	0.57483	0.57484			6
2026.01.09	02:09:03.834	0.57482	0.57483			6
2026.01.09	02:09:04.162		0.57484			4
2026.01.09	02:09:09.454	0.57481	0.57483			6
2026.01.09	02:09:09.770	0.57482	0.57484			6
2026.01.09	02:09:10.389	0.57481				2
2026.01.09	02:09:11.388		0.57485			4
2026.01.09	02:09:14.404		0.57484			4
2026.01.09	02:09:16.360	0.57482				2
2026.01.09	02:09:21.329		0.57483			4
2026.01.09	02:09:39.666	0.57483	0.57484			6
2026.01.09	02:09:40.297	0.57482				2
2026.01.09	02:09:53.252	0.57483				2
2026.01.09	02:09:54.178	0.57482				2
2026.01.09	02:09:58.077	0.57481	0.57483			6
2026.01.09	02:09:58.381	0.57480				2
2026.01.09	02:09:59.336		0.57484			4
2026.01.09	02:10:00.337	0.57480				2
2026.01.09	02:10:01.294		0.57483			4
2026.01.09	02:10:09.332	0.57481				2
2026.01.09	02:10:20.784	0.57482	0.57484			6
2026.01.09	02:10:21.088	0.57480				2
2026.01.09	02:10:21.739	0.57481				2
2026.01.09	02:10:24.953	0.57480				2
2026.01.09	02:10:31.377		0.57483			4
2026.01.09	02:10:38.148	0.57481				2
2026.01.09	02:11:00.199	0.57481				2
2026.01.09	02:11:01.134	0.57480				2
2026.01.09	02:11:02.135		0.57484			4
2026.01.09	02:11:03.393		0.57483			4
2026.01.09	02:11:04.694	0.57481	0.57484			6
2026.01.09	02:11:04.997	0.57480	0.57483			6
2026.01.09	02:11:06.299	0.57481	0.57484			6
2026.01.09	02:11:06.602	0.57480	0.57483			6
2026.01.09	02:11:06.905	0.57481	0.57484			6
2026.01.09	02:11:07.231	0.57480	0.57483			6
2026.01.09	02:11:08.207		0.57484			4
2026.01.09	02:11:08.512	0.57481	0.57485			6
2026.01.09	02:11:09.498	0.57480	0.57484			6
2026.01.09	02:11:10.765	0.57481	0.57485			6
2026.01.09	02:11:11.420	0.57480	0.57484			6
2026.01.09	02:11:13.978	0.57481	0.57485			6
2026.01.09	02:11:14.282	0.57483	0.57487			6
2026.01.09	02:11:14.826		0.57486			4
2026.01.09	02:11:15.131		0.57487			4
2026.01.09	02:11:16.361		0.57486			4
2026.01.09	02:11:20.506		0.57487			4
2026.01.09	02:11:23.784		0.57486			4
2026.01.09	02:11:36.310		0.57485			4
2026.01.09	02:11:39.438	0.57484	0.57486			6
2026.01.09	02:11:45.663	0.57483	0.57485			6
2026.01.09	02:11:58.240		0.57484			4
2026.01.09	02:12:00.099	0.57483				2
2026.01.09	02:12:04.469	0.57482	0.57483			6
2026.01.09	02:12:05.387	0.57481	0.57485			6
2026.01.09	02:12:05.706	0.57482	0.57486			6
2026.01.09	02:12:06.972	0.57481	0.57485			6
2026.01.09	02:12:07.928	0.57482				2
2026.01.09	02:12:08.974	0.57477	0.57481			6
2026.01.09	02:12:09.615	0.57478				2
2026.01.09	02:12:10.104	0.57475	0.57479			6
2026.01.09	02:12:10.431	0.57476	0.57480			6
2026.01.09	02:12:10.734	0.57472	0.57476			6
2026.01.09	02:12:11.586	0.57473	0.57475			6
2026.01.09	02:12:12.544		0.57476			4
2026.01.09	02:12:13.095		0.57475			4
2026.01.09	02:12:13.400		0.57476			4
2026.01.09	02:12:21.426		0.57475			4
2026.01.09	02:12:22.727		0.57474			4
2026.01.09	02:12:23.032		0.57475			4
2026.01.09	02:12:25.287	0.57472				2
2026.01.09	02:12:29.149		0.57474			4
2026.01.09	02:12:30.074	0.57473				2
2026.01.09	02:12:33.488		0.57475			4
2026.01.09	02:12:33.815		0.57474			4
2026.01.09	02:12:38.784		0.57475			4
2026.01.09	02:12:40.642	0.57472	0.57474			6
2026.01.09	02:12:59.074	0.57469	0.57471			6
2026.01.09	02:12:59.402		0.57470			4
2026.01.09	02:13:00.009	0.57468	0.57469			6
2026.01.09	02:13:00.317	0.57467	0.57470			6
2026.01.09	02:13:02.918	0.57466				2
2026.01.09	02:13:03.569		0.57469			4
2026.01.09	02:13:03.888		0.57470			4
2026.01.09	02:13:04.520		0.57469			4
2026.01.09	02:13:05.519	0.57465	0.57468			6
2026.01.09	02:13:05.823	0.57462	0.57466			6
2026.01.09	02:13:06.130	0.57463				2
2026.01.09	02:13:06.545		0.57467			4
2026.01.09	02:13:06.870		0.57466			4
2026.01.09	02:13:07.838		0.57465			4
2026.01.09	02:13:08.158		0.57466			4
2026.01.09	02:13:08.792		0.57467			4
2026.01.09	02:13:09.543		0.57466			4
2026.01.09	02:13:09.893		0.57465			4
2026.01.09	02:13:10.847		0.57466			4
2026.01.09	02:13:11.498	0.57464	0.57467			6
2026.01.09	02:13:11.802	0.57462	0.57464			6
2026.01.09	02:13:12.106		0.57465			4
2026.01.09	02:13:12.429		0.57464			4
2026.01.09	02:13:15.314		0.57465			4
2026.01.09	02:13:21.135		0.57464			4
2026.01.09	02:13:23.612		0.57463			4
2026.01.09	02:13:23.916		0.57464			4
2026.01.09	02:13:30.135		0.57463			4
2026.01.09	02:13:45.372	0.57463	0.57464			6
2026.01.09	02:14:00.293	0.57463				2
2026.01.09	02:14:00.899	0.57461	0.57462			6
2026.01.09	02:14:02.154		0.57464			4
2026.01.09	02:14:03.441	0.57462	0.57465			6
2026.01.09	02:14:05.368	0.57463	0.57466			6
2026.01.09	02:14:05.671	0.57461	0.57465			6
2026.01.09	02:14:11.622		0.57464			4
2026.01.09	02:14:13.274	0.57462	0.57465			6
2026.01.09	02:14:15.834	0.57461	0.57464			6
2026.01.09	02:14:17.090	0.57462	0.57465			6
2026.01.09	02:14:25.520	0.57460	0.57461			6
2026.01.09	02:14:25.823	0.57459	0.57462			6
2026.01.09	02:14:26.126	0.57458				2
2026.01.09	02:14:27.429	0.57459	0.57463			6
2026.01.09	02:14:27.751	0.57458	0.57462			6
2026.01.09	02:14:29.034	0.57459				2
2026.01.09	02:14:30.337		0.57463			4
2026.01.09	02:14:35.406		0.57461			4
2026.01.09	02:14:36.363		0.57462			4
2026.01.09	02:14:37.013		0.57463			4
2026.01.09	02:14:37.326		0.57461			4
2026.01.09	02:14:39.922		0.57462			4
2026.01.09	02:14:40.416	0.57460				2
2026.01.09	02:14:41.028	0.57459	0.57461			6
2026.01.09	02:14:41.331		0.57462			4
2026.01.09	02:14:41.678	0.57458	0.57461			6
2026.01.09	02:14:42.329		0.57462			4
2026.01.09	02:14:43.435	0.57459				2
2026.01.09	02:14:48.410	0.57460				2
2026.01.09	02:14:51.215	0.57461				2
2026.01.09	02:14:52.441	0.57460	0.57461			6
2026.01.09	02:14:53.391	0.57459				2
2026.01.09	02:14:53.694	0.57460	0.57462			6
2026.01.09	02:14:53.996	0.57461	0.57463			6
2026.01.09	02:14:54.307	0.57459	0.57462			6
2026.01.09	02:14:57.189	0.57460				2
2026.01.09	02:15:00.302	0.57461				2
2026.01.09	02:15:02.156	0.57460	0.57461			6
2026.01.09	02:15:03.409	0.57459				2
2026.01.09	02:15:05.587	0.57457	0.57459			6
2026.01.09	02:15:06.218	0.57456	0.57460			6
2026.01.09	02:15:06.549	0.57458				2
2026.01.09	02:15:06.876	0.57457				2
2026.01.09	02:15:10.384		0.57459			4
2026.01.09	02:15:11.297	0.57456				2
2026.01.09	02:15:12.295	0.57457				2
2026.01.09	02:15:13.217	0.57458	0.57460			6
2026.01.09	02:15:14.167	0.57457				2
2026.01.09	02:15:15.454		0.57458			4
2026.01.09	02:15:15.759	0.57452	0.57455			6
2026.01.09	02:15:16.410		0.57456			4
2026.01.09	02:15:16.756	0.57453				2
2026.01.09	02:15:17.060	0.57454				2
2026.01.09	02:15:20.270		0.57457			4
2026.01.09	02:15:27.257	0.57455				2
2026.01.09	02:15:28.248	0.57454				2
2026.01.09	02:15:30.959	0.57455				2
2026.01.09	02:15:36.773	0.57453				2
2026.01.09	02:15:39.433	0.57455				2
2026.01.09	02:15:39.737	0.57453	0.57456			6
2026.01.09	02:15:42.343	0.57456	0.57458			6
2026.01.09	02:15:43.269	0.57455				2
2026.01.09	02:15:46.161	0.57456				2
2026.01.09	02:15:47.084	0.57454	0.57456			6
2026.01.09	02:15:47.412	0.57453				2
2026.01.09	02:15:48.671	0.57456	0.57459			6
2026.01.09	02:15:49.322	0.57457	0.57461			6
2026.01.09	02:15:49.902	0.57456	0.57460			6
2026.01.09	02:15:50.877	0.57457				2
2026.01.09	02:15:54.088		0.57459			4
2026.01.09	02:15:56.997		0.57460			4
2026.01.09	02:15:59.209	0.57459	0.57461			6
2026.01.09	02:15:59.525	0.57460				2
2026.01.09	02:15:59.831	0.57459				2
2026.01.09	02:16:00.159	0.57459	0.57462			6
2026.01.09	02:16:02.721	0.57458	0.57461			6
2026.01.09	02:16:04.024	0.57459	0.57462			6
2026.01.09	02:16:05.979	0.57457	0.57459			6
2026.01.09	02:16:06.282		0.57460			4
2026.01.09	02:16:08.539		0.57461			4
2026.01.09	02:16:09.440		0.57460			4
2026.01.09	02:16:10.395		0.57461			4
2026.01.09	02:16:10.697	0.57456	0.57460			6
2026.01.09	02:16:11.393		0.57459			4
2026.01.09	02:16:11.696	0.57457	0.57460			6
2026.01.09	02:16:12.347		0.57461			4
2026.01.09	02:16:13.302		0.57460			4
2026.01.09	02:16:16.210	0.57458				2
2026.01.09	02:16:16.834	0.57455	0.57457			6
2026.01.09	02:16:17.137	0.57454				2
2026.01.09	02:16:22.032	0.57453	0.57455			6
2026.01.09	02:16:22.337	0.57452				2
2026.01.09	02:16:24.289		0.57454			4
2026.01.09	02:16:25.242		0.57455			4
2026.01.09	02:16:26.198		0.57456			4
2026.01.09	02:16:27.405		0.57455			4
2026.01.09	02:16:27.755	0.57451	0.57454			6
2026.01.09	02:16:28.057	0.57452	0.57455			6
2026.01.09	02:16:32.268	0.57453				2
2026.01.09	02:16:34.128	0.57449	0.57451			6
2026.01.09	02:16:34.747	0.57448	0.57450			6
2026.01.09	02:16:35.051	0.57449	0.57451			6
2026.01.09	02:16:35.380	0.57448				2
2026.01.09	02:16:41.111	0.57447				2
2026.01.09	02:16:41.652	0.57448	0.57452			6
2026.01.09	02:16:41.959	0.57449				2
2026.01.09	02:16:42.961	0.57448				2
2026.01.09	02:16:43.318	0.57449				2
2026.01.09	02:16:45.268	0.57448	0.57451			6
2026.01.09	02:16:48.177	0.57449				2
2026.01.09	02:16:48.481	0.57450	0.57452			6
2026.01.09	02:16:50.961	0.57449	0.57451			6
2026.01.09	02:16:51.895	0.57450	0.57452			6
2026.01.09	02:16:53.123	0.57452	0.57455			6
2026.01.09	02:16:55.405	0.57451				2
2026.01.09	02:16:57.142	0.57457	0.57461			6
2026.01.09	02:16:57.469		0.57460			4
2026.01.09	02:16:58.420		0.57461			4
2026.01.09	02:16:58.771	0.57456	0.57460			6
2026.01.09	02:17:00.027	0.57456				2
2026.01.09	02:17:00.982	0.57457	0.57461			6
2026.01.09	02:17:02.633	0.57456	0.57460			6
2026.01.09	02:17:06.399		0.57459			4
2026.01.09	02:17:09.307	0.57457				2
2026.01.09	02:17:12.418	0.57458				2
2026.01.09	02:17:12.722	0.57463	0.57465			6
2026.01.09	02:17:13.342	0.57462				2
2026.01.09	02:17:14.979	0.57464	0.57467			6
2026.01.09	02:17:15.283	0.57466	0.57469			6
2026.01.09	02:17:15.617	0.57465				2
2026.01.09	02:17:15.934		0.57467			4
2026.01.09	02:17:17.238		0.57468			4
2026.01.09	02:17:17.891	0.57466				2
2026.01.09	02:17:18.878	0.57464	0.57467			6
2026.01.09	02:17:27.223		0.57466			4
2026.01.09	02:17:28.147	0.57465	0.57467			6
