<DATE>	<TIME>	<BID>	<ASK>	<LAST>	<VOLUME>	<FLAGS>
2026.01.19	00:03:30.610	0.57401	0.57489			6
2026.01.19	00:03:42.005		0.57491			4
2026.01.19	00:03:44.327		0.57487			4
2026.01.19	00:04:00.340	0.57401				2
2026.01.19	00:04:14.702		0.57486			4
2026.01.19	00:04:46.151		0.57490			4
2026.01.19	00:05:00.335	0.57401				2
2026.01.19	00:05:02.337	0.57407	0.57492			6
2026.01.19	00:05:03.963	0.57401				2
2026.01.19	00:05:10.481		0.57487			4
2026.01.19	00:05:15.112	0.57402	0.57491			6
2026.01.19	00:05:26.210	0.57398	0.57490			6
2026.01.19	00:05:30.957	0.57401				2
2026.01.19	00:05:34.055		0.57494			4
2026.01.19	00:05:34.805		0.57489			4
2026.01.19	00:05:36.259	0.57399				2
2026.01.19	00:05:40.893		0.57487			4
2026.01.19	00:05:46.370	0.57401	0.57489			6
2026.01.19	00:05:51.385	0.57399				2
2026.01.19	00:06:07.165	0.57399				2
2026.01.19	00:06:47.164		0.57489			4
2026.01.19	00:07:03.166	0.57399				2
2026.01.19	00:07:47.165		0.57489			4
2026.01.19	00:08:03.169	0.57399				2
2026.01.19	00:08:12.087	0.57413	0.57490			6
2026.01.19	00:08:21.797	0.57414	0.57509			6
2026.01.19	00:08:55.847		0.57508			4
2026.01.19	00:09:03.166	0.57414				2
2026.01.19	00:09:30.291	0.57399	0.57509			6
2026.01.19	00:09:47.128	0.57400	0.57508			6
2026.01.19	00:09:59.168		0.57505			4
2026.01.19	00:10:00.373	0.57400	0.57508			6
2026.01.19	00:10:32.971	0.57399	0.57509			6
2026.01.19	00:10:58.926	0.57414				2
2026.01.19	00:11:00.352	0.57414				2
2026.01.19	00:11:34.567		0.57509			4
2026.01.19	00:11:58.928	0.57413	0.57510			6
2026.01.19	00:12:01.867	0.57413				2
2026.01.19	00:12:04.308	0.57415	0.57508			6
2026.01.19	00:13:03.177	0.57415				2
2026.01.19	00:13:06.368		0.57508			4
2026.01.19	00:13:27.178	0.57403	0.57510			6
2026.01.19	00:14:02.168	0.57403				2
2026.01.19	00:14:17.771		0.57495			4
2026.01.19	00:15:00.604	0.57403				2
2026.01.19	00:15:08.070		0.57493			4
2026.01.19	00:15:08.894		0.57492			4
2026.01.19	00:15:13.903		0.57491			4
2026.01.19	00:15:24.070	0.57405				2
2026.01.19	00:15:31.185		0.57492			4
2026.01.19	00:15:31.674		0.57493			4
2026.01.19	00:15:33.015		0.57492			4
2026.01.19	00:15:47.062		0.57493			4
2026.01.19	00:16:00.068	0.57405				2
2026.01.19	00:16:47.187		0.57493			4
2026.01.19	00:17:01.273	0.57405				2
2026.01.19	00:17:19.067		0.57465			4
2026.01.19	00:17:19.490	0.57403				2
2026.01.19	00:17:45.967	0.57400	0.57457			6
2026.01.19	00:17:59.266	0.57398				2
2026.01.19	00:18:00.998	0.57398				2
2026.01.19	00:18:46.495		0.57457			4
2026.01.19	00:18:51.183	0.57400				2
2026.01.19	00:18:59.183	0.57399				2
2026.01.19	00:19:00.335	0.57399				2
2026.01.19	00:19:03.491	0.57401				2
2026.01.19	00:19:07.185	0.57400				2
2026.01.19	00:19:15.186	0.57399				2
2026.01.19	00:19:23.184	0.57398				2
2026.01.19	00:19:41.158	0.57399				2
2026.01.19	00:19:47.183		0.57457			4
2026.01.19	00:19:49.311	0.57401				2
2026.01.19	00:19:50.338	0.57402				2
2026.01.19	00:19:51.185	0.57400				2
2026.01.19	00:19:51.493	0.57402				2
2026.01.19	00:19:52.969	0.57403				2
2026.01.19	00:19:55.185	0.57402				2
2026.01.19	00:19:59.187	0.57401				2
2026.01.19	00:20:00.900	0.57401				2
2026.01.19	00:20:03.187	0.57400				2
2026.01.19	00:20:07.183	0.57399				2
2026.01.19	00:20:12.672	0.57398				2
2026.01.19	00:20:15.668	0.57400				2
2026.01.19	00:20:16.509	0.57402				2
2026.01.19	00:20:19.185	0.57401				2
2026.01.19	00:20:28.902	0.57402				2
2026.01.19	00:20:44.772	0.57405				2
2026.01.19	00:20:47.183		0.57457			4
2026.01.19	00:20:52.867	0.57404				2
2026.01.19	00:21:00.943	0.57404				2
2026.01.19	00:21:08.769	0.57405				2
2026.01.19	00:21:19.868	0.57403				2
2026.01.19	00:21:23.522	0.57402				2
2026.01.19	00:21:35.072	0.57401				2
2026.01.19	00:21:36.752	0.57409	0.57488			6
2026.01.19	00:21:37.128	0.57407				2
2026.01.19	00:21:44.127	0.57405				2
2026.01.19	00:22:01.568	0.57405				2
2026.01.19	00:22:25.332	0.57404	0.57457			6
2026.01.19	00:22:26.129	0.57400				2
2026.01.19	00:22:27.995	0.57401				2
2026.01.19	00:22:55.521		0.57451			4
2026.01.19	00:23:01.268	0.57401				2
2026.01.19	00:23:07.165	0.57402				2
2026.01.19	00:23:13.870	0.57403				2
2026.01.19	00:23:40.338	0.57402				2
2026.01.19	00:23:45.373	0.57403				2
2026.01.19	00:23:50.168	0.57402				2
2026.01.19	00:23:53.449	0.57403				2
2026.01.19	00:23:55.552		0.57451			4
2026.01.19	00:24:01.074	0.57403				2
2026.01.19	00:24:06.668	0.57402				2
2026.01.19	00:24:09.368	0.57403				2
2026.01.19	00:24:11.168	0.57402				2
2026.01.19	00:24:13.605	0.57401				2
2026.01.19	00:24:15.804	0.57402				2
2026.01.19	00:24:21.670	0.57403				2
2026.01.19	00:24:23.979	0.57404				2
2026.01.19	00:24:59.184		0.57451			4
2026.01.19	00:25:03.185	0.57404				2
2026.01.19	00:25:15.975	0.57405				2
2026.01.19	00:25:20.861	0.57404				2
2026.01.19	00:25:24.671	0.57405				2
2026.01.19	00:25:59.184		0.57451			4
2026.01.19	00:26:03.185	0.57405				2
2026.01.19	00:26:28.278	0.57404				2
2026.01.19	00:26:33.668	0.57405				2
2026.01.19	00:26:34.046	0.57406	0.57458			6
2026.01.19	00:26:35.170	0.57407				2
2026.01.19	00:26:42.069	0.57408				2
2026.01.19	00:27:00.336	0.57408				2
2026.01.19	00:27:01.678	0.57407				2
2026.01.19	00:27:34.616		0.57458			4
2026.01.19	00:27:58.268	0.57406				2
2026.01.19	00:28:00.334	0.57406				2
2026.01.19	00:28:10.568	0.57407				2
2026.01.19	00:28:15.671	0.57406				2
2026.01.19	00:28:16.916	0.57404	0.57455			6
2026.01.19	00:28:30.655	0.57403				2
2026.01.19	00:28:31.058	0.57394	0.57443			6
2026.01.19	00:28:31.661		0.57444			4
2026.01.19	00:28:37.873		0.57443			4
2026.01.19	00:28:41.843	0.57391	0.57444			6
2026.01.19	00:28:43.571		0.57443			4
2026.01.19	00:28:46.087	0.57392				2
2026.01.19	00:28:47.742	0.57389	0.57440			6
2026.01.19	00:28:49.870		0.57441			4
2026.01.19	00:28:52.571		0.57440			4
2026.01.19	00:28:56.168	0.57390				2
2026.01.19	00:29:00.670	0.57390				2
2026.01.19	00:29:03.760	0.57392	0.57438			6
2026.01.19	00:29:18.074		0.57437			4
2026.01.19	00:29:26.769	0.57393				2
2026.01.19	00:29:27.561	0.57390	0.57436			6
2026.01.19	00:29:44.477	0.57391				2
2026.01.19	00:29:46.911	0.57392	0.57473			6
2026.01.19	00:29:47.246		0.57476			4
2026.01.19	00:29:52.488		0.57466			4
2026.01.19	00:29:52.888		0.57462			4
2026.01.19	00:29:54.350	0.57395	0.57461			6
2026.01.19	00:29:59.278	0.57390	0.57468			6
2026.01.19	00:29:59.593		0.57465			4
2026.01.19	00:30:00.477	0.57390				2
2026.01.19	00:30:10.057	0.57391	0.57475			6
2026.01.19	00:30:10.665	0.57392	0.57465			6
2026.01.19	00:30:14.481		0.57462			4
2026.01.19	00:30:15.130		0.57465			4
2026.01.19	00:30:23.768	0.57393				2
2026.01.19	00:30:25.978		0.57464			4
2026.01.19	00:30:29.168	0.57397				2
2026.01.19	00:30:30.490		0.57456			4
2026.01.19	00:30:33.572		0.57464			4
2026.01.19	00:30:34.310	0.57398	0.57455			6
2026.01.19	00:30:37.054		0.57464			4
2026.01.19	00:30:39.223		0.57463			4
2026.01.19	00:30:40.410		0.57455			4
2026.01.19	00:30:48.488		0.57463			4
2026.01.19	00:30:51.487		0.57464			4
2026.01.19	00:30:52.062		0.57465			4
2026.01.19	00:30:54.368	0.57400	0.57463			6
2026.01.19	00:30:56.343	0.57401	0.57457			6
2026.01.19	00:31:00.945	0.57401				2
2026.01.19	00:31:04.989		0.57464			4
2026.01.19	00:31:06.967	0.57400	0.57469			6
2026.01.19	00:31:08.154		0.57470			4
2026.01.19	00:31:10.270		0.57457			4
2026.01.19	00:31:27.488		0.57463			4
2026.01.19	00:31:28.013		0.57457			4
2026.01.19	00:31:31.268	0.57401				2
2026.01.19	00:31:39.188		0.57463			4
2026.01.19	00:31:40.049	0.57398	0.57457			6
2026.01.19	00:31:40.675		0.57456			4
2026.01.19	00:31:40.977	0.57397	0.57455			6
2026.01.19	00:31:48.350	0.57401	0.57472			6
2026.01.19	00:31:48.653		0.57476			4
2026.01.19	00:31:48.957	0.57403	0.57468			6
2026.01.19	00:31:49.621		0.57477			4
2026.01.19	00:31:49.959		0.57476			4
2026.01.19	00:31:50.344	0.57404	0.57468			6
2026.01.19	00:31:52.269	0.57405				2
2026.01.19	00:32:00.257	0.57405	0.57467			6
2026.01.19	00:32:01.060	0.57402	0.57457			6
2026.01.19	00:32:09.766	0.57396	0.57458			6
2026.01.19	00:32:10.129		0.57457			4
2026.01.19	00:32:10.522		0.57455			4
2026.01.19	00:32:14.846		0.57454			4
2026.01.19	00:32:17.973	0.57400	0.57477			6
2026.01.19	00:32:18.646		0.57474			4
2026.01.19	00:32:19.011	0.57401	0.57482			6
2026.01.19	00:32:20.618	0.57403	0.57457			6
2026.01.19	00:32:28.426	0.57400				2
2026.01.19	00:32:28.827	0.57397				2
2026.01.19	00:32:29.836		0.57461			4
2026.01.19	00:32:30.429	0.57399	0.57462			6
2026.01.19	00:32:31.569	0.57400				2
2026.01.19	00:32:32.587		0.57457			4
2026.01.19	00:32:46.965		0.57462			4
2026.01.19	00:32:47.626		0.57457			4
2026.01.19	00:32:49.745		0.57458			4
2026.01.19	00:32:52.689		0.57457			4
2026.01.19	00:32:57.367		0.57462			4
2026.01.19	00:32:59.186		0.57457			4
2026.01.19	00:33:00.788	0.57400				2
2026.01.19	00:33:08.712	0.57403	0.57465			6
2026.01.19	00:33:09.081		0.57466			4
2026.01.19	00:33:10.824		0.57457			4
2026.01.19	00:33:13.757	0.57404	0.57470			6
2026.01.19	00:33:15.213	0.57403	0.57469			6
2026.01.19	00:33:17.275		0.57457			4
2026.01.19	00:33:19.773		0.57467			4
2026.01.19	00:33:20.164		0.57469			4
2026.01.19	00:33:34.771	0.57409	0.57474			6
2026.01.19	00:33:35.077	0.57411	0.57469			6
2026.01.19	00:33:45.418	0.57410				2
2026.01.19	00:33:46.069	0.57409	0.57457			6
2026.01.19	00:33:47.158	0.57405	0.57470			6
2026.01.19	00:33:50.165	0.57404				2
2026.01.19	00:34:00.334	0.57404				2
2026.01.19	00:34:01.047		0.57469			4
2026.01.19	00:34:01.501		0.57466			4
2026.01.19	00:34:14.543		0.57472			4
2026.01.19	00:34:15.338	0.57406				2
2026.01.19	00:34:16.598		0.57471			4
2026.01.19	00:34:20.116	0.57407				2
2026.01.19	00:34:22.067		0.57479			4
2026.01.19	00:34:22.369		0.57481			4
2026.01.19	00:34:26.233		0.57479			4
2026.01.19	00:34:30.401	0.57409	0.57473			6
2026.01.19	00:34:30.707	0.57408	0.57470			6
2026.01.19	00:34:33.960		0.57471			4
2026.01.19	00:34:35.219	0.57405	0.57470			6
2026.01.19	00:34:35.546	0.57410	0.57471			6
2026.01.19	00:34:35.870	0.57409	0.57458			6
2026.01.19	00:34:37.781		0.57471			4
2026.01.19	00:34:38.780		0.57457			4
2026.01.19	00:34:45.203		0.57468			4
2026.01.19	00:34:45.505	0.57408				2
2026.01.19	00:34:47.763	0.57406	0.57467			6
2026.01.19	00:34:49.268	0.57407				2
2026.01.19	00:34:50.168		0.57457			4
2026.01.19	00:34:50.557		0.57467			4
2026.01.19	00:34:51.071		0.57469			4
2026.01.19	00:35:00.182	0.57407	0.57468			6
2026.01.19	00:35:02.589		0.57457			4
2026.01.19	00:35:26.177	0.57409	0.57470			6
2026.01.19	00:35:27.159	0.57408	0.57469			6
2026.01.19	00:35:28.765		0.57468			4
2026.01.19	00:35:31.025		0.57457			4
2026.01.19	00:35:31.328	0.57409	0.57468			6
2026.01.19	00:35:36.143		0.57457			4
2026.01.19	00:35:37.100	0.57408	0.57468			6
2026.01.19	00:35:37.447		0.57470			4
2026.01.19	00:35:43.524	0.57409				2
2026.01.19	00:35:47.051	0.57410	0.57471			6
2026.01.19	00:35:47.385	0.57418	0.57469			6
2026.01.19	00:35:47.687	0.57411	0.57468			6
2026.01.19	00:35:51.668	0.57410				2
2026.01.19	00:35:52.926	0.57413				2
2026.01.19	00:35:53.303		0.57469			4
2026.01.19	00:35:54.070	0.57414				2
2026.01.19	00:35:55.600	0.57424	0.57470			6
2026.01.19	00:35:55.902		0.57494			4
2026.01.19	00:35:58.842		0.57495			4
2026.01.19	00:36:00.205	0.57424				2
2026.01.19	00:36:01.248		0.57496			4
2026.01.19	00:36:05.081	0.57425				2
2026.01.19	00:36:05.515		0.57497			4
2026.01.19	00:36:05.885	0.57424				2
2026.01.19	00:36:06.272	0.57425				2
2026.01.19	00:36:06.625	0.57428				2
2026.01.19	00:36:06.939	0.57424				2
2026.01.19	00:36:07.310	0.57428				2
2026.01.19	00:36:07.636	0.57427				2
2026.01.19	00:36:14.717	0.57426				2
2026.01.19	00:36:20.033	0.57427				2
2026.01.19	00:36:34.832	0.57426				2
2026.01.19	00:36:35.490		0.57496			4
2026.01.19	00:36:36.490		0.57497			4
2026.01.19	00:36:39.273	0.57425				2
2026.01.19	00:36:39.958	0.57426				2
2026.01.19	00:36:45.040	0.57441	0.57516			6
2026.01.19	00:36:45.378	0.57446	0.57513			6
2026.01.19	00:36:45.830	0.57447	0.57519			6
2026.01.19	00:36:46.158	0.57449	0.57521			6
2026.01.19	00:36:47.027	0.57445	0.57522			6
2026.01.19	00:36:47.341	0.57447	0.57523			6
2026.01.19	00:36:48.325	0.57448				2
2026.01.19	00:36:50.590	0.57449				2
2026.01.19	00:36:55.488	0.57450				2
2026.01.19	00:36:56.467	0.57451				2
2026.01.19	00:36:58.840	0.57452	0.57519			6
2026.01.19	00:37:00.199	0.57452				2
2026.01.19	00:37:05.278	0.57449	0.57517			6
2026.01.19	00:37:07.091	0.57447				2
2026.01.19	00:37:07.445	0.57449				2
2026.01.19	00:37:07.989	0.57447				2
2026.01.19	00:37:11.894	0.57443	0.57513			6
2026.01.19	00:37:14.821	0.57446	0.57512			6
2026.01.19	00:37:24.113	0.57450	0.57515			6
2026.01.19	00:37:29.822		0.57516			4
2026.01.19	00:37:49.969	0.57449	0.57521			6
2026.01.19	00:37:51.870	0.57450				2
2026.01.19	00:37:52.439	0.57454	0.57517			6
2026.01.19	00:37:53.998	0.57457				2
2026.01.19	00:38:01.090	0.57457				2
2026.01.19	00:38:04.735	0.57460				2
2026.01.19	00:38:10.817	0.57456				2
2026.01.19	00:38:11.390	0.57455	0.57519			6
2026.01.19	00:38:19.155	0.57453				2
2026.01.19	00:38:29.637	0.57452	0.57517			6
2026.01.19	00:38:35.855	0.57450	0.57515			6
2026.01.19	00:38:36.227	0.57451	0.57517			6
2026.01.19	00:38:42.616	0.57452	0.57518			6
2026.01.19	00:38:43.095	0.57455	0.57521			6
2026.01.19	00:39:00.062	0.57465	0.57524			6
2026.01.19	00:39:00.541		0.57522			4
2026.01.19	00:39:04.627	0.57467				2
2026.01.19	00:39:06.419	0.57470	0.57517			6
2026.01.19	00:39:11.334	0.57464				2
2026.01.19	00:39:11.980	0.57465	0.57520			6
2026.01.19	00:39:12.291	0.57464	0.57517			6
2026.01.19	00:39:15.901	0.57465	0.57520			6
2026.01.19	00:39:31.639	0.57463	0.57527			6
2026.01.19	00:39:32.011		0.57526			4
2026.01.19	00:39:33.777	0.57462	0.57518			6
2026.01.19	00:39:36.493	0.57461	0.57515			6
2026.01.19	00:39:40.242		0.57514			4
2026.01.19	00:39:41.626	0.57459	0.57516			6
2026.01.19	00:39:42.429	0.57457	0.57519			6
2026.01.19	00:39:50.920		0.57517			4
2026.01.19	00:39:51.496		0.57519			4
2026.01.19	00:39:51.944	0.57458	0.57516			6
2026.01.19	00:39:53.649	0.57453	0.57519			6
2026.01.19	00:39:55.086		0.57511			4
2026.01.19	00:39:57.382		0.57512			4
2026.01.19	00:40:01.194	0.57454	0.57510			6
2026.01.19	00:40:03.606	0.57455				2
2026.01.19	00:40:06.402	0.57453	0.57511			6
2026.01.19	00:40:07.519	0.57454				2
2026.01.19	00:40:10.334	0.57453	0.57512			6
2026.01.19	00:40:22.366		0.57513			4
2026.01.19	00:40:48.488	0.57451				2
2026.01.19	00:41:01.231	0.57451				2
2026.01.19	00:41:08.257	0.57453				2
2026.01.19	00:41:08.681	0.57454	0.57512			6
2026.01.19	00:41:11.888	0.57452	0.57516			6
2026.01.19	00:41:12.509	0.57455	0.57512			6
2026.01.19	00:41:12.968	0.57456				2
2026.01.19	00:41:16.377	0.57453	0.57516			6
2026.01.19	00:41:17.108	0.57454	0.57512			6
2026.01.19	00:41:24.792	0.57455	0.57513			6
2026.01.19	00:41:36.528	0.57457	0.57515			6
2026.01.19	00:41:42.189	0.57452	0.57517			6
2026.01.19	00:41:54.968	0.57453				2
2026.01.19	00:41:56.574	0.57452	0.57518			6
2026.01.19	00:41:58.275		0.57516			4
2026.01.19	00:42:00.334	0.57452				2
2026.01.19	00:42:01.268	0.57451				2
2026.01.19	00:42:03.204	0.57457	0.57515			6
2026.01.19	00:42:05.290	0.57453	0.57517			6
2026.01.19	00:42:11.425	0.57455	0.57513			6
2026.01.19	00:42:50.220	0.57451				2
2026.01.19	00:42:51.568		0.57501			4
2026.01.19	00:42:54.516	0.57450				2
2026.01.19	00:43:00.368	0.57450				2
2026.01.19	00:43:07.641		0.57498			4
2026.01.19	00:43:11.706	0.57451				2
2026.01.19	00:43:17.237	0.57434	0.57500			6
2026.01.19	00:43:17.695	0.57431				2
2026.01.19	00:43:18.318	0.57451	0.57499			6
2026.01.19	00:43:21.244	0.57431	0.57503			6
2026.01.19	00:43:21.690		0.57504			4
2026.01.19	00:43:22.678		0.57501			4
2026.01.19	00:43:25.665		0.57497			4
2026.01.19	00:43:26.484		0.57495			4
2026.01.19	00:43:27.080	0.57432				2
2026.01.19	00:43:27.679		0.57494			4
2026.01.19	00:43:36.192	0.57431				2
2026.01.19	00:43:36.829		0.57497			4
2026.01.19	00:43:40.248	0.57418	0.57490			6
2026.01.19	00:43:40.915	0.57420	0.57479			6
2026.01.19	00:43:47.297	0.57424	0.57482			6
2026.01.19	00:43:47.635	0.57422	0.57479			6
2026.01.19	00:43:54.539		0.57481			4
2026.01.19	00:43:55.559	0.57424				2
2026.01.19	00:43:57.069	0.57425				2
2026.01.19	00:44:00.199	0.57425				2
2026.01.19	00:44:02.911	0.57430				2
2026.01.19	00:44:05.110	0.57428	0.57484			6
2026.01.19	00:44:05.902		0.57481			4
2026.01.19	00:44:07.848		0.57484			4
2026.01.19	00:44:11.591	0.57432				2
2026.01.19	00:44:11.908		0.57482			4
2026.01.19	00:44:14.157	0.57424				2
2026.01.19	00:44:15.065	0.57425	0.57484			6
2026.01.19	00:44:17.049	0.57421	0.57487			6
2026.01.19	00:44:19.858	0.57423	0.57482			6
2026.01.19	00:44:22.108	0.57421	0.57487			6
2026.01.19	00:44:22.641	0.57419	0.57486			6
2026.01.19	00:44:24.485	0.57424	0.57482			6
2026.01.19	00:44:40.393	0.57419	0.57486			6
2026.01.19	00:44:43.204	0.57418	0.57477			6
2026.01.19	00:45:06.375	0.57421	0.57484			6
2026.01.19	00:45:06.802	0.57430	0.57488			6
2026.01.19	00:45:07.647	0.57429	0.57487			6
2026.01.19	00:45:08.288		0.57485			4
2026.01.19	00:45:13.619	0.57440	0.57479			6
2026.01.19	00:45:16.297	0.57436	0.57469			6
2026.01.19	00:45:17.746	0.57427	0.57470			6
2026.01.19	00:45:23.470		0.57469			4
2026.01.19	00:45:27.932	0.57425				2
2026.01.19	00:45:28.258	0.57426	0.57468			6
2026.01.19	00:45:38.186	0.57423	0.57466			6
2026.01.19	00:45:43.145	0.57420				2
2026.01.19	00:45:47.467		0.57465			4
2026.01.19	00:45:47.783	0.57421				2
2026.01.19	00:45:50.336		0.57466			4
2026.01.19	00:45:54.414		0.57465			4
2026.01.19	00:45:56.086		0.57466			4
2026.01.19	00:45:57.959	0.57420	0.57465			6
2026.01.19	00:46:00.655	0.57420				2
2026.01.19	00:46:08.235	0.57422	0.57462			6
2026.01.19	00:46:13.102	0.57420	0.57467			6
2026.01.19	00:46:14.414		0.57466			4
2026.01.19	00:46:15.653		0.57465			4
2026.01.19	00:46:17.779	0.57422	0.57462			6
2026.01.19	00:46:33.187		0.57464			4
2026.01.19	00:46:36.864	0.57424	0.57460			6
2026.01.19	00:46:39.865	0.57425	0.57459			6
2026.01.19	00:46:43.371	0.57419				2
2026.01.19	00:46:43.701		0.57458			4
2026.01.19	00:46:48.167		0.57459			4
2026.01.19	00:47:00.334	0.57419				2
2026.01.19	00:47:03.261	0.57413	0.57461			6
2026.01.19	00:47:06.478	0.57419	0.57459			6
2026.01.19	00:47:17.077	0.57414	0.57454			6
2026.01.19	00:47:25.532	0.57413	0.57449			6
2026.01.19	00:47:27.707	0.57412				2
2026.01.19	00:47:42.591	0.57413				2
2026.01.19	00:47:50.479	0.57414				2
2026.01.19	00:48:00.201	0.57414				2
2026.01.19	00:48:03.087	0.57411	0.57444			6
2026.01.19	00:48:10.338	0.57412				2
2026.01.19	00:49:00.335	0.57412				2
2026.01.19	00:49:03.579		0.57444			4
2026.01.19	00:50:01.076	0.57412				2
2026.01.19	00:50:06.757		0.57444			4
2026.01.19	00:50:30.087	0.57411				2
2026.01.19	00:51:01.495	0.57411				2
2026.01.19	00:51:07.148		0.57444			4
2026.01.19	00:52:01.568	0.57411				2
2026.01.19	00:52:10.095		0.57444			4
2026.01.19	00:53:02.692	0.57413	0.57449			6
2026.01.19	00:53:27.710	0.57414				2
2026.01.19	00:53:52.787	0.57415				2
2026.01.19	00:54:02.697	0.57415	0.57449			6
2026.01.19	00:54:17.789		0.57447			4
2026.01.19	00:55:00.499	0.57415	0.57446			6
2026.01.19	00:55:08.203		0.57447			4
2026.01.19	00:55:10.088		0.57446			4
2026.01.19	00:55:13.578		0.57445			4
2026.01.19	00:55:14.488	0.57420				2
2026.01.19	00:55:16.047		0.57446			4
2026.01.19	00:55:16.365	0.57424	0.57447			6
2026.01.19	00:55:19.371	0.57423				2
2026.01.19	00:55:25.416		0.57448			4
2026.01.19	00:55:34.289	0.57424				2
2026.01.19	00:55:58.682	0.57421				2
2026.01.19	00:56:00.951	0.57421				2
2026.01.19	00:56:09.710	0.57422				2
2026.01.19	00:56:11.272	0.57421				2
2026.01.19	00:56:24.123	0.57424				2
2026.01.19	00:56:25.268	0.57422				2
2026.01.19	00:56:25.699		0.57448			4
2026.01.19	00:56:40.203	0.57424				2
2026.01.19	00:56:51.202	0.57422				2
2026.01.19	00:56:53.469		0.57449			4
2026.01.19	00:57:00.952	0.57422				2
2026.01.19	00:57:08.469		0.57448			4
2026.01.19	00:57:11.168		0.57449			4
2026.01.19	00:57:16.364		0.57448			4
2026.01.19	00:57:16.872		0.57449			4
2026.01.19	00:57:17.258		0.57448			4
2026.01.19	00:57:30.241	0.57431	0.57465			6
2026.01.19	00:57:38.347		0.57464			4
2026.01.19	00:57:43.845		0.57465			4
2026.01.19	00:57:45.284	0.57441	0.57487			6
2026.01.19	00:57:45.587	0.57440	0.57489			6
2026.01.19	00:57:46.244	0.57437	0.57499			6
2026.01.19	00:57:47.424	0.57438	0.57494			6
2026.01.19	00:57:51.131		0.57484			4
2026.01.19	00:57:56.168		0.57483			4
2026.01.19	00:57:57.177		0.57482			4
2026.01.19	00:57:59.607	0.57437	0.57478			6
2026.01.19	00:58:00.197	0.57430	0.57465			6
2026.01.19	00:58:01.482	0.57432	0.57457			6
2026.01.19	00:58:01.797	0.57426	0.57451			6
2026.01.19	00:58:02.811	0.57421	0.57444			6
2026.01.19	00:58:03.343		0.57445			4
2026.01.19	00:58:13.077	0.57420	0.57446			6
2026.01.19	00:58:15.248		0.57445			4
2026.01.19	00:58:16.502		0.57446			4
2026.01.19	00:58:18.244	0.57418	0.57448			6
2026.01.19	00:58:19.394	0.57419	0.57447			6
2026.01.19	00:58:22.249	0.57426	0.57448			6
2026.01.19	00:58:30.225		0.57451			4
2026.01.19	00:58:30.539	0.57430	0.57470			6
2026.01.19	00:58:31.194	0.57432	0.57472			6
2026.01.19	00:58:31.496		0.57473			4
2026.01.19	00:58:32.366		0.57474			4
2026.01.19	00:58:32.824		0.57475			4
2026.01.19	00:58:33.286		0.57474			4
2026.01.19	00:58:35.128		0.57475			4
2026.01.19	00:58:35.975		0.57473			4
2026.01.19	00:58:49.078		0.57474			4
2026.01.19	00:58:51.653		0.57466			4
2026.01.19	00:58:52.231		0.57459			4
2026.01.19	00:58:53.662	0.57426	0.57453			6
2026.01.19	00:58:54.951	0.57421	0.57446			6
2026.01.19	00:58:59.168	0.57422				2
2026.01.19	00:59:00.397	0.57422	0.57445			6
2026.01.19	00:59:02.583	0.57428	0.57467			6
2026.01.19	00:59:02.887	0.57432	0.57468			6
2026.01.19	00:59:03.248	0.57433				2
2026.01.19	00:59:14.713		0.57470			4
2026.01.19	00:59:21.070		0.57471			4
2026.01.19	00:59:23.701	0.57431	0.57462			6
2026.01.19	00:59:24.227	0.57428	0.57452			6
2026.01.19	00:59:25.272	0.57423	0.57453			6
2026.01.19	00:59:25.804	0.57421	0.57455			6
2026.01.19	00:59:35.679	0.57420	0.57456			6
2026.01.19	00:59:36.092	0.57421	0.57455			6
2026.01.19	00:59:37.273	0.57420				2
2026.01.19	00:59:38.149	0.57419	0.57456			6
2026.01.19	00:59:46.782	0.57410	0.57439			6
2026.01.19	00:59:47.753	0.57412	0.57444			6
2026.01.19	00:59:50.879	0.57417				2
2026.01.19	00:59:52.251	0.57415				2
2026.01.19	00:59:53.114	0.57422	0.57467			6
2026.01.19	00:59:53.834	0.57418	0.57471			6
2026.01.19	00:59:55.225	0.57419	0.57470			6
2026.01.19	01:00:00.308	0.57419				2
2026.01.19	01:00:00.615	0.57422	0.57467			6
2026.01.19	01:00:01.338	0.57424	0.57463			6
2026.01.19	01:00:01.648	0.57423	0.57466			6
2026.01.19	01:00:01.965	0.57424	0.57465			6
2026.01.19	01:00:03.388	0.57428	0.57461			6
2026.01.19	01:00:04.025	0.57425	0.57466			6
2026.01.19	01:00:04.363	0.57427	0.57467			6
2026.01.19	01:00:04.666	0.57426	0.57465			6
2026.01.19	01:00:04.970	0.57427	0.57466			6
2026.01.19	01:00:05.319	0.57424				2
2026.01.19	01:00:05.623	0.57422	0.57464			6
2026.01.19	01:00:05.970	0.57421	0.57465			6
2026.01.19	01:00:06.275	0.57418	0.57466			6
2026.01.19	01:00:06.577		0.57464			4
2026.01.19	01:00:06.925	0.57417	0.57465			6
2026.01.19	01:00:07.577	0.57416	0.57464			6
2026.01.19	01:00:07.880	0.57420	0.57459			6
2026.01.19	01:00:08.210	0.57419	0.57458			6
2026.01.19	01:00:08.822	0.57421				2
2026.01.19	01:00:09.148	0.57424	0.57461			6
2026.01.19	01:00:09.459		0.57455			4
2026.01.19	01:00:09.773	0.57425	0.57453			6
2026.01.19	01:00:10.085	0.57426	0.57455			6
2026.01.19	01:00:10.389		0.57456			4
2026.01.19	01:00:10.706	0.57424	0.57454			6
2026.01.19	01:00:11.009	0.57423	0.57452			6
2026.01.19	01:00:11.312		0.57453			4
2026.01.19	01:00:11.641	0.57422	0.57455			6
2026.01.19	01:00:11.945	0.57417	0.57449			6
2026.01.19	01:00:12.247	0.57416				2
2026.01.19	01:00:12.625	0.57418				2
2026.01.19	01:00:12.949		0.57450			4
2026.01.19	01:00:13.266	0.57417	0.57448			6
2026.01.19	01:00:13.569		0.57450			4
2026.01.19	01:00:13.928	0.57418	0.57447			6
2026.01.19	01:00:15.162		0.57448			4
2026.01.19	01:00:15.481	0.57419				2
2026.01.19	01:00:15.815	0.57418				2
2026.01.19	01:00:16.880		0.57449			4
2026.01.19	01:00:17.187	0.57419	0.57447			6
2026.01.19	01:00:17.834	0.57421	0.57450			6
2026.01.19	01:00:18.439		0.57451			4
2026.01.19	01:00:19.070		0.57450			4
2026.01.19	01:00:19.374	0.57422				2
2026.01.19	01:00:19.691		0.57451			4
2026.01.19	01:00:20.000		0.57452			4
2026.01.19	01:00:20.324		0.57450			4
2026.01.19	01:00:20.627	0.57421				2
2026.01.19	01:00:20.930	0.57422	0.57451			6
2026.01.19	01:00:21.247		0.57452			4
2026.01.19	01:00:22.808	0.57423				2
2026.01.19	01:00:23.136	0.57424	0.57453			6
2026.01.19	01:00:23.438		0.57451			4
2026.01.19	01:00:23.756		0.57458			4
2026.01.19	01:00:25.999	0.57425				2
2026.01.19	01:00:27.428	0.57417	0.57449			6
2026.01.19	01:00:27.729		0.57451			4
2026.01.19	01:00:28.674	0.57416	0.57449			6
2026.01.19	01:00:29.015	0.57419	0.57450			6
2026.01.19	01:00:29.320	0.57422	0.57452			6
2026.01.19	01:00:29.623	0.57423	0.57453			6
2026.01.19	01:00:30.207		0.57452			4
2026.01.19	01:00:30.769		0.57453			4
2026.01.19	01:00:31.911		0.57454			4
2026.01.19	01:00:34.177		0.57455			4
2026.01.19	01:00:34.484		0.57454			4
2026.01.19	01:00:35.276		0.57453			4
2026.01.19	01:00:35.766		0.57454			4
2026.01.19	01:00:37.659	0.57424	0.57453			6
2026.01.19	01:00:38.252	0.57422				2
2026.01.19	01:00:39.071	0.57421	0.57451			6
2026.01.19	01:00:39.438		0.57452			4
2026.01.19	01:00:39.800	0.57425				2
2026.01.19	01:00:42.434		0.57451			4
2026.01.19	01:00:43.103		0.57453			4
2026.01.19	01:00:45.394	0.57423	0.57446			6
2026.01.19	01:00:45.700	0.57425	0.57447			6
2026.01.19	01:00:46.041	0.57426	0.57448			6
2026.01.19	01:00:46.512	0.57428	0.57451			6
2026.01.19	01:00:50.185	0.57427	0.57452			6
2026.01.19	01:00:50.500	0.57433	0.57456			6
2026.01.19	01:00:51.870		0.57458			4
2026.01.19	01:00:52.398	0.57434				2
2026.01.19	01:00:53.490	0.57433				2
2026.01.19	01:00:54.123		0.57459			4
2026.01.19	01:00:55.093	0.57434	0.57458			6
2026.01.19	01:00:55.539	0.57442	0.57444			6
2026.01.19	01:00:55.857	0.57434	0.57455			6
2026.01.19	01:00:56.477		0.57454			4
2026.01.19	01:00:56.782	0.57436	0.57458			6
2026.01.19	01:00:57.084	0.57437				2
2026.01.19	01:00:57.387		0.57454			4
2026.01.19	01:00:57.714	0.57441	0.57443			6
2026.01.19	01:00:58.336	0.57442	0.57444			6
2026.01.19	01:00:59.891	0.57428	0.57449			6
2026.01.19	01:01:00.208	0.57438	0.57440			6
2026.01.19	01:01:00.828	0.57443	0.57445			6
2026.01.19	01:01:01.754	0.57444	0.57446			6
2026.01.19	01:01:02.083	0.57443	0.57445			6
2026.01.19	01:01:02.404		0.57446			4
2026.01.19	01:01:06.170	0.57444				2
2026.01.19	01:01:09.310	0.57443	0.57445			6
2026.01.19	01:01:09.613	0.57444	0.57446			6
2026.01.19	01:01:13.331	0.57445				2
2026.01.19	01:01:13.951	0.57444				2
2026.01.19	01:01:16.459		0.57445			4
2026.01.19	01:01:16.762		0.57446			4
2026.01.19	01:01:18.317	0.57445	0.57447			6
2026.01.19	01:01:18.622		0.57446			4
2026.01.19	01:01:20.178	0.57447	0.57449			6
2026.01.19	01:01:21.112	0.57446				2
2026.01.19	01:01:22.364	0.57447	0.57450			6
2026.01.19	01:01:23.287	0.57448				2
2026.01.19	01:01:24.843	0.57447	0.57449			6
2026.01.19	01:01:25.176	0.57448	0.57450			6
2026.01.19	01:01:28.938	0.57447	0.57449			6
2026.01.19	01:01:29.558	0.57448	0.57450			6
2026.01.19	01:01:29.864	0.57447	0.57449			6
2026.01.19	01:01:30.511	0.57448	0.57450			6
2026.01.19	01:01:31.144	0.57447	0.57449			6
2026.01.19	01:01:31.764	0.57448	0.57450			6
2026.01.19	01:01:33.622	0.57447	0.57449			6
2026.01.19	01:01:41.506	0.57449	0.57451			6
2026.01.19	01:01:42.113	0.57448				2
2026.01.19	01:01:44.297	0.57452	0.57453			6
2026.01.19	01:01:44.919	0.57448	0.57451			6
2026.01.19	01:01:45.223	0.57447	0.57450			6
2026.01.19	01:01:46.156	0.57446				2
2026.01.19	01:01:50.233	0.57447				2
2026.01.19	01:01:52.394	0.57446	0.57449			6
2026.01.19	01:01:56.135	0.57447				2
2026.01.19	01:01:57.691	0.57446	0.57448			6
2026.01.19	01:01:59.549	0.57447	0.57449			6
2026.01.19	01:02:00.174	0.57446	0.57448			6
2026.01.19	01:02:02.967	0.57447	0.57449			6
2026.01.19	01:02:03.586	0.57446	0.57448			6
2026.01.19	01:02:04.837	0.57447	0.57449			6
2026.01.19	01:02:05.140	0.57446	0.57448			6
2026.01.19	01:02:05.771	0.57447	0.57449			6
2026.01.19	01:02:07.979	0.57448	0.57450			6
2026.01.19	01:02:08.282	0.57449	0.57451			6
2026.01.19	01:02:09.235		0.57452			4
2026.01.19	01:02:10.792	0.57450	0.57453			6
2026.01.19	01:02:13.271	0.57446	0.57449			6
2026.01.19	01:02:13.902	0.57447	0.57450			6
2026.01.19	01:02:14.206	0.57446				2
2026.01.19	01:02:16.384	0.57447	0.57451			6
2026.01.19	01:02:16.686	0.57445	0.57449			6
2026.01.19	01:02:18.242	0.57446				2
2026.01.19	01:02:19.493	0.57447	0.57450			6
2026.01.19	01:02:20.428		0.57451			4
2026.01.19	01:02:20.730	0.57446	0.57450			6
2026.01.19	01:02:21.382	0.57447				2
2026.01.19	01:02:21.700	0.57448	0.57451			6
2026.01.19	01:02:22.305		0.57452			4
2026.01.19	01:02:23.257		0.57451			4
2026.01.19	01:02:24.543	0.57447	0.57450			6
2026.01.19	01:02:25.468	0.57448	0.57451			6
2026.01.19	01:02:26.099	0.57447	0.57450			6
2026.01.19	01:02:28.606	0.57446	0.57449			6
2026.01.19	01:02:29.254	0.57445	0.57448			6
2026.01.19	01:02:35.145	0.57446				2
2026.01.19	01:02:43.555	0.57449	0.57451			6
2026.01.19	01:02:43.857	0.57450	0.57452			6
2026.01.19	01:02:44.175	0.57449	0.57453			6
2026.01.19	01:02:49.145	0.57450				2
2026.01.19	01:02:49.793	0.57451	0.57454			6
2026.01.19	01:02:50.097	0.57450	0.57453			6
2026.01.19	01:02:51.681	0.57451	0.57454			6
2026.01.19	01:02:56.348	0.57452				2
2026.01.19	01:03:00.063	0.57452				2
2026.01.19	01:03:00.384	0.57455	0.57456			6
2026.01.19	01:03:00.686	0.57454	0.57455			6
2026.01.19	01:03:02.241	0.57455	0.57456			6
2026.01.19	01:03:06.954	0.57454	0.57455			6
2026.01.19	01:03:07.893	0.57455	0.57456			6
2026.01.19	01:03:20.444	0.57454	0.57455			6
2026.01.19	01:03:28.270		0.57456			4
2026.01.19	01:03:28.877	0.57455	0.57457			6
2026.01.19	01:03:29.507	0.57454	0.57456			6
2026.01.19	01:03:30.432	0.57455	0.57457			6
2026.01.19	01:03:31.065	0.57457	0.57458			6
2026.01.19	01:03:31.369	0.57467	0.57468			6
2026.01.19	01:03:31.686	0.57471	0.57472			6
2026.01.19	01:03:32.316		0.57473			4
2026.01.19	01:03:33.226		0.57474			4
2026.01.19	01:03:33.544		0.57475			4
2026.01.19	01:03:34.175		0.57474			4
2026.01.19	01:03:34.796		0.57475			4
2026.01.19	01:03:40.999	0.57475	0.57476			6
2026.01.19	01:03:41.303	0.57481	0.57484			6
2026.01.19	01:03:41.617		0.57485			4
2026.01.19	01:03:45.363	0.57480	0.57483			6
2026.01.19	01:03:47.841		0.57484			4
2026.01.19	01:03:48.146		0.57483			4
2026.01.19	01:03:48.778		0.57482			4
2026.01.19	01:03:51.278	0.57481	0.57484			6
2026.01.19	01:03:54.399	0.57482				2
2026.01.19	01:03:59.732	0.57481	0.57483			6
2026.01.19	01:04:00.033	0.57481				2
2026.01.19	01:04:01.286	0.57482	0.57484			6
2026.01.19	01:04:01.891	0.57481	0.57483			6
2026.01.19	01:04:08.765	0.57482	0.57484			6
2026.01.19	01:04:09.092	0.57481	0.57483			6
2026.01.19	01:04:10.624	0.57482	0.57484			6
2026.01.19	01:04:13.765	0.57481	0.57483			6
2026.01.19	01:04:14.386	0.57482				2
2026.01.19	01:04:15.322	0.57480	0.57482			6
2026.01.19	01:04:23.100	0.57476	0.57478			6
2026.01.19	01:04:23.402	0.57474	0.57476			6
2026.01.19	01:04:24.325	0.57473	0.57477			6
2026.01.19	01:04:24.654	0.57474	0.57478			6
2026.01.19	01:04:25.611	0.57473	0.57477			6
2026.01.19	01:04:28.173		0.57476			4
2026.01.19	01:04:30.682	0.57474	0.57477			6
2026.01.19	01:04:32.557	0.57472	0.57475			6
2026.01.19	01:04:33.190	0.57473				2
2026.01.19	01:04:34.139	0.57472	0.57474			6
2026.01.19	01:04:34.746	0.57473	0.57475			6
2026.01.19	01:04:35.064	0.57472	0.57474			6
2026.01.19	01:04:38.477	0.57473	0.57475			6
2026.01.19	01:04:39.413	0.57472	0.57474			6
2026.01.19	01:04:41.589	0.57473	0.57475			6
2026.01.19	01:04:47.842	0.57474				2
2026.01.19	01:04:48.146		0.57476			4
2026.01.19	01:04:53.461	0.57473	0.57475			6
2026.01.19	01:04:54.689	0.57474	0.57476			6
2026.01.19	01:04:55.019	0.57473	0.57475			6
2026.01.19	01:04:55.624	0.57474	0.57476			6
2026.01.19	01:04:55.941	0.57473	0.57475			6
2026.01.19	01:04:57.496	0.57474	0.57476			6
2026.01.19	01:05:00.292	0.57477	0.57479			6
2026.01.19	01:05:00.610	0.57480	0.57481			6
2026.01.19	01:05:00.912	0.57481	0.57482			6
2026.01.19	01:05:01.216		0.57483			4
2026.01.19	01:05:01.526	0.57485	0.57487			6
2026.01.19	01:05:01.847		0.57486			4
2026.01.19	01:05:02.164	0.57487	0.57488			6
2026.01.19	01:05:02.482	0.57489	0.57490			6
2026.01.19	01:05:02.785	0.57499	0.57500			6
2026.01.19	01:05:03.101	0.57496				2
2026.01.19	01:05:03.403	0.57488	0.57491			6
2026.01.19	01:05:03.707	0.57487	0.57490			6
2026.01.19	01:05:04.022		0.57489			4
2026.01.19	01:05:04.356		0.57490			4
2026.01.19	01:05:08.601	0.57489	0.57491			6
2026.01.19	01:05:08.927		0.57492			4
2026.01.19	01:05:09.577		0.57491			4
2026.01.19	01:05:09.882		0.57492			4
2026.01.19	01:05:10.534	0.57488	0.57490			6
2026.01.19	01:05:10.837		0.57489			4
2026.01.19	01:05:11.487	0.57487				2
2026.01.19	01:05:12.095		0.57490			4
2026.01.19	01:05:12.753	0.57488				2
2026.01.19	01:05:13.745	0.57487				2
2026.01.19	01:05:14.700		0.57489			4
2026.01.19	01:05:15.655	0.57486				2
2026.01.19	01:05:17.262	0.57488	0.57490			6
2026.01.19	01:05:17.578	0.57493	0.57495			6
2026.01.19	01:05:17.886	0.57492	0.57494			6
2026.01.19	01:05:19.133		0.57495			4
2026.01.19	01:05:20.118	0.57491				2
2026.01.19	01:05:22.373		0.57494			4
2026.01.19	01:05:22.677	0.57492	0.57495			6
2026.01.19	01:05:22.982	0.57491	0.57494			6
2026.01.19	01:05:23.632	0.57494	0.57496			6
2026.01.19	01:05:23.977	0.57493				2
2026.01.19	01:05:24.282	0.57492	0.57495			6
2026.01.19	01:05:26.193	0.57493				2
2026.01.19	01:05:30.306	0.57492	0.57494			6
2026.01.19	01:05:30.608	0.57501	0.57503			6
2026.01.19	01:05:31.229		0.57504			4
2026.01.19	01:05:31.911	0.57500	0.57503			6
2026.01.19	01:05:32.213		0.57504			4
2026.01.19	01:05:32.867	0.57503	0.57507			6
2026.01.19	01:05:37.335	0.57504				2
2026.01.19	01:05:37.683	0.57503	0.57506			6
2026.01.19	01:05:39.594	0.57504	0.57507			6
2026.01.19	01:05:40.547		0.57506			4
2026.01.19	01:05:46.532	0.57505	0.57507			6
2026.01.19	01:05:47.165	0.57506				2
2026.01.19	01:05:47.468	0.57505				2
2026.01.19	01:05:48.088	0.57506				2
2026.01.19	01:05:48.397		0.57508			4
2026.01.19	01:05:48.724	0.57509	0.57510			6
2026.01.19	01:05:49.028	0.57514	0.57515			6
2026.01.19	01:05:50.297	0.57513	0.57517			6
2026.01.19	01:05:51.585	0.57514				2
2026.01.19	01:05:51.888	0.57516	0.57520			6
2026.01.19	01:05:52.237	0.57512	0.57516			6
2026.01.19	01:05:52.539	0.57523	0.57527			6
2026.01.19	01:05:52.842	0.57529	0.57533			6
2026.01.19	01:05:53.190	0.57528	0.57532			6
2026.01.19	01:05:56.098	0.57524	0.57528			6
2026.01.19	01:05:56.401	0.57527	0.57531			6
2026.01.19	01:05:56.750	0.57528	0.57532			6
2026.01.19	01:05:58.961	0.57529	0.57533			6
2026.01.19	01:05:59.300	0.57534	0.57538			6
2026.01.19	01:05:59.914	0.57533	0.57537			6
2026.01.19	01:06:00.226	0.57533				2
2026.01.19	01:06:00.559	0.57538	0.57542			6
2026.01.19	01:06:00.863		0.57541			4
2026.01.19	01:06:03.120	0.57539				2
2026.01.19	01:06:03.422		0.57543			4
2026.01.19	01:06:06.379		0.57542			4
2026.01.19	01:06:07.987		0.57541			4
2026.01.19	01:06:09.894	0.57542	0.57543			6
2026.01.19	01:06:10.197	0.57541				2
2026.01.19	01:06:15.261	0.57536	0.57538			6
2026.01.19	01:06:15.568	0.57535	0.57537			6
2026.01.19	01:06:16.190		0.57538			4
2026.01.19	01:06:19.436	0.57536				2
2026.01.19	01:06:24.705	0.57537	0.57539			6
2026.01.19	01:06:26.261	0.57538	0.57540			6
2026.01.19	01:06:30.328	0.57532	0.57533			6
2026.01.19	01:06:30.948		0.57534			4
2026.01.19	01:06:31.252		0.57536			4
2026.01.19	01:06:31.581	0.57531	0.57535			6
2026.01.19	01:06:32.535	0.57532	0.57536			6
2026.01.19	01:06:32.840	0.57531	0.57535			6
2026.01.19	01:06:33.186	0.57532				2
2026.01.19	01:06:36.700	0.57531	0.57534			6
2026.01.19	01:06:37.402	0.57532				2
2026.01.19	01:06:46.733	0.57529	0.57531			6
2026.01.19	01:06:47.960		0.57530			4
2026.01.19	01:06:48.289		0.57532			4
2026.01.19	01:06:48.895	0.57528	0.57531			6
2026.01.19	01:06:49.245	0.57529				2
2026.01.19	01:06:51.101	0.57530	0.57532			6
2026.01.19	01:06:51.419	0.57531	0.57533			6
2026.01.19	01:06:52.353		0.57534			4
2026.01.19	01:06:53.308	0.57532				2
2026.01.19	01:06:58.273	0.57543	0.57545			6
2026.01.19	01:06:58.576	0.57542	0.57544			6
2026.01.19	01:06:58.893	0.57541	0.57543			6
2026.01.19	01:06:59.196	0.57540	0.57544			6
2026.01.19	01:07:00.177	0.57540				2
2026.01.19	01:07:00.481	0.57541	0.57545			6
2026.01.19	01:07:02.736	0.57542	0.57546			6
2026.01.19	01:07:03.040	0.57541	0.57545			6
2026.01.19	01:07:07.253	0.57542				2
2026.01.19	01:07:08.859	0.57543	0.57546			6
2026.01.19	01:07:10.163		0.57545			4
2026.01.19	01:07:13.271	0.57544				2
2026.01.19	01:07:14.826	0.57543				2
2026.01.19	01:07:18.888	0.57541	0.57543			6
2026.01.19	01:07:19.192	0.57537	0.57539			6
2026.01.19	01:07:19.508	0.57538	0.57540			6
2026.01.19	01:07:20.115	0.57537	0.57541			6
2026.01.19	01:07:20.744	0.57535	0.57539			6
2026.01.19	01:07:22.046	0.57537	0.57541			6
2026.01.19	01:07:22.348	0.57538				2
2026.01.19	01:07:25.258	0.57539				2
2026.01.19	01:07:25.563	0.57538	0.57540			6
2026.01.19	01:07:27.736	0.57536	0.57538			6
2026.01.19	01:07:28.367	0.57535	0.57537			6
2026.01.19	01:07:31.487		0.57536			4
2026.01.19	01:07:32.407	0.57534	0.57535			6
2026.01.19	01:07:32.736	0.57537	0.57538			6
2026.01.19	01:07:33.041		0.57539			4
2026.01.19	01:07:33.991	0.57538	0.57540			6
2026.01.19	01:07:38.357	0.57537	0.57539			6
2026.01.19	01:07:39.281		0.57538			4
2026.01.19	01:07:39.911	0.57536				2
2026.01.19	01:07:43.295	0.57537	0.57539			6
2026.01.19	01:07:46.409		0.57538			4
2026.01.19	01:07:46.734		0.57539			4
2026.01.19	01:07:48.592	0.57538	0.57540			6
2026.01.19	01:07:49.214	0.57539				2
2026.01.19	01:07:49.517	0.57538				2
2026.01.19	01:07:49.820	0.57539				2
2026.01.19	01:07:50.769	0.57537	0.57539			6
2026.01.19	01:07:54.837	0.57535	0.57537			6
2026.01.19	01:07:55.165		0.57536			4
2026.01.19	01:07:56.389		0.57537			4
2026.01.19	01:07:57.019	0.57534	0.57536			6
2026.01.19	01:07:57.337	0.57536	0.57537			6
2026.01.19	01:07:57.641	0.57537	0.57539			6
2026.01.19	01:07:57.973	0.57538				2
2026.01.19	01:07:58.289	0.57537	0.57540			6
2026.01.19	01:07:59.274	0.57538				2
2026.01.19	01:08:00.197	0.57538				2
2026.01.19	01:08:01.151	0.57541	0.57543			6
2026.01.19	01:08:01.481	0.57543	0.57545			6
2026.01.19	01:08:02.401	0.57542	0.57546			6
2026.01.19	01:08:04.340		0.57545			4
2026.01.19	01:08:05.902	0.57543	0.57546			6
2026.01.19	01:08:08.157		0.57545			4
2026.01.19	01:08:09.427	0.57539	0.57541			6
2026.01.19	01:08:09.730	0.57538	0.57540			6
2026.01.19	01:08:10.362	0.57537	0.57541			6
2026.01.19	01:08:11.665	0.57538	0.57542			6
2026.01.19	01:08:13.272	0.57539				2
2026.01.19	01:08:15.181	0.57538	0.57541			6
2026.01.19	01:08:15.527	0.57539				2
2026.01.19	01:08:17.483	0.57538				2
2026.01.19	01:08:18.437	0.57539				2
2026.01.19	01:08:29.051	0.57540				2
2026.01.19	01:08:31.234	0.57539				2
2026.01.19	01:08:32.461		0.57540			4
2026.01.19	01:08:34.018		0.57541			4
2026.01.19	01:08:47.788	0.57540				2
2026.01.19	01:08:48.092		0.57542			4
2026.01.19	01:08:52.516	0.57546	0.57548			6
2026.01.19	01:08:53.142	0.57545	0.57549			6
2026.01.19	01:08:53.819		0.57547			4
2026.01.19	01:08:54.122	0.57544				2
2026.01.19	01:08:55.732	0.57540	0.57543			6
2026.01.19	01:08:56.079	0.57539				2
2026.01.19	01:08:56.776		0.57542			4
2026.01.19	01:08:58.735	0.57538	0.57540			6
2026.01.19	01:08:59.048	0.57536				2
2026.01.19	01:09:00.338	0.57534	0.57537			6
2026.01.19	01:09:00.688	0.57540	0.57543			6
2026.01.19	01:09:00.992	0.57539	0.57541			6
2026.01.19	01:09:01.295	0.57538				2
2026.01.19	01:09:01.946	0.57540	0.57544			6
2026.01.19	01:09:02.252	0.57542				2
2026.01.19	01:09:02.565	0.57544	0.57548			6
2026.01.19	01:09:03.200	0.57540	0.57543			6
2026.01.19	01:09:04.806	0.57539	0.57542			6
2026.01.19	01:09:05.456		0.57540			4
2026.01.19	01:09:05.759	0.57538	0.57539			6
2026.01.19	01:09:06.064	0.57539	0.57541			6
2026.01.19	01:09:06.369	0.57544	0.57548			6
2026.01.19	01:09:06.715	0.57546				2
2026.01.19	01:09:07.063	0.57545				2
2026.01.19	01:09:07.367	0.57546	0.57550			6
2026.01.19	01:09:07.669	0.57545	0.57549			6
2026.01.19	01:09:08.022	0.57547	0.57551			6
2026.01.19	01:09:13.190	0.57548				2
2026.01.19	01:09:15.146	0.57549	0.57553			6
2026.01.19	01:09:15.450	0.57551	0.57555			6
2026.01.19	01:09:15.752	0.57549	0.57552			6
2026.01.19	01:09:16.102	0.57548	0.57551			6
2026.01.19	01:09:16.710	0.57545	0.57548			6
2026.01.19	01:09:17.359		0.57549			4
2026.01.19	01:09:17.708	0.57547	0.57551			6
2026.01.19	01:09:20.367		0.57550			4
2026.01.19	01:09:20.716	0.57548	0.57551			6
2026.01.19	01:09:23.309	0.57544	0.57547			6
2026.01.19	01:09:24.281	0.57545	0.57548			6
2026.01.19	01:09:25.885		0.57547			4
2026.01.19	01:09:26.190	0.57546				2
2026.01.19	01:09:28.668	0.57545				2
2026.01.19	01:09:28.997	0.57546				2
2026.01.19	01:09:30.225	0.57543	0.57544			6
2026.01.19	01:09:31.175	0.57542	0.57543			6
2026.01.19	01:09:31.476	0.57541	0.57542			6
2026.01.19	01:09:32.130	0.57536	0.57538			6
2026.01.19	01:09:32.462	0.57535				2
2026.01.19	01:09:33.768		0.57537			4
2026.01.19	01:09:34.072	0.57533	0.57536			6
2026.01.19	01:09:34.380	0.57540	0.57542			6
2026.01.19	01:09:35.676	0.57539				2
2026.01.19	01:09:36.632		0.57541			4
2026.01.19	01:09:37.937	0.57538	0.57540			6
2026.01.19	01:09:38.588	0.57537				2
2026.01.19	01:09:38.892	0.57536				2
2026.01.19	01:09:39.543	0.57534	0.57537			6
2026.01.19	01:09:39.848	0.57533	0.57536			6
2026.01.19	01:09:41.149	0.57534				2
2026.01.19	01:09:44.359	0.57535				2
2026.01.19	01:09:45.283	0.57534				2
2026.01.19	01:09:46.534	0.57535				2
2026.01.19	01:09:50.603	0.57534				2
2026.01.19	01:09:50.905	0.57535				2
2026.01.19	01:09:53.093	0.57534				2
2026.01.19	01:09:53.715		0.57535			4
2026.01.19	01:09:54.017	0.57535	0.57536			6
2026.01.19	01:09:54.953	0.57534				2
2026.01.19	01:09:55.605	0.57535				2
2026.01.19	01:09:57.767	0.57526	0.57528			6
2026.01.19	01:09:58.416	0.57525				2
2026.01.19	01:09:59.720		0.57529			4
2026.01.19	01:10:00.026	0.57526				2
2026.01.19	01:10:00.363	0.57524	0.57527			6
2026.01.19	01:10:01.024	0.57525	0.57528			6
2026.01.19	01:10:05.891		0.57527			4
2026.01.19	01:10:09.701	0.57526				2
2026.01.19	01:10:10.307	0.57527	0.57528			6
2026.01.19	01:10:10.928	0.57526	0.57527			6
2026.01.19	01:10:11.862	0.57527	0.57528			6
2026.01.19	01:10:13.113	0.57526	0.57527			6
2026.01.19	01:10:13.415	0.57527	0.57528			6
2026.01.19	01:10:16.224	0.57524	0.57525			6
2026.01.19	01:10:16.525	0.57521	0.57522			6
2026.01.19	01:10:18.387	0.57520	0.57521			6
2026.01.19	01:10:21.291	0.57521	0.57522			6
2026.01.19	01:10:23.467	0.57524	0.57526			6
2026.01.19	01:10:23.771	0.57526	0.57527			6
2026.01.19	01:10:25.324	0.57525	0.57526			6
2026.01.19	01:10:27.611	0.57522	0.57523			6
2026.01.19	01:10:27.913	0.57521				2
2026.01.19	01:10:30.521		0.57524			4
2026.01.19	01:10:30.823		0.57523			4
2026.01.19	01:10:32.169	0.57520				2
2026.01.19	01:10:33.125	0.57521	0.57522			6
2026.01.19	01:10:40.271	0.57519	0.57521			6
2026.01.19	01:10:40.574		0.57520			4
2026.01.19	01:10:41.508	0.57520	0.57521			6
2026.01.19	01:10:44.314	0.57521	0.57522			6
2026.01.19	01:10:46.192	0.57520	0.57521			6
2026.01.19	01:10:46.493	0.57521	0.57522			6
2026.01.19	01:10:49.629	0.57520				2
2026.01.19	01:10:50.254		0.57521			4
2026.01.19	01:10:50.579	0.57519				2
2026.01.19	01:10:54.013		0.57520			4
2026.01.19	01:10:54.316	0.57515	0.57517			6
2026.01.19	01:11:00.233	0.57514	0.57516			6
2026.01.19	01:11:03.677	0.57513	0.57515			6
2026.01.19	01:11:08.971	0.57511	0.57512			6
2026.01.19	01:11:10.224	0.57510				2
2026.01.19	01:11:10.557		0.57513			4
2026.01.19	01:11:11.557		0.57512			4
2026.01.19	01:11:11.860		0.57513			4
2026.01.19	01:11:13.163		0.57512			4
2026.01.19	01:11:15.976		0.57511			4
2026.01.19	01:11:16.278	0.57509				2
2026.01.19	01:11:17.533	0.57510	0.57512			6
2026.01.19	01:11:23.459	0.57509	0.57511			6
2026.01.19	01:11:25.344	0.57507	0.57508			6
2026.01.19	01:11:26.285	0.57505				2
2026.01.19	01:11:30.831	0.57514	0.57517			6
2026.01.19	01:11:31.133	0.57515	0.57518			6
2026.01.19	01:11:31.437	0.57520	0.57522			6
2026.01.19	01:11:32.058	0.57522	0.57524			6
2026.01.19	01:11:32.388	0.57521	0.57525			6
2026.01.19	01:11:35.598	0.57520	0.57524			6
2026.01.19	01:11:35.902	0.57519	0.57523			6
2026.01.19	01:11:38.462	0.57520	0.57524			6
2026.01.19	01:11:43.328		0.57523			4
2026.01.19	01:11:47.242	0.57521				2
2026.01.19	01:11:48.799	0.57518	0.57520			6
2026.01.19	01:11:49.101	0.57517	0.57519			6
2026.01.19	01:11:50.353	0.57516				2
2026.01.19	01:11:53.259	0.57517				2
2026.01.19	01:11:57.297	0.57518	0.57520			6
2026.01.19	01:11:58.232	0.57517	0.57519			6
2026.01.19	01:11:59.486	0.57518	0.57520			6
2026.01.19	01:12:00.109	0.57518				2
2026.01.19	01:12:00.742		0.57519			4
2026.01.19	01:12:04.158		0.57520			4
2026.01.19	01:12:04.477		0.57519			4
2026.01.19	01:12:04.780	0.57517				2
2026.01.19	01:12:07.891	0.57518	0.57520			6
2026.01.19	01:12:09.130	0.57520	0.57522			6
2026.01.19	01:12:15.700		0.57521			4
2026.01.19	01:12:16.003		0.57522			4
2026.01.19	01:12:16.308	0.57519	0.57521			6
2026.01.19	01:12:16.623		0.57520			4
2026.01.19	01:12:16.927		0.57521			4
2026.01.19	01:12:17.233	0.57522	0.57524			6
2026.01.19	01:12:17.559	0.57523	0.57525			6
2026.01.19	01:12:18.186	0.57522	0.57526			6
2026.01.19	01:12:21.420		0.57525			4
2026.01.19	01:12:22.374	0.57524	0.57527			6
2026.01.19	01:12:25.284	0.57525				2
2026.01.19	01:12:28.399	0.57524	0.57526			6
2026.01.19	01:12:32.466		0.57525			4
2026.01.19	01:12:39.642	0.57525	0.57526			6
2026.01.19	01:12:39.961	0.57524				2
2026.01.19	01:12:40.894	0.57527	0.57528			6
2026.01.19	01:12:41.847	0.57524	0.57526			6
2026.01.19	01:12:42.151	0.57525				2
2026.01.19	01:12:42.802	0.57526	0.57527			6
2026.01.19	01:12:43.455	0.57525	0.57526			6
2026.01.19	01:12:45.407	0.57524				2
2026.01.19	01:12:48.924	0.57521	0.57522			6
2026.01.19	01:12:49.227	0.57520				2
2026.01.19	01:12:52.488	0.57519				2
2026.01.19	01:12:54.092		0.57521			4
2026.01.19	01:13:00.167	0.57519				2
2026.01.19	01:13:03.076	0.57520				2
2026.01.19	01:13:03.380	0.57521	0.57522			6
2026.01.19	01:13:04.984		0.57523			4
2026.01.19	01:13:08.170	0.57522				2
2026.01.19	01:13:08.807	0.57521	0.57522			6
2026.01.19	01:13:10.675	0.57527	0.57529			6
2026.01.19	01:13:10.983	0.57528	0.57530			6
2026.01.19	01:13:11.307	0.57527	0.57531			6
2026.01.19	01:13:13.217		0.57530			4
2026.01.19	01:13:13.869	0.57526	0.57529			6
2026.01.19	01:13:14.171	0.57524	0.57528			6
2026.01.19	01:13:19.342	0.57525	0.57527			6
2026.01.19	01:13:19.645	0.57524				2
2026.01.19	01:13:24.161		0.57526			4
2026.01.19	01:13:24.783	0.57525	0.57527			6
2026.01.19	01:13:25.086	0.57524	0.57526			6
2026.01.19	01:13:30.056	0.57525	0.57527			6
2026.01.19	01:13:30.362	0.57524	0.57526			6
2026.01.19	01:13:31.306	0.57525	0.57527			6
2026.01.19	01:13:32.243	0.57524	0.57526			6
2026.01.19	01:13:38.486	0.57515	0.57517			6
2026.01.19	01:13:39.420	0.57514				2
2026.01.19	01:13:39.724	0.57513				2
2026.01.19	01:13:41.677	0.57514				2
2026.01.19	01:13:42.934	0.57513				2
2026.01.19	01:13:43.244	0.57514				2
2026.01.19	01:13:45.191		0.57518			4
2026.01.19	01:13:49.364	0.57518	0.57521			6
2026.01.19	01:13:50.314	0.57517				2
2026.01.19	01:13:51.920	0.57518	0.57522			6
2026.01.19	01:13:53.221		0.57521			4
2026.01.19	01:13:56.131		0.57519			4
2026.01.19	01:13:56.437	0.57514	0.57515			6
2026.01.19	01:13:56.739	0.57513				2
2026.01.19	01:13:57.056	0.57512	0.57514			6
2026.01.19	01:13:57.360	0.57511	0.57515			6
2026.01.19	01:14:00.252	0.57511				2
2026.01.19	01:14:00.557	0.57514	0.57518			6
2026.01.19	01:14:02.210		0.57517			4
2026.01.19	01:14:05.429	0.57515				2
2026.01.19	01:14:09.164	0.57518	0.57520			6
2026.01.19	01:14:10.115	0.57517	0.57521			6
2026.01.19	01:14:12.406	0.57518				2
2026.01.19	01:14:14.668	0.57519	0.57522			6
2026.01.19	01:14:14.973	0.57520	0.57523			6
2026.01.19	01:14:15.325	0.57521	0.57524			6
2026.01.19	01:14:16.940	0.57519	0.57522			6
2026.01.19	01:14:17.580	0.57518	0.57521			6
2026.01.19	01:14:18.630	0.57516	0.57519			6
2026.01.19	01:14:21.285		0.57518			4
2026.01.19	01:14:33.906		0.57517			4
2026.01.19	01:14:36.069		0.57518			4
2026.01.19	01:14:42.375	0.57517				2
2026.01.19	01:14:43.935	0.57516				2
2026.01.19	01:14:46.749		0.57517			4
2026.01.19	01:14:47.701		0.57518			4
2026.01.19	01:14:48.349	0.57517				2
2026.01.19	01:14:51.508	0.57516				2
2026.01.19	01:14:57.746	0.57517				2
2026.01.19	01:14:58.065	0.57516				2
2026.01.19	01:15:00.270	0.57516				2
2026.01.19	01:15:00.904		0.57517			4
2026.01.19	01:15:01.225	0.57515	0.57518			6
2026.01.19	01:15:02.207		0.57517			4
2026.01.19	01:15:03.162	0.57513	0.57514			6
2026.01.19	01:15:03.483	0.57512				2
2026.01.19	01:15:04.116	0.57511				2
2026.01.19	01:15:06.472	0.57514	0.57517			6
2026.01.19	01:15:06.821	0.57513	0.57516			6
2026.01.19	01:15:07.171		0.57517			4
2026.01.19	01:15:07.871	0.57512	0.57515			6
2026.01.19	01:15:08.221	0.57511				2
2026.01.19	01:15:09.224		0.57514			4
2026.01.19	01:15:09.529	0.57513	0.57516			6
2026.01.19	01:15:10.881	0.57514	0.57517			6
2026.01.19	01:15:14.189	0.57516	0.57518			6
2026.01.19	01:15:14.496		0.57519			4
2026.01.19	01:15:15.147		0.57520			4
2026.01.19	01:15:16.398		0.57519			4
2026.01.19	01:15:17.656	0.57517	0.57520			6
2026.01.19	01:15:18.310	0.57515	0.57518			6
2026.01.19	01:15:19.262		0.57519			4
2026.01.19	01:15:21.171		0.57518			4
2026.01.19	01:15:22.776	0.57516	0.57519			6
2026.01.19	01:15:24.079	0.57518	0.57521			6
2026.01.19	01:15:25.383	0.57519	0.57522			6
2026.01.19	01:15:25.698	0.57518	0.57521			6
2026.01.19	01:15:26.037	0.57519	0.57522			6
2026.01.19	01:15:27.036	0.57518	0.57521			6
2026.01.19	01:15:27.339	0.57519				2
2026.01.19	01:15:28.593	0.57520	0.57522			6
2026.01.19	01:15:33.263	0.57519	0.57521			6
2026.01.19	01:15:33.581	0.57518	0.57520			6
2026.01.19	01:15:34.214		0.57521			4
2026.01.19	01:15:37.424	0.57519				2
2026.01.19	01:15:38.032	0.57518	0.57520			6
2026.01.19	01:15:38.349	0.57519	0.57521			6
2026.01.19	01:15:38.651	0.57518	0.57520			6
2026.01.19	01:15:38.981	0.57519	0.57521			6
2026.01.19	01:15:44.252	0.57520	0.57522			6
2026.01.19	01:15:44.905	0.57526	0.57527			6
2026.01.19	01:15:45.219	0.57532	0.57534			6
2026.01.19	01:15:45.536	0.57531	0.57535			6
2026.01.19	01:15:45.860	0.57532				2
2026.01.19	01:15:46.190	0.57531				2
2026.01.19	01:15:48.115	0.57532				2
2026.01.19	01:15:48.767	0.57531				2
2026.01.19	01:15:49.070	0.57532				2
2026.01.19	01:15:49.418	0.57531				2
2026.01.19	01:15:50.677	0.57532				2
2026.01.19	01:15:51.002	0.57531				2
2026.01.19	01:15:52.630	0.57532	0.57534			6
2026.01.19	01:15:52.933	0.57531	0.57535			6
2026.01.19	01:15:55.490	0.57532				2
2026.01.19	01:15:55.840	0.57531				2
2026.01.19	01:15:57.097	0.57530	0.57534			6
2026.01.19	01:15:57.748	0.57531	0.57535			6
2026.01.19	01:15:58.399		0.57534			4
2026.01.19	01:16:00.305	0.57531				2
2026.01.19	01:16:01.213	0.57535	0.57537			6
2026.01.19	01:16:01.523	0.57537	0.57539			6
2026.01.19	01:16:02.164	0.57536				2
2026.01.19	01:16:02.467	0.57532	0.57536			6
2026.01.19	01:16:06.685	0.57531	0.57535			6
2026.01.19	01:16:07.034	0.57532	0.57536			6
2026.01.19	01:16:08.292		0.57535			4
2026.01.19	01:16:08.640	0.57533	0.57536			6
2026.01.19	01:16:11.250		0.57535			4
2026.01.19	01:16:16.243	0.57534	0.57536			6
2026.01.19	01:16:16.574		0.57535			4
2026.01.19	01:16:17.523	0.57535	0.57537			6
2026.01.19	01:16:17.827	0.57536	0.57538			6
2026.01.19	01:16:18.448	0.57535	0.57537			6
2026.01.19	01:16:19.080	0.57536	0.57538			6
2026.01.19	01:16:20.654	0.57535	0.57537			6
2026.01.19	01:16:22.512	0.57534	0.57536			6
2026.01.19	01:16:24.369	0.57533				2
2026.01.19	01:16:25.304	0.57534				2
2026.01.19	01:16:26.254	0.57533	0.57535			6
2026.01.19	01:16:31.847	0.57534	0.57536			6
2026.01.19	01:16:33.736	0.57536	0.57537			6
2026.01.19	01:16:34.040		0.57538			4
2026.01.19	01:16:34.357	0.57535				2
2026.01.19	01:16:34.993	0.57534	0.57537			6
2026.01.19	01:16:35.644	0.57533	0.57536			6
2026.01.19	01:16:35.992	0.57534	0.57537			6
2026.01.19	01:16:36.297	0.57533				2
2026.01.19	01:16:37.249		0.57536			4
2026.01.19	01:16:40.160	0.57530	0.57532			6
2026.01.19	01:16:41.116	0.57529	0.57531			6
2026.01.19	01:16:41.420		0.57533			4
2026.01.19	01:16:43.374	0.57530				2
2026.01.19	01:16:43.678	0.57529	0.57532			6
2026.01.19	01:16:47.279		0.57531			4
2026.01.19	01:16:48.209	0.57530	0.57532			6
2026.01.19	01:16:51.001	0.57529	0.57531			6
2026.01.19	01:16:53.207	0.57530				2
2026.01.19	01:16:54.130	0.57529				2
2026.01.19	01:16:54.461	0.57530	0.57532			6
2026.01.19	01:16:54.762	0.57529	0.57531			6
2026.01.19	01:16:56.317	0.57530				2
2026.01.19	01:16:57.570		0.57532			4
2026.01.19	01:17:00.077	0.57530				2
2026.01.19	01:17:00.683		0.57531			4
2026.01.19	01:17:03.190		0.57532			4
2026.01.19	01:17:03.796	0.57529	0.57531			6
2026.01.19	01:17:04.114	0.57528	0.57530			6
2026.01.19	01:17:04.750	0.57529	0.57531			6
2026.01.19	01:17:06.002		0.57530			4
2026.01.19	01:17:06.306		0.57531			4
2026.01.19	01:17:06.622	0.57528	0.57530			6
2026.01.19	01:17:06.926	0.57529				2
2026.01.19	01:17:07.255	0.57528				2
2026.01.19	01:17:08.178	0.57529	0.57531			6
2026.01.19	01:17:08.485	0.57530				2
2026.01.19	01:17:08.810		0.57532			4
2026.01.19	01:17:09.416	0.57529	0.57530			6
2026.01.19	01:17:10.037		0.57531			4
2026.01.19	01:17:11.295	0.57528	0.57530			6
2026.01.19	01:17:13.480	0.57529	0.57531			6
2026.01.19	01:17:15.036	0.57530	0.57532			6
2026.01.19	01:17:15.353	0.57529	0.57531			6
2026.01.19	01:17:15.960	0.57530	0.57532			6
2026.01.19	01:17:16.591	0.57529	0.57531			6
2026.01.19	01:17:16.908	0.57530	0.57532			6
2026.01.19	01:17:17.516	0.57529	0.57531			6
2026.01.19	01:17:18.146	0.57528	0.57530			6
2026.01.19	01:17:20.002	0.57529	0.57531			6
2026.01.19	01:17:20.320	0.57528	0.57530			6
2026.01.19	01:17:21.254	0.57530	0.57532			6
2026.01.19	01:17:22.506	0.57529	0.57531			6
2026.01.19	01:17:22.808	0.57528	0.57530			6
2026.01.19	01:17:25.590	0.57529	0.57531			6
2026.01.19	01:17:26.222	0.57528	0.57530			6
2026.01.19	01:17:31.541	0.57529	0.57531			6
2026.01.19	01:17:34.954	0.57528	0.57530			6
2026.01.19	01:17:35.575	0.57526	0.57528			6
2026.01.19	01:17:35.877	0.57525	0.57527			6
2026.01.19	01:17:37.128	0.57524	0.57528			6
2026.01.19	01:17:37.463	0.57526	0.57530			6
2026.01.19	01:17:43.940		0.57529			4
2026.01.19	01:17:44.288		0.57528			4
2026.01.19	01:17:45.243		0.57529			4
2026.01.19	01:17:50.363		0.57528			4
2026.01.19	01:17:51.288	0.57525				2
2026.01.19	01:17:52.225	0.57523	0.57525			6
2026.01.19	01:17:52.873	0.57524	0.57526			6
2026.01.19	01:17:53.189	0.57522	0.57525			6
2026.01.19	01:17:53.875	0.57521	0.57524			6
2026.01.19	01:17:54.480	0.57522	0.57525			6
2026.01.19	01:17:57.084	0.57523	0.57526			6
2026.01.19	01:17:57.691	0.57522	0.57525			6
2026.01.19	01:17:58.039	0.57523	0.57526			6
2026.01.19	01:17:58.659	0.57525	0.57528			6
2026.01.19	01:17:59.949	0.57524	0.57527			6
2026.01.19	01:18:00.297	0.57524				2
2026.01.19	01:18:02.510	0.57523	0.57526			6
2026.01.19	01:18:07.426		0.57525			4
2026.01.19	01:18:15.176	0.57521	0.57523			6
2026.01.19	01:18:16.110	0.57520				2
2026.01.19	01:18:17.765	0.57519	0.57522			6
2026.01.19	01:18:18.418	0.57517	0.57520			6
2026.01.19	01:18:19.374		0.57521			4
2026.01.19	01:18:20.374	0.57516	0.57520			6
2026.01.19	01:18:22.935	0.57515	0.57519			6
2026.01.19	01:18:23.239	0.57514	0.57518			6
2026.01.19	01:18:28.404	0.57515				2
2026.01.19	01:18:29.012	0.57514	0.57517			6
2026.01.19	01:18:34.230		0.57516			4
2026.01.19	01:18:34.533	0.57515	0.57517			6
2026.01.19	01:18:37.361	0.57514	0.57516			6
2026.01.19	01:18:42.360	0.57515	0.57517			6
2026.01.19	01:18:43.283	0.57516	0.57518			6
2026.01.19	01:18:43.613	0.57517				2
2026.01.19	01:18:44.538	0.57515	0.57517			6
2026.01.19	01:18:46.702		0.57516			4
2026.01.19	01:18:47.332		0.57517			4
2026.01.19	01:18:52.649	0.57516				2
2026.01.19	01:18:52.951		0.57518			4
2026.01.19	01:18:53.270		0.57517			4
2026.01.19	01:18:53.877	0.57520	0.57522			6
2026.01.19	01:18:55.128	0.57522	0.57523			6
2026.01.19	01:18:55.446	0.57523	0.57527			6
2026.01.19	01:18:59.376	0.57524				2
2026.01.19	01:18:59.723	0.57523				2
2026.01.19	01:19:00.026	0.57523				2
2026.01.19	01:19:00.376	0.57524	0.57528			6
2026.01.19	01:19:03.240	0.57527	0.57529			6
2026.01.19	01:19:03.544	0.57528	0.57532			6
2026.01.19	01:19:05.802	0.57529	0.57533			6
2026.01.19	01:19:06.151	0.57531				2
2026.01.19	01:19:06.453		0.57535			4
2026.01.19	01:19:07.107	0.57532	0.57536			6
2026.01.19	01:19:09.412	0.57533	0.57537			6
2026.01.19	01:19:11.670	0.57538	0.57539			6
2026.01.19	01:19:11.973	0.57537	0.57541			6
2026.01.19	01:19:14.212	0.57538	0.57542			6
2026.01.19	01:19:14.881	0.57542	0.57546			6
2026.01.19	01:19:15.185	0.57543				2
2026.01.19	01:19:16.141	0.57542				2
2026.01.19	01:19:16.791	0.57544	0.57547			6
2026.01.19	01:19:18.048	0.57543				2
2026.01.19	01:19:18.349		0.57546			4
2026.01.19	01:19:19.000	0.57544	0.57547			6
2026.01.19	01:19:19.350	0.57543				2
2026.01.19	01:19:20.306	0.57544				2
2026.01.19	01:19:20.956	0.57547	0.57548			6
2026.01.19	01:19:21.266		0.57550			4
2026.01.19	01:19:24.170	0.57546	0.57549			6
2026.01.19	01:19:26.430	0.57547				2
2026.01.19	01:19:26.736	0.57545	0.57547			6
2026.01.19	01:19:27.386	0.57547	0.57548			6
2026.01.19	01:19:27.734	0.57546	0.57549			6
2026.01.19	01:19:28.991	0.57547				2
2026.01.19	01:19:31.169	0.57545	0.57547			6
2026.01.19	01:19:31.498	0.57544	0.57546			6
2026.01.19	01:19:32.117		0.57547			4
2026.01.19	01:19:34.404		0.57546			4
2026.01.19	01:19:39.388	0.57547	0.57548			6
2026.01.19	01:19:40.021	0.57548	0.57550			6
2026.01.19	01:19:40.322	0.57547	0.57551			6
2026.01.19	01:19:41.277	0.57549				2
2026.01.19	01:19:42.274	0.57550	0.57552			6
2026.01.19	01:19:42.881	0.57549	0.57551			6
2026.01.19	01:19:51.152		0.57550			4
2026.01.19	01:19:55.818	0.57550	0.57551			6
2026.01.19	01:19:57.992	0.57549				2
2026.01.19	01:19:58.320		0.57550			4
2026.01.19	01:20:00.174	0.57550	0.57552			6
2026.01.19	01:20:01.097	0.57551				2
2026.01.19	01:20:01.401	0.57550				2
2026.01.19	01:20:02.030	0.57552	0.57554			6
2026.01.19	01:20:03.586	0.57551	0.57553			6
2026.01.19	01:20:04.206	0.57550	0.57552			6
2026.01.19	01:20:04.509	0.57549	0.57551			6
2026.01.19	01:20:05.142	0.57548	0.57552			6
2026.01.19	01:20:05.772	0.57547	0.57550			6
2026.01.19	01:20:07.383	0.57549	0.57552			6
2026.01.19	01:20:07.700	0.57548	0.57551			6
2026.01.19	01:20:08.039	0.57549	0.57552			6
2026.01.19	01:20:08.350	0.57548				2
2026.01.19	01:20:09.302	0.57547	0.57551			6
2026.01.19	01:20:09.919	0.57543	0.57547			6
2026.01.19	01:20:10.604	0.57544	0.57548			6
2026.01.19	01:20:11.559	0.57543	0.57547			6
2026.01.19	01:20:12.510	0.57544	0.57548			6
2026.01.19	01:20:14.765	0.57545	0.57549			6
2026.01.19	01:20:16.070	0.57544	0.57548			6
2026.01.19	01:20:17.022	0.57545	0.57549			6
2026.01.19	01:20:17.328	0.57549	0.57552			6
2026.01.19	01:20:18.330		0.57553			4
2026.01.19	01:20:23.241		0.57552			4
2026.01.19	01:20:25.148	0.57550				2
2026.01.19	01:20:27.024	0.57547	0.57549			6
2026.01.19	01:20:27.353	0.57548	0.57550			6
2026.01.19	01:20:27.656	0.57547	0.57549			6
2026.01.19	01:20:28.277	0.57546	0.57550			6
2026.01.19	01:20:29.264		0.57549			4
2026.01.19	01:20:29.914	0.57547	0.57550			6
2026.01.19	01:20:30.237	0.57546	0.57549			6
2026.01.19	01:20:31.214	0.57547				2
2026.01.19	01:20:34.326		0.57548			4
2026.01.19	01:20:34.629	0.57542	0.57544			6
2026.01.19	01:20:34.933	0.57543	0.57545			6
2026.01.19	01:20:35.251	0.57542	0.57546			6
2026.01.19	01:20:36.236	0.57541	0.57545			6
2026.01.19	01:20:36.889	0.57542	0.57546			6
2026.01.19	01:20:39.752	0.57543	0.57547			6
2026.01.19	01:20:40.402		0.57546			4
2026.01.19	01:20:41.357	0.57544	0.57547			6
2026.01.19	01:20:43.661	0.57545	0.57548			6
2026.01.19	01:20:44.309		0.57547			4
2026.01.19	01:20:44.613	0.57546	0.57548			6
2026.01.19	01:20:45.234	0.57551	0.57553			6
2026.01.19	01:20:45.865	0.57552				2
2026.01.19	01:20:46.169	0.57551				2
2026.01.19	01:20:46.518		0.57554			4
2026.01.19	01:20:48.126	0.57550				2
2026.01.19	01:20:48.740	0.57549	0.57553			6
2026.01.19	01:20:51.639	0.57547	0.57551			6
2026.01.19	01:20:51.944	0.57548	0.57552			6
2026.01.19	01:20:54.196	0.57549				2
2026.01.19	01:20:56.153	0.57550				2
2026.01.19	01:20:56.456	0.57555	0.57557			6
2026.01.19	01:20:57.383	0.57554	0.57558			6
2026.01.19	01:21:00.069	0.57554				2
2026.01.19	01:21:01.372	0.57559	0.57563			6
2026.01.19	01:21:02.323	0.57560	0.57564			6
2026.01.19	01:21:02.673		0.57563			4
2026.01.19	01:21:03.953	0.57559				2
2026.01.19	01:21:05.884	0.57557	0.57561			6
2026.01.19	01:21:08.141	0.57558	0.57562			6
2026.01.19	01:21:08.450	0.57559	0.57563			6
2026.01.19	01:21:10.752	0.57558	0.57562			6
2026.01.19	01:21:11.405	0.57559				2
2026.01.19	01:21:12.011	0.57558	0.57561			6
2026.01.19	01:21:12.342	0.57556	0.57559			6
2026.01.19	01:21:13.361	0.57555				2
2026.01.19	01:21:13.981	0.57556	0.57560			6
2026.01.19	01:21:16.271		0.57559			4
2026.01.19	01:21:16.574	0.57557	0.57560			6
2026.01.19	01:21:17.875	0.57556	0.57559			6
2026.01.19	01:21:19.133	0.57557				2
2026.01.19	01:21:20.389	0.57556	0.57558			6
2026.01.19	01:21:25.981		0.57557			4
2026.01.19	01:21:26.614		0.57558			4
2026.01.19	01:21:26.916		0.57557			4
2026.01.19	01:21:28.170		0.57558			4
2026.01.19	01:21:35.396	0.57555	0.57556			6
2026.01.19	01:21:35.699	0.57554				2
2026.01.19	01:21:37.879	0.57555				2
2026.01.19	01:21:39.740		0.57557			4
2026.01.19	01:21:41.295		0.57556			4
2026.01.19	01:21:41.599		0.57557			4
2026.01.19	01:21:41.929	0.57554	0.57555			6
2026.01.19	01:21:42.549		0.57556			4
2026.01.19	01:21:45.694	0.57553	0.57555			6
2026.01.19	01:21:46.012	0.57554				2
2026.01.19	01:21:46.316		0.57556			4
2026.01.19	01:21:47.249		0.57555			4
2026.01.19	01:21:47.871	0.57553	0.57554			6
2026.01.19	01:21:48.201	0.57554	0.57556			6
2026.01.19	01:21:48.502		0.57555			4
2026.01.19	01:21:48.805		0.57556			4
2026.01.19	01:21:52.289	0.57553	0.57555			6
2026.01.19	01:21:52.933	0.57554	0.57556			6
2026.01.19	01:22:00.070	0.57554				2
2026.01.19	01:22:03.212		0.57555			4
2026.01.19	01:22:03.834		0.57556			4
2026.01.19	01:22:04.164	0.57555	0.57557			6
2026.01.19	01:22:06.643		0.57556			4
2026.01.19	01:22:06.950	0.57554				2
2026.01.19	01:22:08.835	0.57555				2
2026.01.19	01:22:09.156	0.57554				2
2026.01.19	01:22:10.092	0.57555				2
2026.01.19	01:22:10.738	0.57554				2
2026.01.19	01:22:12.902		0.57555			4
2026.01.19	01:22:15.430		0.57556			4
2026.01.19	01:22:19.155	0.57553	0.57554			6
2026.01.19	01:22:19.457	0.57554	0.57555			6
2026.01.19	01:22:20.088	0.57553				2
2026.01.19	01:22:22.604	0.57550	0.57552			6
2026.01.19	01:22:22.922	0.57549	0.57551			6
2026.01.19	01:22:23.225	0.57548	0.57552			6
2026.01.19	01:22:30.294	0.57549				2
2026.01.19	01:22:34.159		0.57551			4
2026.01.19	01:22:34.789	0.57550	0.57552			6
2026.01.19	01:22:35.119	0.57549	0.57551			6
2026.01.19	01:22:37.949	0.57550	0.57552			6
2026.01.19	01:22:44.501	0.57553	0.57555			6
2026.01.19	01:22:44.804	0.57554	0.57556			6
2026.01.19	01:22:46.057	0.57555	0.57557			6
2026.01.19	01:22:46.358	0.57554	0.57558			6
2026.01.19	01:22:50.523	0.57555	0.57559			6
2026.01.19	01:22:50.826	0.57556	0.57560			6
2026.01.19	01:22:53.087	0.57557	0.57561			6
2026.01.19	01:22:55.341		0.57560			4
2026.01.19	01:22:56.297	0.57556	0.57559			6
2026.01.19	01:22:56.649	0.57555	0.57558			6
2026.01.19	01:23:00.214	0.57555	0.57557			6
2026.01.19	01:23:02.116	0.57554	0.57555			6
2026.01.19	01:23:02.420	0.57552	0.57554			6
2026.01.19	01:23:03.343	0.57551	0.57555			6
2026.01.19	01:23:03.975	0.57550	0.57554			6
2026.01.19	01:23:04.604	0.57549	0.57553			6
2026.01.19	01:23:06.888	0.57548	0.57552			6
2026.01.19	01:23:07.235	0.57549				2
2026.01.19	01:23:11.402	0.57550				2
2026.01.19	01:23:12.351	0.57549	0.57551			6
2026.01.19	01:23:14.513	0.57550	0.57552			6
2026.01.19	01:23:17.327	0.57549	0.57551			6
2026.01.19	01:23:17.644	0.57550	0.57552			6
2026.01.19	01:23:18.250	0.57549	0.57550			6
2026.01.19	01:23:18.578	0.57548				2
2026.01.19	01:23:19.199		0.57549			4
2026.01.19	01:23:19.502		0.57550			4
2026.01.19	01:23:19.831	0.57547	0.57548			6
2026.01.19	01:23:20.133		0.57549			4
2026.01.19	01:23:25.123	0.57548				2
2026.01.19	01:23:25.755	0.57547				2
2026.01.19	01:23:27.613	0.57548				2
2026.01.19	01:23:27.931	0.57547				2
2026.01.19	01:23:35.443	0.57548				2
2026.01.19	01:23:35.746	0.57547				2
2026.01.19	01:23:37.619	0.57548	0.57550			6
2026.01.19	01:23:40.411	0.57550	0.57551			6
2026.01.19	01:23:40.730		0.57552			4
2026.01.19	01:23:41.340	0.57549				2
2026.01.19	01:23:42.314	0.57550				2
2026.01.19	01:23:50.747	0.57548	0.57550			6
2026.01.19	01:23:51.050	0.57549	0.57551			6
2026.01.19	01:23:51.701	0.57548	0.57550			6
2026.01.19	01:23:52.321		0.57551			4
2026.01.19	01:23:54.659	0.57550	0.57553			6
2026.01.19	01:23:54.964	0.57551	0.57554			6
2026.01.19	01:23:55.961	0.57550	0.57553			6
2026.01.19	01:23:56.265	0.57552	0.57555			6
2026.01.19	01:23:56.569		0.57556			4
2026.01.19	01:23:59.129	0.57553	0.57557			6
2026.01.19	01:24:00.126	0.57553				2
2026.01.19	01:24:02.383		0.57556			4
2026.01.19	01:24:06.199	0.57554				2
2026.01.19	01:24:09.628	0.57559	0.57561			6
2026.01.19	01:24:09.960	0.57558	0.57560			6
2026.01.19	01:24:10.281	0.57557	0.57561			6
2026.01.19	01:24:10.609	0.57558	0.57562			6
2026.01.19	01:24:10.912	0.57557	0.57561			6
2026.01.19	01:24:12.519	0.57556	0.57558			6
2026.01.19	01:24:12.826	0.57555				2
2026.01.19	01:24:22.102	0.57556				2
2026.01.19	01:24:24.614	0.57555	0.57557			6
2026.01.19	01:24:25.864	0.57556	0.57558			6
2026.01.19	01:24:28.069		0.57557			4
2026.01.19	01:24:28.677	0.57555				2
2026.01.19	01:24:35.522	0.57556				2
2026.01.19	01:24:35.854	0.57555				2
2026.01.19	01:24:36.473	0.57556				2
2026.01.19	01:24:36.776	0.57555				2
2026.01.19	01:24:39.915	0.57553	0.57555			6
2026.01.19	01:24:40.217		0.57554			4
2026.01.19	01:24:40.537	0.57552				2
2026.01.19	01:24:41.140	0.57551	0.57555			6
2026.01.19	01:24:45.013	0.57550	0.57554			6
2026.01.19	01:24:49.196	0.57551				2
2026.01.19	01:24:52.409		0.57553			4
2026.01.19	01:25:00.208	0.57551				2
2026.01.19	01:25:00.541	0.57555	0.57556			6
2026.01.19	01:25:01.163	0.57550	0.57554			6
2026.01.19	01:25:01.847	0.57551				2
2026.01.19	01:25:03.756	0.57553	0.57557			6
2026.01.19	01:25:04.057	0.57552	0.57556			6
2026.01.19	01:25:04.406	0.57553	0.57557			6
2026.01.19	01:25:08.266		0.57556			4
2026.01.19	01:25:10.175	0.57554				2
2026.01.19	01:25:11.729	0.57555	0.57557			6
2026.01.19	01:25:12.349	0.57554				2
2026.01.19	01:25:14.291	0.57555				2
2026.01.19	01:25:18.029	0.57552	0.57554			6
2026.01.19	01:25:18.354	0.57551	0.57553			6
2026.01.19	01:25:19.309		0.57555			4
2026.01.19	01:25:20.612		0.57554			4
2026.01.19	01:25:20.916	0.57550				2
2026.01.19	01:25:26.385		0.57553			4
2026.01.19	01:25:29.294	0.57551				2
2026.01.19	01:25:29.596	0.57550	0.57552			6
2026.01.19	01:25:31.775	0.57551	0.57553			6
2026.01.19	01:25:33.331	0.57550				2
2026.01.19	01:25:34.617	0.57551				2
2026.01.19	01:25:34.967	0.57550				2
2026.01.19	01:25:35.270	0.57551				2
2026.01.19	01:25:35.587	0.57550	0.57552			6
2026.01.19	01:25:35.890	0.57551	0.57553			6
2026.01.19	01:25:36.192	0.57550				2
2026.01.19	01:25:38.428		0.57552			4
2026.01.19	01:25:41.560		0.57551			4
2026.01.19	01:25:42.191	0.57548	0.57552			6
2026.01.19	01:25:45.400		0.57551			4
2026.01.19	01:25:46.353	0.57549				2
2026.01.19	01:25:48.532	0.57548	0.57550			6
2026.01.19	01:25:50.393		0.57549			4
2026.01.19	01:25:50.718	0.57547	0.57548			6
2026.01.19	01:25:51.022	0.57546	0.57547			6
2026.01.19	01:25:53.199		0.57548			4
2026.01.19	01:25:54.152	0.57545	0.57547			6
2026.01.19	01:25:54.454	0.57544	0.57546			6
2026.01.19	01:25:55.387	0.57543				2
2026.01.19	01:25:56.991	0.57544	0.57547			6
2026.01.19	01:25:57.340	0.57543	0.57546			6
2026.01.19	01:25:58.294	0.57544				2
2026.01.19	01:26:00.154	0.57544				2
2026.01.19	01:26:00.473	0.57545				2
2026.01.19	01:26:01.424	0.57544				2
2026.01.19	01:26:03.311	0.57545				2
2026.01.19	01:26:05.516	0.57548	0.57549			6
2026.01.19	01:26:05.820		0.57550			4
2026.01.19	01:26:06.135	0.57549	0.57553			6
2026.01.19	01:26:15.153		0.57552			4
2026.01.19	01:26:16.109	0.57550				2
2026.01.19	01:26:17.968	0.57549	0.57551			6
2026.01.19	01:26:19.238	0.57547				2
2026.01.19	01:26:19.573	0.57546	0.57550			6
2026.01.19	01:26:20.572	0.57548	0.57552			6
2026.01.19	01:26:20.876	0.57547	0.57551			6
2026.01.19	01:26:23.135	0.57546	0.57550			6
2026.01.19	01:26:24.088	0.57547				2
2026.01.19	01:26:24.439	0.57550	0.57553			6
2026.01.19	01:26:24.744	0.57551	0.57554			6
2026.01.19	01:26:25.095		0.57555			4
2026.01.19	01:26:26.816		0.57554			4
2026.01.19	01:26:35.226	0.57552				2
2026.01.19	01:26:39.597	0.57553	0.57555			6
2026.01.19	01:26:39.915	0.57556	0.57558			6
2026.01.19	01:26:40.217	0.57555	0.57559			6
2026.01.19	01:26:43.730	0.57556				2
2026.01.19	01:26:44.419		0.57560			4
2026.01.19	01:26:45.420		0.57559			4
2026.01.19	01:26:49.286	0.57557				2
2026.01.19	01:26:50.254	0.57556	0.57558			6
2026.01.19	01:26:50.557	0.57555	0.57556			6
2026.01.19	01:26:51.191	0.57554				2
2026.01.19	01:26:51.542	0.57553				2
2026.01.19	01:26:52.194	0.57554				2
2026.01.19	01:26:55.102		0.57557			4
2026.01.19	01:26:55.405		0.57556			4
2026.01.19	01:27:00.123	0.57554				2
2026.01.19	01:27:11.692	0.57555				2
2026.01.19	01:27:13.574	0.57554				2
2026.01.19	01:27:13.876	0.57555				2
2026.01.19	01:27:14.497	0.57554				2
2026.01.19	01:27:14.799	0.57555				2
2026.01.19	01:27:15.734	0.57554				2
2026.01.19	01:27:16.052	0.57555				2
2026.01.19	01:27:16.987	0.57554				2
2026.01.19	01:27:18.845	0.57555				2
2026.01.19	01:27:26.068	0.57554				2
2026.01.19	01:27:26.384	0.57555				2
2026.01.19	01:27:27.320	0.57554				2
2026.01.19	01:27:30.447	0.57555				2
2026.01.19	01:27:35.720		0.57557			4
2026.01.19	01:27:48.803	0.57554	0.57556			6
2026.01.19	01:27:53.317	0.57552	0.57554			6
2026.01.19	01:27:54.019	0.57551	0.57553			6
2026.01.19	01:28:00.229	0.57551	0.57554			6
2026.01.19	01:28:02.152		0.57553			4
2026.01.19	01:28:03.461	0.57555	0.57557			6
2026.01.19	01:28:04.409	0.57554	0.57558			6
2026.01.19	01:28:13.426		0.57557			4
2026.01.19	01:28:14.357	0.57555				2
2026.01.19	01:28:15.049		0.57558			4
2026.01.19	01:28:15.700	0.57554	0.57557			6
2026.01.19	01:28:19.214	0.57555				2
2026.01.19	01:28:25.160	0.57556				2
2026.01.19	01:28:27.998	0.57555				2
2026.01.19	01:28:28.919	0.57556				2
2026.01.19	01:28:29.247	0.57555				2
2026.01.19	01:28:44.862	0.57556				2
2026.01.19	01:28:45.484	0.57555				2
2026.01.19	01:28:45.812	0.57556				2
2026.01.19	01:28:46.420	0.57555				2
2026.01.19	01:28:57.932	0.57556	0.57558			6
2026.01.19	01:28:59.171	0.57555				2
2026.01.19	01:29:00.172	0.57555				2
2026.01.19	01:29:01.732	0.57554	0.57557			6
2026.01.19	01:29:03.384	0.57555				2
2026.01.19	01:29:03.989	0.57554				2
2026.01.19	01:29:04.643	0.57555				2
2026.01.19	01:29:05.947	0.57552	0.57555			6
2026.01.19	01:29:06.250	0.57553	0.57556			6
2026.01.19	01:29:06.903	0.57554	0.57557			6
2026.01.19	01:29:07.207	0.57553				2
2026.01.19	01:29:10.280	0.57552	0.57555			6
2026.01.19	01:29:10.620	0.57551				2
2026.01.19	01:29:12.347	0.57552				2
2026.01.19	01:29:12.980	0.57551	0.57554			6
2026.01.19	01:29:13.386		0.57555			4
2026.01.19	01:29:13.733	0.57552				2
2026.01.19	01:29:14.384		0.57556			4
2026.01.19	01:29:14.686	0.57555	0.57558			6
2026.01.19	01:29:14.992	0.57556	0.57560			6
2026.01.19	01:29:16.243		0.57559			4
2026.01.19	01:29:17.547	0.57555				2
2026.01.19	01:29:19.127	0.57554	0.57558			6
2026.01.19	01:29:27.336		0.57557			4
2026.01.19	01:29:31.206	0.57555				2
2026.01.19	01:29:31.553		0.57558			4
2026.01.19	01:29:35.369		0.57557			4
2026.01.19	01:29:45.934	0.57556				2
2026.01.19	01:29:47.836	0.57555				2
2026.01.19	01:29:49.391	0.57554				2
2026.01.19	01:29:51.379	0.57555				2
2026.01.19	01:30:00.079	0.57555				2
2026.01.19	01:30:03.494		0.57556			4
2026.01.19	01:30:03.821	0.57554				2
2026.01.19	01:30:04.124	0.57555	0.57557			6
2026.01.19	01:30:04.745	0.57554	0.57556			6
2026.01.19	01:30:08.509	0.57555	0.57557			6
2026.01.19	01:30:09.463	0.57554	0.57556			6
2026.01.19	01:30:09.768	0.57553	0.57555			6
2026.01.19	01:30:11.323	0.57552	0.57556			6
2026.01.19	01:30:14.567		0.57555			4
2026.01.19	01:30:14.869		0.57556			4
2026.01.19	01:30:15.220	0.57553				2
2026.01.19	01:30:15.524	0.57554	0.57557			6
2026.01.19	01:30:15.871	0.57553	0.57556			6
2026.01.19	01:30:16.175	0.57554	0.57557			6
2026.01.19	01:30:16.478	0.57553	0.57556			6
2026.01.19	01:30:20.992	0.57554	0.57557			6
2026.01.19	01:30:21.295		0.57556			4
2026.01.19	01:30:22.869	0.57555	0.57557			6
2026.01.19	01:30:23.197	0.57554	0.57556			6
2026.01.19	01:30:23.501	0.57555	0.57557			6
2026.01.19	01:30:23.820	0.57551	0.57553			6
2026.01.19	01:30:24.122	0.57550	0.57552			6
2026.01.19	01:30:24.425	0.57551	0.57553			6
2026.01.19	01:30:25.375	0.57549				2
2026.01.19	01:30:26.360	0.57548	0.57552			6
2026.01.19	01:30:31.831	0.57550	0.57554			6
2026.01.19	01:30:40.409	0.57551				2
2026.01.19	01:30:41.365	0.57550	0.57553			6
2026.01.19	01:30:43.972	0.57551	0.57554			6
2026.01.19	01:30:44.274	0.57552				2
2026.01.19	01:30:48.658		0.57553			4
2026.01.19	01:30:48.960	0.57551				2
2026.01.19	01:30:49.591	0.57552				2
2026.01.19	01:30:51.148		0.57554			4
2026.01.19	01:30:51.452	0.57551	0.57553			6
2026.01.19	01:30:52.073	0.57552				2
2026.01.19	01:30:52.376	0.57551				2
2026.01.19	01:30:52.706	0.57552				2
2026.01.19	01:30:53.629	0.57551				2
2026.01.19	01:30:53.932	0.57552				2
2026.01.19	01:30:54.261	0.57551				2
2026.01.19	01:30:55.184	0.57552	0.57554			6
2026.01.19	01:30:55.488	0.57551	0.57553			6
2026.01.19	01:30:58.628	0.57552				2
2026.01.19	01:30:58.932	0.57551				2
2026.01.19	01:30:59.553	0.57552				2
2026.01.19	01:30:59.856	0.57551				2
2026.01.19	01:31:00.185	0.57551				2
2026.01.19	01:31:00.489	0.57557	0.57559			6
2026.01.19	01:31:00.800	0.57558				2
2026.01.19	01:31:01.110	0.57556	0.57560			6
2026.01.19	01:31:02.394	0.57555	0.57559			6
2026.01.19	01:31:02.697	0.57556	0.57560			6
2026.01.19	01:31:03.349	0.57567	0.57568			6
2026.01.19	01:31:03.654	0.57566	0.57570			6
2026.01.19	01:31:04.606	0.57567	0.57571			6
2026.01.19	01:31:05.260		0.57570			4
2026.01.19	01:31:06.041	0.57573	0.57577			6
2026.01.19	01:31:06.349	0.57574				2
2026.01.19	01:31:06.656	0.57573				2
2026.01.19	01:31:07.267	0.57574				2
2026.01.19	01:31:07.587	0.57573				2
2026.01.19	01:31:09.488	0.57574				2
2026.01.19	01:31:09.823	0.57573				2
2026.01.19	01:31:12.693	0.57574				2
2026.01.19	01:31:13.990		0.57578			4
2026.01.19	01:31:14.291		0.57577			4
2026.01.19	01:31:14.944	0.57575	0.57578			6
2026.01.19	01:31:15.258	0.57574				2
2026.01.19	01:31:15.596	0.57575				2
2026.01.19	01:31:15.900	0.57574				2
2026.01.19	01:31:16.247	0.57575				2
2026.01.19	01:31:16.550		0.57577			4
2026.01.19	01:31:16.898		0.57578			4
2026.01.19	01:31:17.854	0.57574	0.57577			6
2026.01.19	01:31:18.157	0.57575	0.57578			6
2026.01.19	01:31:18.505	0.57571	0.57574			6
2026.01.19	01:31:18.808	0.57570	0.57573			6
2026.01.19	01:31:19.160	0.57571	0.57575			6
2026.01.19	01:31:21.362		0.57574			4
2026.01.19	01:31:22.967	0.57572	0.57575			6
2026.01.19	01:31:26.177	0.57573	0.57576			6
2026.01.19	01:31:26.828	0.57572	0.57575			6
2026.01.19	01:31:29.436	0.57573				2
2026.01.19	01:31:33.797	0.57574	0.57576			6
2026.01.19	01:31:34.102	0.57573	0.57575			6
2026.01.19	01:31:34.418	0.57574	0.57576			6
2026.01.19	01:31:35.024	0.57573	0.57575			6
2026.01.19	01:31:36.610	0.57578	0.57580			6
2026.01.19	01:31:37.230	0.57577				2
2026.01.19	01:31:41.776	0.57578	0.57581			6
2026.01.19	01:31:42.380	0.57577	0.57580			6
2026.01.19	01:31:47.851	0.57571	0.57574			6
2026.01.19	01:31:50.759	0.57573				2
2026.01.19	01:31:51.063		0.57576			4
2026.01.19	01:31:51.413	0.57574	0.57577			6
2026.01.19	01:31:52.366	0.57573				2
2026.01.19	01:31:53.321	0.57574				2
2026.01.19	01:31:53.972	0.57573	0.57576			6
2026.01.19	01:31:54.274	0.57574	0.57577			6
2026.01.19	01:31:54.927	0.57573	0.57576			6
2026.01.19	01:31:55.276	0.57574	0.57577			6
2026.01.19	01:31:56.230	0.57573	0.57576			6
2026.01.19	01:31:57.837	0.57576	0.57579			6
2026.01.19	01:31:58.445	0.57573	0.57576			6
2026.01.19	01:31:59.415	0.57574				2
2026.01.19	01:32:00.095	0.57573				2
2026.01.19	01:32:01.340	0.57574				2
2026.01.19	01:32:02.607	0.57573				2
2026.01.19	01:32:03.219		0.57575			4
2026.01.19	01:32:04.163	0.57572				2
2026.01.19	01:32:05.422	0.57574	0.57576			6
2026.01.19	01:32:05.739	0.57575	0.57577			6
2026.01.19	01:32:06.344		0.57578			4
2026.01.19	01:32:06.670	0.57574	0.57577			6
2026.01.19	01:32:09.450	0.57575	0.57578			6
2026.01.19	01:32:11.039	0.57576	0.57579			6
2026.01.19	01:32:12.291		0.57578			4
2026.01.19	01:32:14.771	0.57577	0.57579			6
2026.01.19	01:32:15.708	0.57576	0.57578			6
2026.01.19	01:32:17.281	0.57577	0.57579			6
2026.01.19	01:32:18.519	0.57574	0.57576			6
2026.01.19	01:32:18.837	0.57573	0.57574			6
2026.01.19	01:32:19.139	0.57575	0.57577			6
2026.01.19	01:32:19.456	0.57576	0.57579			6
2026.01.19	01:32:19.771	0.57577	0.57580			6
2026.01.19	01:32:20.423		0.57581			4
2026.01.19	01:32:20.726	0.57578				2
2026.01.19	01:32:23.631	0.57584	0.57585			6
2026.01.19	01:32:23.933		0.57587			4
2026.01.19	01:32:24.250	0.57586	0.57588			6
2026.01.19	01:32:24.948	0.57587	0.57590			6
2026.01.19	01:32:25.273	0.57592	0.57595			6
2026.01.19	01:32:25.607	0.57600	0.57604			6
2026.01.19	01:32:26.236		0.57603			4
2026.01.19	01:32:27.091	0.57596	0.57600			6
2026.01.19	01:32:27.396	0.57595	0.57599			6
2026.01.19	01:32:27.699	0.57594	0.57598			6
2026.01.19	01:32:28.421	0.57595				2
2026.01.19	01:32:28.748	0.57594	0.57597			6
2026.01.19	01:32:29.597	0.57595	0.57599			6
2026.01.19	01:32:29.899	0.57596	0.57600			6
2026.01.19	01:32:30.551	0.57602	0.57606			6
2026.01.19	01:32:30.854	0.57603	0.57607			6
2026.01.19	01:32:31.589	0.57605	0.57609			6
2026.01.19	01:32:32.342	0.57606				2
2026.01.19	01:32:33.084		0.57610			4
2026.01.19	01:32:33.715	0.57607				2
2026.01.19	01:32:34.028	0.57612	0.57614			6
2026.01.19	01:32:34.333	0.57610				2
2026.01.19	01:32:34.672	0.57611				2
2026.01.19	01:32:35.292	0.57613	0.57616			6
2026.01.19	01:32:35.604	0.57615	0.57619			6
2026.01.19	01:32:35.925	0.57616	0.57620			6
2026.01.19	01:32:36.962	0.57615	0.57619			6
2026.01.19	01:32:37.276	0.57614	0.57617			6
2026.01.19	01:32:37.580	0.57613				2
2026.01.19	01:32:38.536	0.57616	0.57619			6
2026.01.19	01:32:39.162		0.57620			4
2026.01.19	01:32:39.486	0.57617				2
2026.01.19	01:32:39.786	0.57616				2
2026.01.19	01:32:40.115	0.57617				2
2026.01.19	01:32:40.742	0.57618	0.57622			6
2026.01.19	01:32:41.046	0.57619	0.57623			6
2026.01.19	01:32:41.394	0.57618	0.57622			6
2026.01.19	01:32:42.347		0.57621			4
2026.01.19	01:32:42.697	0.57619	0.57622			6
2026.01.19	01:32:43.303	0.57620	0.57623			6
2026.01.19	01:32:43.620	0.57619	0.57622			6
2026.01.19	01:32:43.954	0.57621	0.57623			6
2026.01.19	01:32:46.833	0.57625	0.57628			6
2026.01.19	01:32:48.072	0.57626	0.57629			6
2026.01.19	01:32:48.719	0.57625	0.57628			6
2026.01.19	01:32:52.555	0.57623	0.57626			6
2026.01.19	01:32:53.525	0.57624				2
2026.01.19	01:32:54.792	0.57623				2
2026.01.19	01:32:55.443	0.57621	0.57624			6
2026.01.19	01:32:55.758	0.57622	0.57625			6
2026.01.19	01:32:56.443	0.57618	0.57621			6
2026.01.19	01:32:57.373	0.57612	0.57615			6
2026.01.19	01:32:58.299	0.57611				2
2026.01.19	01:32:58.603	0.57612	0.57616			6
2026.01.19	01:32:59.255		0.57615			4
2026.01.19	01:32:59.903	0.57613	0.57616			6
2026.01.19	01:33:00.207	0.57611	0.57614			6
2026.01.19	01:33:00.519	0.57612	0.57615			6
2026.01.19	01:33:01.167	0.57613	0.57616			6
2026.01.19	01:33:01.473	0.57615	0.57618			6
2026.01.19	01:33:01.780	0.57616	0.57619			6
2026.01.19	01:33:02.764	0.57620	0.57623			6
2026.01.19	01:33:03.069	0.57619	0.57622			6
2026.01.19	01:33:03.417		0.57623			4
2026.01.19	01:33:04.379	0.57620				2
2026.01.19	01:33:04.997	0.57618	0.57622			6
2026.01.19	01:33:05.320	0.57619				2
2026.01.19	01:33:05.622	0.57620	0.57623			6
2026.01.19	01:33:06.977	0.57622	0.57624			6
2026.01.19	01:33:07.278	0.57620	0.57623			6
2026.01.19	01:33:07.628	0.57619	0.57622			6
2026.01.19	01:33:09.535	0.57618	0.57621			6
2026.01.19	01:33:10.157	0.57619	0.57622			6
2026.01.19	01:33:11.089	0.57620	0.57623			6
2026.01.19	01:33:13.346		0.57622			4
2026.01.19	01:33:14.270	0.57622	0.57624			6
2026.01.19	01:33:14.902		0.57623			4
2026.01.19	01:33:15.206		0.57624			4
2026.01.19	01:33:17.713	0.57620	0.57622			6
2026.01.19	01:33:18.024	0.57607	0.57609			6
2026.01.19	01:33:18.326	0.57605				2
2026.01.19	01:33:19.349	0.57608	0.57611			6
2026.01.19	01:33:19.663		0.57610			4
2026.01.19	01:33:20.417	0.57607				2
2026.01.19	01:33:21.423	0.57609	0.57612			6
2026.01.19	01:33:21.726		0.57613			4
2026.01.19	01:33:22.031	0.57608	0.57612			6
2026.01.19	01:33:22.342	0.57609	0.57613			6
2026.01.19	01:33:22.680	0.57611	0.57614			6
2026.01.19	01:33:23.042	0.57610				2
2026.01.19	01:33:23.360	0.57611				2
2026.01.19	01:33:23.681	0.57610	0.57613			6
2026.01.19	01:33:23.984	0.57608	0.57612			6
2026.01.19	01:33:24.310	0.57610	0.57613			6
2026.01.19	01:33:24.631	0.57607	0.57611			6
2026.01.19	01:33:26.271	0.57606	0.57610			6
2026.01.19	01:33:27.243		0.57609			4
2026.01.19	01:33:28.849		0.57608			4
2026.01.19	01:33:29.159		0.57609			4
2026.01.19	01:33:29.804	0.57608	0.57611			6
2026.01.19	01:33:30.107	0.57607	0.57610			6
2026.01.19	01:33:32.112		0.57609			4
2026.01.19	01:33:32.431	0.57608	0.57610			6
2026.01.19	01:33:33.366	0.57609	0.57611			6
2026.01.19	01:33:33.987	0.57608	0.57610			6
2026.01.19	01:33:34.593	0.57609	0.57611			6
2026.01.19	01:33:34.922	0.57608	0.57610			6
2026.01.19	01:33:35.228	0.57606	0.57608			6
2026.01.19	01:33:42.676	0.57602	0.57604			6
2026.01.19	01:33:43.000	0.57604	0.57606			6
2026.01.19	01:33:43.627	0.57603	0.57605			6
2026.01.19	01:33:43.933	0.57602	0.57604			6
2026.01.19	01:33:44.563	0.57599	0.57601			6
2026.01.19	01:33:45.187	0.57600	0.57602			6
2026.01.19	01:33:45.503	0.57599	0.57601			6
2026.01.19	01:33:47.994	0.57600	0.57602			6
2026.01.19	01:33:48.297	0.57599	0.57601			6
2026.01.19	01:33:50.806	0.57598	0.57600			6
2026.01.19	01:33:51.136	0.57597	0.57599			6
2026.01.19	01:33:52.090	0.57598	0.57600			6
2026.01.19	01:33:52.711	0.57597	0.57599			6
2026.01.19	01:33:56.126	0.57593	0.57595			6
2026.01.19	01:33:56.429	0.57594	0.57596			6
2026.01.19	01:33:59.538	0.57596	0.57598			6
2026.01.19	01:34:00.170	0.57594	0.57596			6
2026.01.19	01:34:00.487	0.57595	0.57597			6
2026.01.19	01:34:03.281	0.57594	0.57596			6
2026.01.19	01:34:03.888	0.57596	0.57598			6
2026.01.19	01:34:05.762	0.57595	0.57597			6
2026.01.19	01:34:07.969	0.57594	0.57596			6
2026.01.19	01:34:14.192	0.57596	0.57598			6
2026.01.19	01:34:15.127	0.57597				2
2026.01.19	01:34:15.431	0.57596				2
2026.01.19	01:34:16.384	0.57595	0.57597			6
2026.01.19	01:34:16.702	0.57596	0.57598			6
2026.01.19	01:34:17.009	0.57590	0.57592			6
2026.01.19	01:34:17.334	0.57588				2
2026.01.19	01:34:17.941	0.57587	0.57591			6
2026.01.19	01:34:18.561	0.57588	0.57592			6
2026.01.19	01:34:19.992	0.57589	0.57593			6
2026.01.19	01:34:20.295	0.57591	0.57595			6
2026.01.19	01:34:21.250	0.57590	0.57594			6
2026.01.19	01:34:24.108	0.57589	0.57593			6
2026.01.19	01:34:24.410	0.57590				2
2026.01.19	01:34:28.324	0.57591	0.57594			6
2026.01.19	01:34:29.274		0.57593			4
2026.01.19	01:34:29.897	0.57590	0.57592			6
2026.01.19	01:34:30.225	0.57592	0.57593			6
2026.01.19	01:34:30.528	0.57602	0.57604			6
2026.01.19	01:34:30.831	0.57601	0.57603			6
2026.01.19	01:34:31.452	0.57600	0.57602			6
2026.01.19	01:34:32.386		0.57604			4
2026.01.19	01:34:32.722	0.57599	0.57603			6
2026.01.19	01:34:33.038	0.57598	0.57602			6
2026.01.19	01:34:33.341	0.57599	0.57603			6
2026.01.19	01:34:35.297	0.57598	0.57602			6
2026.01.19	01:34:35.601	0.57599	0.57603			6
2026.01.19	01:34:36.250	0.57598	0.57602			6
2026.01.19	01:34:36.902	0.57599	0.57603			6
2026.01.19	01:34:37.205	0.57598	0.57602			6
2026.01.19	01:34:39.156	0.57599	0.57603			6
2026.01.19	01:34:40.416		0.57602			4
2026.01.19	01:34:43.323	0.57603	0.57604			6
2026.01.19	01:34:43.627		0.57605			4
2026.01.19	01:34:43.937	0.57602				2
2026.01.19	01:34:44.276		0.57604			4
2026.01.19	01:34:44.580	0.57603	0.57605			6
2026.01.19	01:34:45.202	0.57602				2
2026.01.19	01:34:46.136		0.57604			4
2026.01.19	01:34:46.454	0.57603	0.57605			6
2026.01.19	01:34:46.758	0.57604	0.57606			6
2026.01.19	01:34:47.060	0.57603	0.57605			6
2026.01.19	01:34:51.120	0.57601	0.57603			6
2026.01.19	01:34:53.935	0.57597	0.57599			6
2026.01.19	01:34:54.871	0.57598				2
2026.01.19	01:34:55.187	0.57596				2
2026.01.19	01:34:57.427	0.57597				2
2026.01.19	01:35:00.252	0.57597				2
2026.01.19	01:35:00.556	0.57606	0.57608			6
2026.01.19	01:35:01.490	0.57605	0.57607			6
2026.01.19	01:35:02.111	0.57604	0.57608			6
2026.01.19	01:35:02.440	0.57606	0.57609			6
2026.01.19	01:35:02.744	0.57607	0.57611			6
2026.01.19	01:35:03.092	0.57606	0.57610			6
2026.01.19	01:35:05.355	0.57605	0.57609			6
2026.01.19	01:35:09.222	0.57606				2
2026.01.19	01:35:11.131		0.57608			4
2026.01.19	01:35:13.002	0.57601	0.57603			6
2026.01.19	01:35:13.306	0.57600	0.57602			6
2026.01.19	01:35:13.635	0.57601	0.57603			6
2026.01.19	01:35:14.242	0.57599				2
2026.01.19	01:35:15.544	0.57600	0.57604			6
2026.01.19	01:35:16.196	0.57597	0.57600			6
2026.01.19	01:35:16.502	0.57596	0.57598			6
2026.01.19	01:35:16.847		0.57599			4
2026.01.19	01:35:17.455		0.57598			4
2026.01.19	01:35:17.763	0.57595	0.57597			6
2026.01.19	01:35:18.408	0.57588	0.57591			6
2026.01.19	01:35:19.057	0.57593	0.57596			6
2026.01.19	01:35:19.360	0.57594				2
2026.01.19	01:35:19.662		0.57597			4
2026.01.19	01:35:19.988	0.57593	0.57596			6
2026.01.19	01:35:21.007	0.57592	0.57595			6
2026.01.19	01:35:21.313		0.57596			4
2026.01.19	01:35:21.941	0.57593				2
2026.01.19	01:35:22.566	0.57594	0.57598			6
2026.01.19	01:35:24.625	0.57593	0.57597			6
2026.01.19	01:35:25.241	0.57594				2
2026.01.19	01:35:25.578		0.57596			4
2026.01.19	01:35:25.891	0.57596	0.57599			6
2026.01.19	01:35:26.230	0.57595	0.57598			6
2026.01.19	01:35:27.532		0.57597			4
2026.01.19	01:35:27.857	0.57594				2
2026.01.19	01:35:28.185		0.57596			4
2026.01.19	01:35:29.108	0.57593				2
2026.01.19	01:35:29.440	0.57594				2
2026.01.19	01:35:30.091		0.57595			4
2026.01.19	01:35:31.047		0.57596			4
2026.01.19	01:35:32.601	0.57596	0.57598			6
2026.01.19	01:35:33.223	0.57595	0.57597			6
2026.01.19	01:35:35.079	0.57597	0.57599			6
2026.01.19	01:35:35.398	0.57596	0.57598			6
2026.01.19	01:35:36.016	0.57595	0.57597			6
2026.01.19	01:35:36.638	0.57593	0.57595			6
2026.01.19	01:35:37.268	0.57594				2
2026.01.19	01:35:37.572		0.57596			4
2026.01.19	01:35:37.880	0.57593	0.57595			6
2026.01.19	01:35:38.521	0.57594	0.57596			6
2026.01.19	01:35:38.912	0.57593	0.57595			6
2026.01.19	01:35:39.223	0.57594	0.57596			6
2026.01.19	01:35:40.331		0.57595			4
2026.01.19	01:35:40.635	0.57593				2
2026.01.19	01:35:41.285	0.57594				2
2026.01.19	01:35:43.767		0.57596			4
2026.01.19	01:35:44.095	0.57593	0.57595			6
2026.01.19	01:35:44.399	0.57594				2
2026.01.19	01:35:45.323		0.57596			4
2026.01.19	01:35:45.956		0.57595			4
2026.01.19	01:35:46.880		0.57596			4
2026.01.19	01:35:47.188	0.57593	0.57595			6
2026.01.19	01:35:47.816	0.57594				2
2026.01.19	01:35:50.324	0.57593				2
2026.01.19	01:35:50.643	0.57594	0.57596			6
2026.01.19	01:35:51.248	0.57593	0.57595			6
2026.01.19	01:35:51.860	0.57594	0.57596			6
2026.01.19	01:35:52.179	0.57597	0.57599			6
2026.01.19	01:35:52.500	0.57596	0.57598			6
2026.01.19	01:35:53.436	0.57597				2
2026.01.19	01:35:53.754		0.57599			4
2026.01.19	01:35:55.614	0.57596	0.57598			6
2026.01.19	01:35:56.263	0.57597				2
2026.01.19	01:35:56.565	0.57596				2
2026.01.19	01:35:58.771	0.57598	0.57599			6
2026.01.19	01:35:59.075	0.57596	0.57598			6
2026.01.19	01:36:00.008	0.57597				2
2026.01.19	01:36:00.631	0.57596				2
2026.01.19	01:36:01.884	0.57598	0.57599			6
2026.01.19	01:36:02.187		0.57600			4
2026.01.19	01:36:02.819	0.57599				2
2026.01.19	01:36:03.123		0.57601			4
2026.01.19	01:36:03.442	0.57597	0.57599			6
2026.01.19	01:36:04.052	0.57596	0.57598			6
2026.01.19	01:36:05.301	0.57599	0.57600			6
2026.01.19	01:36:05.607		0.57601			4
2026.01.19	01:36:05.913	0.57602	0.57603			6
2026.01.19	01:36:06.236	0.57601				2
2026.01.19	01:36:06.554	0.57603	0.57604			6
2026.01.19	01:36:06.860	0.57602				2
2026.01.19	01:36:07.162	0.57604	0.57606			6
2026.01.19	01:36:07.492	0.57603				2
2026.01.19	01:36:07.843	0.57606	0.57608			6
2026.01.19	01:36:08.146		0.57609			4
2026.01.19	01:36:10.101	0.57605	0.57608			6
2026.01.19	01:36:13.312	0.57606				2
2026.01.19	01:36:14.237	0.57607	0.57609			6
2026.01.19	01:36:14.539	0.57606	0.57608			6
2026.01.19	01:36:17.384	0.57600	0.57602			6
2026.01.19	01:36:17.706	0.57605	0.57606			6
2026.01.19	01:36:18.020	0.57606	0.57608			6
2026.01.19	01:36:18.339	0.57605	0.57609			6
2026.01.19	01:36:22.812	0.57606				2
2026.01.19	01:36:23.119	0.57605				2
2026.01.19	01:36:26.315		0.57608			4
2026.01.19	01:36:28.268		0.57607			4
2026.01.19	01:36:28.573	0.57606	0.57608			6
2026.01.19	01:36:29.799	0.57605	0.57607			6
2026.01.19	01:36:31.387	0.57606	0.57608			6
2026.01.19	01:36:31.703	0.57605	0.57607			6
2026.01.19	01:36:32.334	0.57606				2
2026.01.19	01:36:32.638	0.57605				2
2026.01.19	01:36:35.768	0.57606				2
2026.01.19	01:36:36.700		0.57608			4
2026.01.19	01:36:38.255		0.57607			4
2026.01.19	01:36:42.035	0.57605				2
2026.01.19	01:36:42.340	0.57606				2
2026.01.19	01:36:48.593		0.57608			4
2026.01.19	01:36:48.895	0.57607				2
2026.01.19	01:36:49.213	0.57606				2
2026.01.19	01:36:49.516	0.57607				2
2026.01.19	01:37:00.055	0.57607				2
2026.01.19	01:37:02.242	0.57609	0.57610			6
2026.01.19	01:37:02.546	0.57608				2
2026.01.19	01:37:03.196	0.57611	0.57612			6
2026.01.19	01:37:03.502	0.57616	0.57618			6
2026.01.19	01:37:03.847	0.57615	0.57617			6
2026.01.19	01:37:04.150	0.57614				2
2026.01.19	01:37:07.411		0.57618			4
2026.01.19	01:37:07.758		0.57617			4
2026.01.19	01:37:09.016		0.57618			4
2026.01.19	01:37:09.319		0.57617			4
2026.01.19	01:37:09.633	0.57615	0.57618			6
2026.01.19	01:37:09.939		0.57619			4
2026.01.19	01:37:10.254		0.57618			4
2026.01.19	01:37:10.912		0.57619			4
2026.01.19	01:37:12.174		0.57618			4
2026.01.19	01:37:15.387		0.57617			4
2026.01.19	01:37:16.341	0.57614	0.57616			6
2026.01.19	01:37:16.648		0.57617			4
2026.01.19	01:37:16.993	0.57615	0.57618			6
2026.01.19	01:37:17.341	0.57614	0.57617			6
2026.01.19	01:37:17.644	0.57613	0.57615			6
2026.01.19	01:37:17.948	0.57612				2
2026.01.19	01:37:18.254	0.57603	0.57606			6
2026.01.19	01:37:21.812	0.57604				2
2026.01.19	01:37:23.108	0.57603				2
2026.01.19	01:37:24.721	0.57602	0.57605			6
2026.01.19	01:37:25.024		0.57606			4
2026.01.19	01:37:26.328	0.57603				2
2026.01.19	01:37:27.283		0.57605			4
2026.01.19	01:37:30.194		0.57604			4
2026.01.19	01:37:30.505	0.57608	0.57610			6
2026.01.19	01:37:30.815	0.57607	0.57609			6
2026.01.19	01:37:34.324	0.57608	0.57611			6
2026.01.19	01:37:34.968	0.57607	0.57609			6
2026.01.19	01:37:38.425	0.57606				2
2026.01.19	01:37:39.761	0.57608	0.57610			6
2026.01.19	01:37:41.932	0.57607	0.57609			6
2026.01.19	01:37:47.569	0.57608				2
2026.01.19	01:37:47.898	0.57607				2
2026.01.19	01:37:50.682		0.57608			4
2026.01.19	01:37:51.011		0.57609			4
2026.01.19	01:37:52.236		0.57608			4
2026.01.19	01:37:52.541		0.57609			4
2026.01.19	01:37:53.172		0.57608			4
2026.01.19	01:37:53.792		0.57609			4
2026.01.19	01:37:54.093		0.57608			4
2026.01.19	01:37:54.408	0.57605	0.57607			6
2026.01.19	01:37:54.725		0.57606			4
2026.01.19	01:37:58.789	0.57604				2
2026.01.19	01:37:59.712	0.57605				2
2026.01.19	01:38:00.041	0.57605				2
2026.01.19	01:38:05.063	0.57607	0.57608			6
2026.01.19	01:38:05.366	0.57606				2
2026.01.19	01:38:07.542	0.57607				2
2026.01.19	01:38:07.870	0.57606				2
2026.01.19	01:38:08.174	0.57607				2
2026.01.19	01:38:08.795	0.57604	0.57606			6
2026.01.19	01:38:10.956	0.57605				2
2026.01.19	01:38:11.285	0.57604				2
2026.01.19	01:38:17.207		0.57605			4
2026.01.19	01:38:17.819	0.57597	0.57598			6
2026.01.19	01:38:18.127	0.57593	0.57595			6
2026.01.19	01:38:19.365		0.57596			4
2026.01.19	01:38:19.715	0.57595	0.57598			6
2026.01.19	01:38:20.020	0.57594	0.57597			6
2026.01.19	01:38:21.319	0.57595				2
2026.01.19	01:38:21.624		0.57598			4
2026.01.19	01:38:21.969	0.57594	0.57597			6
2026.01.19	01:38:22.619	0.57596				2
2026.01.19	01:38:22.923		0.57599			4
2026.01.19	01:38:24.876		0.57598			4
2026.01.19	01:38:25.526		0.57599			4
2026.01.19	01:38:26.481	0.57594	0.57597			6
2026.01.19	01:38:27.402	0.57593				2
2026.01.19	01:38:29.344		0.57596			4
2026.01.19	01:38:29.692	0.57594				2
2026.01.19	01:38:33.763	0.57595	0.57597			6
2026.01.19	01:38:34.081	0.57594	0.57596			6
2026.01.19	01:38:34.714	0.57596	0.57598			6
2026.01.19	01:38:35.334	0.57595	0.57597			6
2026.01.19	01:38:36.888	0.57594	0.57596			6
2026.01.19	01:38:37.794	0.57595	0.57597			6
2026.01.19	01:38:38.444	0.57594	0.57596			6
2026.01.19	01:38:41.259		0.57595			4
2026.01.19	01:38:42.511		0.57596			4
2026.01.19	01:38:46.879		0.57595			4
2026.01.19	01:38:47.813	0.57593				2
2026.01.19	01:38:48.133	0.57591	0.57593			6
2026.01.19	01:38:51.241	0.57592				2
2026.01.19	01:38:52.477	0.57591				2
2026.01.19	01:38:53.730	0.57592				2
2026.01.19	01:38:54.033	0.57591				2
2026.01.19	01:38:54.654	0.57590	0.57592			6
2026.01.19	01:38:54.957	0.57591				2
2026.01.19	01:38:57.447		0.57593			4
2026.01.19	01:38:58.070	0.57590	0.57592			6
2026.01.19	01:38:58.397	0.57591				2
2026.01.19	01:39:00.255	0.57591	0.57593			6
2026.01.19	01:39:00.559		0.57592			4
2026.01.19	01:39:00.880	0.57593	0.57594			6
2026.01.19	01:39:01.183	0.57594	0.57598			6
2026.01.19	01:39:02.114	0.57595				2
2026.01.19	01:39:05.325	0.57592	0.57595			6
2026.01.19	01:39:05.640	0.57593	0.57596			6
2026.01.19	01:39:06.627	0.57594				2
2026.01.19	01:39:08.537		0.57597			4
2026.01.19	01:39:10.238	0.57595				2
2026.01.19	01:39:11.793	0.57596	0.57598			6
2026.01.19	01:39:14.656	0.57595	0.57597			6
2026.01.19	01:39:17.164	0.57591	0.57593			6
2026.01.19	01:39:17.467	0.57589	0.57590			6
2026.01.19	01:39:17.779	0.57588				2
2026.01.19	01:39:18.389	0.57587	0.57591			6
2026.01.19	01:39:25.393	0.57588				2
2026.01.19	01:39:26.694	0.57587	0.57590			6
2026.01.19	01:39:26.998	0.57588	0.57591			6
2026.01.19	01:39:29.254		0.57590			4
2026.01.19	01:39:31.112	0.57591	0.57595			6
2026.01.19	01:39:33.369		0.57594			4
2026.01.19	01:39:34.324	0.57587	0.57590			6
2026.01.19	01:39:34.641	0.57586	0.57589			6
2026.01.19	01:39:34.976	0.57587	0.57590			6
2026.01.19	01:39:35.279	0.57586				2
2026.01.19	01:39:38.237	0.57589	0.57593			6
2026.01.19	01:39:38.559	0.57590	0.57594			6
2026.01.19	01:39:41.099	0.57589	0.57593			6
2026.01.19	01:39:43.402	0.57590				2
2026.01.19	01:39:45.310	0.57591				2
2026.01.19	01:39:50.968	0.57582	0.57583			6
2026.01.19	01:39:51.283		0.57585			4
2026.01.19	01:39:53.828	0.57580	0.57584			6
2026.01.19	01:39:56.707	0.57581	0.57585			6
2026.01.19	01:39:57.360	0.57604	0.57605			6
2026.01.19	01:39:57.664	0.57605	0.57609			6
2026.01.19	01:39:58.305	0.57606	0.57610			6
2026.01.19	01:39:58.610	0.57605	0.57609			6
2026.01.19	01:39:58.915	0.57607	0.57611			6
2026.01.19	01:39:59.217	0.57611	0.57615			6
2026.01.19	01:39:59.869	0.57610	0.57614			6
2026.01.19	01:40:00.179	0.57610				2
2026.01.19	01:40:00.523	0.57611	0.57613			6
2026.01.19	01:40:01.174	0.57609				2
2026.01.19	01:40:01.477	0.57611				2
2026.01.19	01:40:02.129	0.57609				2
2026.01.19	01:40:05.040	0.57610				2
2026.01.19	01:40:05.345	0.57615	0.57619			6
2026.01.19	01:40:05.648	0.57614	0.57617			6
2026.01.19	01:40:05.966	0.57615	0.57618			6
2026.01.19	01:40:08.808	0.57611	0.57614			6
2026.01.19	01:40:09.111	0.57607	0.57610			6
2026.01.19	01:40:10.414	0.57609	0.57611			6
2026.01.19	01:40:10.721	0.57611	0.57614			6
2026.01.19	01:40:14.329		0.57613			4
2026.01.19	01:40:16.587		0.57612			4
2026.01.19	01:40:16.889	0.57609				2
2026.01.19	01:40:17.239		0.57611			4
2026.01.19	01:40:19.149	0.57608	0.57610			6
2026.01.19	01:40:21.104		0.57611			4
2026.01.19	01:40:21.711		0.57610			4
2026.01.19	01:40:22.683	0.57609	0.57611			6
2026.01.19	01:40:23.289	0.57602	0.57604			6
2026.01.19	01:40:23.618	0.57603	0.57605			6
2026.01.19	01:40:24.222	0.57602				2
2026.01.19	01:40:26.177	0.57603				2
2026.01.19	01:40:29.940	0.57602	0.57604			6
2026.01.19	01:40:30.861	0.57605	0.57607			6
2026.01.19	01:40:33.357	0.57606	0.57609			6
2026.01.19	01:40:36.593	0.57607	0.57610			6
2026.01.19	01:40:37.271	0.57608				2
2026.01.19	01:40:39.453	0.57607	0.57609			6
2026.01.19	01:40:41.335	0.57609	0.57610			6
2026.01.19	01:40:41.637	0.57611	0.57613			6
2026.01.19	01:40:43.217	0.57610				2
2026.01.19	01:40:46.156	0.57611				2
2026.01.19	01:40:49.568		0.57612			4
2026.01.19	01:40:49.872	0.57606	0.57608			6
2026.01.19	01:40:50.794	0.57607	0.57609			6
2026.01.19	01:40:51.425	0.57606				2
2026.01.19	01:40:53.343	0.57610	0.57613			6
2026.01.19	01:40:53.681	0.57609	0.57612			6
2026.01.19	01:40:53.985	0.57607	0.57610			6
2026.01.19	01:40:54.290	0.57606	0.57609			6
2026.01.19	01:40:54.637	0.57605	0.57608			6
2026.01.19	01:40:55.600		0.57607			4
2026.01.19	01:40:55.907	0.57606	0.57609			6
2026.01.19	01:40:56.893	0.57607	0.57610			6
2026.01.19	01:41:00.012	0.57606	0.57609			6
2026.01.19	01:41:03.315	0.57607				2
2026.01.19	01:41:03.632	0.57608	0.57610			6
2026.01.19	01:41:08.634	0.57609	0.57611			6
2026.01.19	01:41:12.376	0.57608	0.57610			6
2026.01.19	01:41:17.971	0.57605	0.57606			6
2026.01.19	01:41:18.279	0.57600	0.57602			6
2026.01.19	01:41:19.223	0.57599	0.57603			6
2026.01.19	01:41:23.392		0.57602			4
2026.01.19	01:41:28.258	0.57598	0.57601			6
2026.01.19	01:41:28.607	0.57600	0.57603			6
2026.01.19	01:41:29.307		0.57602			4
2026.01.19	01:41:30.535	0.57599	0.57601			6
2026.01.19	01:41:32.722	0.57598	0.57600			6
2026.01.19	01:41:39.298	0.57599				2
2026.01.19	01:41:39.604	0.57601	0.57603			6
2026.01.19	01:41:39.919	0.57602	0.57604			6
2026.01.19	01:41:40.224	0.57601	0.57603			6
2026.01.19	01:41:44.938	0.57599	0.57601			6
2026.01.19	01:41:45.241	0.57600	0.57602			6
2026.01.19	01:41:48.701	0.57601	0.57603			6
2026.01.19	01:41:50.557	0.57600	0.57602			6
2026.01.19	01:41:55.865	0.57601	0.57603			6
2026.01.19	01:41:56.809	0.57599	0.57601			6
2026.01.19	01:41:57.733	0.57600	0.57602			6
2026.01.19	01:41:58.383	0.57599				2
