<DATE>	<TIME>	<BID>	<ASK>	<LAST>	<VOLUME>	<FLAGS>
2026.02.20	00:03:30.734	0.59697	0.59738			6
2026.02.20	00:04:00.341	0.59697				2
2026.02.20	00:04:30.839		0.59738			4
2026.02.20	00:04:44.965	0.59695	0.59722			6
2026.02.20	00:05:00.193	0.59695				2
2026.02.20	00:05:01.101	0.59689	0.59716			6
2026.02.20	00:06:00.260	0.59689				2
2026.02.20	00:06:01.263		0.59716			4
2026.02.20	00:06:06.692	0.59688	0.59715			6
2026.02.20	00:06:43.372	0.59694	0.59721			6
2026.02.20	00:06:43.676	0.59696	0.59723			6
2026.02.20	00:07:00.234	0.59696				2
2026.02.20	00:07:00.884	0.59697	0.59724			6
2026.02.20	00:07:04.051		0.59731			4
2026.02.20	00:08:00.255	0.59697				2
2026.02.20	00:08:04.113		0.59731			4
2026.02.20	00:08:47.124	0.59702	0.59736			6
2026.02.20	00:08:56.759	0.59705	0.59739			6
2026.02.20	00:09:00.318	0.59705				2
2026.02.20	00:09:25.667	0.59698	0.59735			6
2026.02.20	00:10:00.095	0.59698				2
2026.02.20	00:10:09.731	0.59699	0.59736			6
2026.02.20	00:10:17.759	0.59698	0.59735			6
2026.02.20	00:11:00.210	0.59698				2
2026.02.20	00:11:17.930		0.59735			4
2026.02.20	00:11:36.551	0.59699	0.59736			6
2026.02.20	00:11:40.722	0.59698	0.59735			6
2026.02.20	00:12:00.325	0.59698				2
2026.02.20	00:12:03.213	0.59699	0.59736			6
2026.02.20	00:12:08.680	0.59697	0.59734			6
2026.02.20	00:12:24.727	0.59703	0.59740			6
2026.02.20	00:12:46.558	0.59698	0.59735			6
2026.02.20	00:12:48.514	0.59700	0.59737			6
2026.02.20	00:13:00.054	0.59700				2
2026.02.20	00:13:48.627		0.59737			4
2026.02.20	00:13:51.800	0.59712	0.59742			6
2026.02.20	00:14:00.276	0.59712				2
2026.02.20	00:14:51.713	0.59713	0.59743			6
2026.02.20	00:15:00.046	0.59713				2
2026.02.20	00:15:00.388	0.59707	0.59738			6
2026.02.20	00:15:01.350	0.59710	0.59741			6
2026.02.20	00:15:02.304	0.59711	0.59742			6
2026.02.20	00:15:17.254	0.59712	0.59743			6
2026.02.20	00:15:18.209	0.59709	0.59737			6
2026.02.20	00:15:24.632	0.59710	0.59740			6
2026.02.20	00:15:24.981	0.59711	0.59741			6
2026.02.20	00:15:35.571	0.59710	0.59740			6
2026.02.20	00:15:35.875	0.59712	0.59749			6
2026.02.20	00:15:56.759	0.59709	0.59738			6
2026.02.20	00:16:00.315	0.59709				2
2026.02.20	00:16:07.997	0.59710	0.59739			6
2026.02.20	00:16:08.347	0.59709	0.59738			6
2026.02.20	00:17:00.039	0.59709				2
2026.02.20	00:17:08.662		0.59738			4
2026.02.20	00:17:54.914	0.59710	0.59737			6
2026.02.20	00:18:00.227	0.59710				2
2026.02.20	00:18:40.909	0.59713	0.59742			6
2026.02.20	00:19:00.292	0.59713				2
2026.02.20	00:19:31.186	0.59714	0.59741			6
2026.02.20	00:19:53.722	0.59711	0.59738			6
2026.02.20	00:19:54.026	0.59713	0.59740			6
2026.02.20	00:19:56.631	0.59712	0.59739			6
2026.02.20	00:20:00.148	0.59711	0.59738			6
2026.02.20	00:20:00.496	0.59706	0.59746			6
2026.02.20	00:20:08.177	0.59705				2
2026.02.20	00:20:10.783		0.59745			4
2026.02.20	00:20:13.344	0.59693	0.59739			6
2026.02.20	00:20:14.949	0.59695				2
2026.02.20	00:20:16.213	0.59694				2
2026.02.20	00:20:17.164	0.59695				2
2026.02.20	00:20:20.072	0.59694				2
2026.02.20	00:20:22.301	0.59695				2
2026.02.20	00:20:24.238	0.59694				2
2026.02.20	00:20:29.054	0.59693				2
2026.02.20	00:21:00.208	0.59693				2
2026.02.20	00:21:13.400		0.59739			4
2026.02.20	00:21:46.483	0.59702				2
2026.02.20	00:21:48.738	0.59701				2
2026.02.20	00:21:57.680	0.59702	0.59738			6
2026.02.20	00:21:58.026	0.59701	0.59739			6
2026.02.20	00:22:00.282	0.59701				2
2026.02.20	00:22:03.494	0.59703	0.59738			6
2026.02.20	00:22:12.481	0.59701	0.59739			6
2026.02.20	00:22:15.949	0.59707	0.59734			6
2026.02.20	00:22:33.309	0.59690	0.59730			6
2026.02.20	00:22:33.613	0.59691				2
2026.02.20	00:22:40.318	0.59690				2
2026.02.20	00:23:00.306	0.59690				2
2026.02.20	00:23:08.685	0.59689				2
2026.02.20	00:23:11.594	0.59690				2
2026.02.20	00:23:14.157	0.59692				2
2026.02.20	00:23:16.412	0.59689				2
2026.02.20	00:23:19.624	0.59690				2
2026.02.20	00:23:21.232	0.59689				2
2026.02.20	00:23:33.481		0.59730			4
2026.02.20	00:23:39.600	0.59696	0.59731			6
2026.02.20	00:23:39.904		0.59736			4
2026.02.20	00:23:44.976	0.59699	0.59733			6
2026.02.20	00:23:46.277	0.59700				2
2026.02.20	00:23:51.402	0.59698	0.59734			6
2026.02.20	00:23:52.357	0.59699	0.59733			6
2026.02.20	00:23:54.958	0.59700				2
2026.02.20	00:23:57.512		0.59732			4
2026.02.20	00:24:00.068	0.59700				2
2026.02.20	00:24:02.026	0.59701				2
2026.02.20	00:24:04.278		0.59731			4
2026.02.20	00:24:05.579	0.59700	0.59732			6
2026.02.20	00:24:05.883		0.59733			4
2026.02.20	00:24:09.430	0.59699				2
2026.02.20	00:24:23.221	0.59700				2
2026.02.20	00:24:25.477	0.59699				2
2026.02.20	00:24:28.688	0.59700	0.59732			6
2026.02.20	00:24:44.080	0.59701				2
2026.02.20	00:24:45.035	0.59707				2
2026.02.20	00:25:00.140	0.59707				2
2026.02.20	00:25:17.157	0.59706	0.59733			6
2026.02.20	00:25:34.256	0.59707	0.59732			6
2026.02.20	00:26:00.006	0.59707				2
2026.02.20	00:26:00.309	0.59706	0.59733			6
2026.02.20	00:27:00.006	0.59706				2
2026.02.20	00:27:00.358		0.59733			4
2026.02.20	00:27:17.567	0.59707	0.59732			6
2026.02.20	00:27:22.388	0.59708	0.59731			6
2026.02.20	00:27:29.159	0.59707	0.59732			6
2026.02.20	00:27:29.765	0.59706				2
2026.02.20	00:27:30.083	0.59707				2
2026.02.20	00:27:50.041	0.59701				2
2026.02.20	00:27:50.343	0.59699	0.59730			6
2026.02.20	00:28:00.023	0.59699				2
2026.02.20	00:28:02.955	0.59700	0.59729			6
2026.02.20	00:28:58.586	0.59699	0.59730			6
2026.02.20	00:29:00.192	0.59699				2
2026.02.20	00:29:01.494	0.59700	0.59729			6
2026.02.20	00:29:05.659		0.59714			4
2026.02.20	00:29:10.130	0.59694				2
2026.02.20	00:29:12.385	0.59695				2
2026.02.20	00:29:16.892		0.59725			4
2026.02.20	00:29:40.040	0.59700				2
2026.02.20	00:29:40.341	0.59694	0.59721			6
2026.02.20	00:30:00.316	0.59694				2
2026.02.20	00:30:10.051		0.59722			4
2026.02.20	00:30:10.701	0.59695				2
2026.02.20	00:30:11.004	0.59700	0.59725			6
2026.02.20	00:30:16.474	0.59699				2
2026.02.20	00:30:19.433	0.59700				2
2026.02.20	00:30:23.598	0.59695				2
2026.02.20	00:30:25.855	0.59696				2
2026.02.20	00:30:27.112	0.59704	0.59730			6
2026.02.20	00:30:27.420	0.59703	0.59731			6
2026.02.20	00:30:28.417	0.59701	0.59732			6
2026.02.20	00:30:28.718	0.59703	0.59731			6
2026.02.20	00:30:30.625	0.59705	0.59729			6
2026.02.20	00:30:37.655	0.59704	0.59730			6
2026.02.20	00:30:38.003	0.59705	0.59729			6
2026.02.20	00:30:39.912	0.59704	0.59730			6
2026.02.20	00:30:40.259	0.59705				2
2026.02.20	00:30:56.921	0.59703	0.59731			6
2026.02.20	00:31:00.133	0.59702	0.59732			6
2026.02.20	00:31:01.738	0.59703	0.59731			6
2026.02.20	00:31:34.854	0.59704	0.59729			6
2026.02.20	00:31:35.788	0.59705	0.59730			6
2026.02.20	00:31:36.112	0.59704				2
2026.02.20	00:31:38.065	0.59706	0.59728			6
2026.02.20	00:31:38.369	0.59708				2
2026.02.20	00:31:38.673	0.59703	0.59731			6
2026.02.20	00:31:58.898	0.59704	0.59730			6
2026.02.20	00:32:00.202	0.59705	0.59723			6
2026.02.20	00:32:00.512	0.59706	0.59725			6
2026.02.20	00:32:00.823	0.59704	0.59726			6
2026.02.20	00:32:01.139		0.59723			4
2026.02.20	00:32:01.443	0.59706	0.59725			6
2026.02.20	00:32:01.756	0.59704				2
2026.02.20	00:32:02.058	0.59705				2
2026.02.20	00:32:04.268		0.59726			4
2026.02.20	00:32:04.920		0.59724			4
2026.02.20	00:32:06.222	0.59706	0.59727			6
2026.02.20	00:32:06.828		0.59726			4
2026.02.20	00:32:07.177		0.59727			4
2026.02.20	00:32:07.480		0.59725			4
2026.02.20	00:32:07.830		0.59727			4
2026.02.20	00:32:08.132		0.59725			4
2026.02.20	00:32:08.440	0.59705	0.59726			6
2026.02.20	00:32:08.786	0.59706				2
2026.02.20	00:32:09.091	0.59705				2
2026.02.20	00:32:09.438	0.59706				2
2026.02.20	00:32:16.817		0.59725			4
2026.02.20	00:32:17.120	0.59705	0.59726			6
2026.02.20	00:32:18.075	0.59706	0.59723			6
2026.02.20	00:32:18.423		0.59725			4
2026.02.20	00:32:18.725	0.59705	0.59724			6
2026.02.20	00:32:19.076		0.59723			4
2026.02.20	00:32:20.333		0.59724			4
2026.02.20	00:32:23.546	0.59706				2
2026.02.20	00:32:24.196		0.59723			4
2026.02.20	00:32:24.501		0.59724			4
2026.02.20	00:32:25.152		0.59725			4
2026.02.20	00:32:26.104	0.59705				2
2026.02.20	00:32:27.104		0.59726			4
2026.02.20	00:32:27.409	0.59706	0.59725			6
2026.02.20	00:32:28.059		0.59726			4
2026.02.20	00:32:28.366		0.59724			4
2026.02.20	00:32:29.972		0.59725			4
2026.02.20	00:32:30.318	0.59705	0.59724			6
2026.02.20	00:32:30.922		0.59723			4
2026.02.20	00:32:34.484		0.59724			4
2026.02.20	00:32:34.786		0.59723			4
2026.02.20	00:32:35.437	0.59706				2
2026.02.20	00:32:35.787	0.59705	0.59724			6
2026.02.20	00:32:36.089	0.59706	0.59725			6
2026.02.20	00:32:36.391	0.59705	0.59724			6
2026.02.20	00:32:36.693	0.59706				2
2026.02.20	00:32:37.010	0.59705				2
2026.02.20	00:32:37.330	0.59706	0.59723			6
2026.02.20	00:32:37.643		0.59725			4
2026.02.20	00:32:37.944		0.59723			4
2026.02.20	00:32:38.288		0.59725			4
2026.02.20	00:32:38.596		0.59723			4
2026.02.20	00:32:38.899		0.59725			4
2026.02.20	00:32:39.223		0.59723			4
2026.02.20	00:32:39.854		0.59725			4
2026.02.20	00:32:44.068		0.59724			4
2026.02.20	00:32:51.811		0.59723			4
2026.02.20	00:32:52.145		0.59721			4
2026.02.20	00:32:58.567	0.59707	0.59723			6
2026.02.20	00:33:00.173	0.59707				2
2026.02.20	00:33:14.925	0.59706	0.59721			6
2026.02.20	00:33:25.705	0.59707	0.59723			6
2026.02.20	00:33:27.962	0.59706	0.59722			6
2026.02.20	00:33:28.265	0.59707				2
2026.02.20	00:33:31.178		0.59723			4
2026.02.20	00:33:33.782		0.59721			4
2026.02.20	00:33:34.713		0.59722			4
2026.02.20	00:33:35.384		0.59721			4
2026.02.20	00:33:40.198	0.59708	0.59723			6
2026.02.20	00:33:40.508		0.59721			4
2026.02.20	00:33:50.522		0.59722			4
2026.02.20	00:33:52.143		0.59720			4
2026.02.20	00:33:55.354		0.59723			4
2026.02.20	00:34:00.174	0.59708				2
2026.02.20	00:34:05.297		0.59720			4
2026.02.20	00:34:07.208	0.59707				2
2026.02.20	00:34:10.118	0.59708				2
2026.02.20	00:34:19.106		0.59721			4
2026.02.20	00:34:20.064	0.59707				2
2026.02.20	00:34:23.271	0.59708				2
2026.02.20	00:34:23.922		0.59723			4
2026.02.20	00:34:24.271	0.59707				2
2026.02.20	00:34:27.481		0.59721			4
2026.02.20	00:34:27.784		0.59722			4
2026.02.20	00:34:28.092	0.59708	0.59723			6
2026.02.20	00:34:28.740		0.59721			4
2026.02.20	00:34:38.055	0.59709				2
2026.02.20	00:34:39.031	0.59708	0.59723			6
2026.02.20	00:34:59.309		0.59720			4
2026.02.20	00:35:00.261	0.59709				2
2026.02.20	00:35:02.870		0.59722			4
2026.02.20	00:35:03.474		0.59723			4
2026.02.20	00:35:03.822		0.59722			4
2026.02.20	00:35:04.125	0.59708	0.59721			6
2026.02.20	00:35:16.014		0.59720			4
2026.02.20	00:35:16.316		0.59722			4
2026.02.20	00:35:16.923		0.59721			4
2026.02.20	00:35:17.272		0.59722			4
2026.02.20	00:35:17.574		0.59721			4
2026.02.20	00:35:17.923		0.59720			4
2026.02.20	00:35:18.226		0.59723			4
2026.02.20	00:35:24.299		0.59722			4
2026.02.20	00:35:48.444	0.59707				2
2026.02.20	00:35:48.767	0.59708	0.59720			6
2026.02.20	00:35:49.091		0.59722			4
2026.02.20	00:35:50.649	0.59709				2
2026.02.20	00:35:54.211		0.59723			4
2026.02.20	00:35:54.515		0.59720			4
2026.02.20	00:36:00.292	0.59709				2
2026.02.20	00:36:02.547	0.59711	0.59729			6
2026.02.20	00:36:02.849		0.59725			4
2026.02.20	00:36:04.153	0.59712				2
2026.02.20	00:36:05.108		0.59726			4
2026.02.20	00:36:07.063		0.59725			4
2026.02.20	00:36:09.275	0.59711	0.59724			6
2026.02.20	00:36:11.229		0.59725			4
2026.02.20	00:36:12.185		0.59724			4
2026.02.20	00:36:12.836	0.59712	0.59722			6
2026.02.20	00:36:15.091	0.59711				2
2026.02.20	00:36:17.309	0.59712				2
2026.02.20	00:36:19.562		0.59725			4
2026.02.20	00:36:24.030	0.59711				2
2026.02.20	00:36:24.639		0.59722			4
2026.02.20	00:36:24.982	0.59712	0.59724			6
2026.02.20	00:36:26.570	0.59711				2
2026.02.20	00:36:35.923		0.59723			4
2026.02.20	00:36:36.256	0.59712				2
2026.02.20	00:36:38.224		0.59722			4
2026.02.20	00:37:00.108	0.59712				2
2026.02.20	00:37:01.760	0.59711				2
2026.02.20	00:37:07.183	0.59712				2
2026.02.20	00:37:09.139	0.59711				2
2026.02.20	00:37:09.440		0.59721			4
2026.02.20	00:37:10.742	0.59712	0.59726			6
2026.02.20	00:37:11.047		0.59721			4
2026.02.20	00:37:11.699	0.59711	0.59722			6
2026.02.20	00:37:12.002		0.59721			4
2026.02.20	00:37:12.349		0.59722			4
2026.02.20	00:37:20.383	0.59712				2
2026.02.20	00:37:22.639		0.59721			4
2026.02.20	00:37:23.898		0.59723			4
2026.02.20	00:37:25.197		0.59724			4
2026.02.20	00:37:33.230		0.59722			4
2026.02.20	00:37:33.531		0.59723			4
2026.02.20	00:37:33.854	0.59713				2
2026.02.20	00:37:37.745	0.59714	0.59722			6
2026.02.20	00:37:38.050	0.59715	0.59731			6
2026.02.20	00:37:38.398		0.59729			4
2026.02.20	00:37:38.745		0.59728			4
2026.02.20	00:37:43.216		0.59730			4
2026.02.20	00:37:43.869		0.59732			4
2026.02.20	00:37:44.175	0.59716				2
2026.02.20	00:37:52.550	0.59715				2
2026.02.20	00:38:00.276	0.59715				2
2026.02.20	00:38:04.455	0.59716				2
2026.02.20	00:38:07.050	0.59715				2
2026.02.20	00:38:09.308	0.59716				2
2026.02.20	00:38:09.614		0.59733			4
2026.02.20	00:38:13.477	0.59717				2
2026.02.20	00:38:15.384	0.59718				2
2026.02.20	00:38:24.372	0.59717				2
2026.02.20	00:38:37.862		0.59732			4
2026.02.20	00:38:48.805		0.59731			4
2026.02.20	00:38:49.105		0.59732			4
2026.02.20	00:39:00.094	0.59717				2
2026.02.20	00:39:20.029	0.59716				2
2026.02.20	00:39:32.925	0.59715				2
2026.02.20	00:39:38.751		0.59731			4
2026.02.20	00:39:52.949		0.59730			4
2026.02.20	00:39:56.814	0.59714				2
2026.02.20	00:40:00.024	0.59714				2
2026.02.20	00:40:01.633		0.59732			4
2026.02.20	00:40:01.935	0.59715				2
2026.02.20	00:40:03.853	0.59716				2
2026.02.20	00:40:05.149	0.59715	0.59733			6
2026.02.20	00:40:05.451		0.59732			4
2026.02.20	00:40:07.103		0.59733			4
2026.02.20	00:40:07.404	0.59716				2
2026.02.20	00:40:49.474	0.59715				2
2026.02.20	00:40:58.146	0.59714	0.59731			6
2026.02.20	00:40:58.495	0.59715	0.59734			6
2026.02.20	00:40:58.797	0.59716				2
2026.02.20	00:40:59.104		0.59729			4
2026.02.20	00:40:59.449	0.59712				2
2026.02.20	00:41:00.059	0.59712				2
2026.02.20	00:41:00.709	0.59713	0.59728			6
2026.02.20	00:41:03.921	0.59712				2
2026.02.20	00:41:04.920	0.59713				2
2026.02.20	00:41:27.107	0.59712				2
2026.02.20	00:41:31.272	0.59710	0.59730			6
2026.02.20	00:41:33.879	0.59711				2
2026.02.20	00:41:50.547	0.59710	0.59731			6
2026.02.20	00:41:50.895	0.59711	0.59730			6
2026.02.20	00:41:54.759	0.59710	0.59731			6
2026.02.20	00:42:00.182	0.59710				2
2026.02.20	00:42:21.349		0.59730			4
2026.02.20	00:42:25.491	0.59711				2
2026.02.20	00:42:26.114	0.59712	0.59728			6
2026.02.20	00:42:28.329		0.59729			4
2026.02.20	00:42:34.745	0.59711				2
2026.02.20	00:42:35.050		0.59730			4
2026.02.20	00:42:38.303	0.59710	0.59731			6
2026.02.20	00:42:49.889	0.59711				2
2026.02.20	00:42:50.199		0.59730			4
2026.02.20	00:42:50.538	0.59710				2
2026.02.20	00:42:53.100	0.59711				2
2026.02.20	00:43:00.222	0.59711				2
2026.02.20	00:43:15.025	0.59710				2
2026.02.20	00:43:31.777		0.59731			4
2026.02.20	00:44:00.133	0.59710				2
2026.02.20	00:44:02.039	0.59711	0.59730			6
2026.02.20	00:44:16.157	0.59710				2
2026.02.20	00:45:00.266	0.59710				2
2026.02.20	00:45:02.176		0.59730			4
2026.02.20	00:45:02.483	0.59711				2
2026.02.20	00:45:03.138	0.59707	0.59735			6
2026.02.20	00:45:06.693	0.59711	0.59730			6
2026.02.20	00:45:15.267	0.59710	0.59731			6
2026.02.20	00:45:15.994	0.59711	0.59730			6
2026.02.20	00:45:26.057		0.59729			4
2026.02.20	00:45:29.438	0.59712				2
2026.02.20	00:45:33.253	0.59711				2
2026.02.20	00:45:49.758		0.59730			4
2026.02.20	00:45:59.054	0.59712	0.59729			6
2026.02.20	00:45:59.676	0.59710	0.59730			6
2026.02.20	00:46:00.149	0.59710				2
2026.02.20	00:46:04.378	0.59712	0.59729			6
2026.02.20	00:46:05.954		0.59728			4
2026.02.20	00:46:08.938	0.59713				2
2026.02.20	00:46:14.411	0.59712				2
2026.02.20	00:46:17.053		0.59729			4
2026.02.20	00:46:25.153		0.59728			4
2026.02.20	00:46:27.225	0.59713				2
2026.02.20	00:46:32.055	0.59712				2
2026.02.20	00:46:35.653	0.59713				2
2026.02.20	00:46:39.253	0.59712				2
2026.02.20	00:46:47.653	0.59713				2
2026.02.20	00:46:48.056	0.59712				2
2026.02.20	00:46:50.590	0.59713				2
2026.02.20	00:47:02.442	0.59713				2
2026.02.20	00:47:03.084	0.59707	0.59734			6
2026.02.20	00:47:06.775	0.59713	0.59728			6
2026.02.20	00:47:15.553		0.59727			4
2026.02.20	00:47:22.873		0.59728			4
2026.02.20	00:47:26.952		0.59727			4
2026.02.20	00:47:33.486	0.59710				2
2026.02.20	00:47:41.657	0.59711				2
2026.02.20	00:47:43.870	0.59710				2
2026.02.20	00:47:46.110	0.59711				2
2026.02.20	00:47:47.076	0.59710				2
2026.02.20	00:47:48.670	0.59711				2
2026.02.20	00:47:59.954	0.59710				2
2026.02.20	00:48:00.324	0.59710				2
2026.02.20	00:48:09.419	0.59711	0.59726			6
2026.02.20	00:48:11.358	0.59712				2
2026.02.20	00:48:15.252		0.59725			4
2026.02.20	00:48:19.154		0.59726			4
2026.02.20	00:48:37.247	0.59710				2
2026.02.20	00:48:47.673		0.59725			4
2026.02.20	00:48:48.313		0.59726			4
2026.02.20	00:48:49.706	0.59706	0.59723			6
2026.02.20	00:48:50.017		0.59725			4
2026.02.20	00:49:03.436	0.59706	0.59724			6
2026.02.20	00:49:05.366		0.59725			4
2026.02.20	00:49:10.093		0.59724			4
2026.02.20	00:49:10.491		0.59725			4
2026.02.20	00:49:11.132	0.59707	0.59724			6
2026.02.20	00:49:14.654	0.59706				2
2026.02.20	00:49:19.458	0.59707				2
2026.02.20	00:49:19.766	0.59706				2
2026.02.20	00:49:20.730	0.59707				2
2026.02.20	00:49:32.517	0.59706				2
2026.02.20	00:49:32.853		0.59725			4
2026.02.20	00:49:33.172	0.59707	0.59724			6
2026.02.20	00:49:48.655	0.59706				2
2026.02.20	00:49:48.972	0.59707				2
2026.02.20	00:50:00.325	0.59707				2
2026.02.20	00:50:03.824		0.59723			4
2026.02.20	00:50:07.154		0.59724			4
2026.02.20	00:50:14.475		0.59723			4
2026.02.20	00:50:24.636		0.59724			4
2026.02.20	00:50:34.650	0.59706				2
2026.02.20	00:50:35.293	0.59707				2
2026.02.20	00:50:36.856	0.59708	0.59723			6
2026.02.20	00:50:50.604	0.59707				2
2026.02.20	00:50:51.113	0.59708				2
2026.02.20	00:51:00.477	0.59708				2
2026.02.20	00:51:03.153	0.59710	0.59729			6
2026.02.20	00:51:40.153	0.59711	0.59728			6
2026.02.20	00:51:44.955	0.59713	0.59726			6
2026.02.20	00:51:49.153	0.59712	0.59727			6
2026.02.20	00:52:03.823	0.59711	0.59728			6
2026.02.20	00:52:26.053	0.59710	0.59729			6
2026.02.20	00:52:28.370	0.59711	0.59728			6
2026.02.20	00:52:41.352	0.59710	0.59729			6
2026.02.20	00:52:42.002	0.59712	0.59727			6
2026.02.20	00:53:02.658	0.59712				2
2026.02.20	00:53:11.342	0.59705	0.59726			6
2026.02.20	00:53:15.822	0.59706	0.59724			6
2026.02.20	00:53:28.788	0.59704	0.59726			6
2026.02.20	00:53:33.252		0.59727			4
2026.02.20	00:53:57.185		0.59726			4
2026.02.20	00:53:58.834		0.59727			4
2026.02.20	00:54:01.404	0.59705	0.59726			6
2026.02.20	00:54:02.054	0.59710				2
2026.02.20	00:54:04.660	0.59709	0.59727			6
2026.02.20	00:54:06.038	0.59708				2
2026.02.20	00:54:16.063		0.59728			4
2026.02.20	00:54:25.865	0.59705	0.59730			6
2026.02.20	00:54:27.000	0.59707				2
2026.02.20	00:54:28.607		0.59731			4
2026.02.20	00:54:29.730		0.59730			4
2026.02.20	00:54:38.948	0.59708	0.59729			6
2026.02.20	00:54:43.755		0.59730			4
2026.02.20	00:54:46.155	0.59709	0.59729			6
2026.02.20	00:54:47.992	0.59708				2
2026.02.20	00:54:50.623	0.59711				2
2026.02.20	00:54:50.987	0.59712				2
2026.02.20	00:54:51.305	0.59711	0.59730			6
2026.02.20	00:55:00.348	0.59700				2
2026.02.20	00:55:03.381		0.59729			4
2026.02.20	00:55:06.382	0.59704	0.59733			6
2026.02.20	00:55:10.153	0.59705	0.59732			6
2026.02.20	00:55:14.654		0.59733			4
2026.02.20	00:55:21.123	0.59704				2
2026.02.20	00:55:27.381	0.59699	0.59730			6
2026.02.20	00:55:30.316	0.59702	0.59721			6
2026.02.20	00:55:30.619	0.59701				2
2026.02.20	00:55:35.954	0.59702				2
2026.02.20	00:55:39.771	0.59707	0.59734			6
2026.02.20	00:55:43.743		0.59733			4
2026.02.20	00:55:51.383	0.59699	0.59730			6
2026.02.20	00:55:54.253	0.59702	0.59720			6
2026.02.20	00:55:57.558	0.59708	0.59733			6
2026.02.20	00:56:01.519	0.59707				2
2026.02.20	00:56:02.811	0.59709	0.59735			6
2026.02.20	00:56:15.382	0.59704	0.59730			6
2026.02.20	00:56:18.381	0.59710	0.59734			6
2026.02.20	00:56:22.968	0.59709	0.59735			6
2026.02.20	00:56:32.939	0.59712	0.59740			6
2026.02.20	00:56:42.384	0.59710	0.59730			6
2026.02.20	00:56:45.385		0.59725			4
2026.02.20	00:57:00.290	0.59713	0.59740			6
2026.02.20	00:57:06.380	0.59710	0.59730			6
2026.02.20	00:57:09.384	0.59714	0.59739			6
2026.02.20	00:57:30.380	0.59710	0.59730			6
2026.02.20	00:57:33.384		0.59720			4
2026.02.20	00:57:53.449	0.59716	0.59740			6
2026.02.20	00:57:55.557	0.59715				2
2026.02.20	00:57:57.381	0.59712	0.59737			6
2026.02.20	00:57:59.415	0.59710	0.59736			6
2026.02.20	00:58:00.384	0.59715	0.59728			6
2026.02.20	00:58:02.476	0.59712				2
2026.02.20	00:58:03.382	0.59716	0.59740			6
2026.02.20	00:58:15.382	0.59712	0.59737			6
2026.02.20	00:58:17.459		0.59736			4
2026.02.20	00:58:18.383	0.59715	0.59726			6
2026.02.20	00:58:20.513	0.59712				2
2026.02.20	00:58:21.312	0.59716	0.59740			6
2026.02.20	00:58:24.308	0.59711	0.59738			6
2026.02.20	00:58:26.355	0.59713	0.59736			6
2026.02.20	00:58:30.924	0.59711	0.59738			6
2026.02.20	00:58:35.928	0.59723	0.59744			6
2026.02.20	00:58:37.158		0.59743			4
2026.02.20	00:58:37.460		0.59744			4
2026.02.20	00:58:39.381	0.59718	0.59736			6
2026.02.20	00:58:42.383	0.59716	0.59731			6
2026.02.20	00:58:47.654	0.59723	0.59744			6
2026.02.20	00:58:49.716		0.59745			4
2026.02.20	00:59:00.415	0.59723				2
2026.02.20	00:59:02.781	0.59726	0.59744			6
2026.02.20	00:59:05.676		0.59745			4
2026.02.20	00:59:10.921		0.59746			4
2026.02.20	00:59:20.409	0.59729				2
2026.02.20	00:59:21.381	0.59722	0.59735			6
2026.02.20	00:59:23.516	0.59727				2
2026.02.20	00:59:32.687	0.59723				2
2026.02.20	00:59:33.123	0.59721				2
2026.02.20	00:59:44.344	0.59719				2
2026.02.20	00:59:45.385		0.59741			4
2026.02.20	00:59:54.597	0.59729	0.59745			6
2026.02.20	01:00:00.306	0.59734				2
2026.02.20	01:00:02.709	0.59727	0.59735			6
2026.02.20	01:00:03.025	0.59730	0.59738			6
2026.02.20	01:00:04.261	0.59721	0.59748			6
2026.02.20	01:00:04.883	0.59730	0.59737			6
2026.02.20	01:00:05.186	0.59731	0.59738			6
2026.02.20	01:00:09.330	0.59730	0.59737			6
2026.02.20	01:00:14.049	0.59728	0.59735			6
2026.02.20	01:00:14.670	0.59730	0.59737			6
2026.02.20	01:00:15.603	0.59729	0.59736			6
2026.02.20	01:00:19.988	0.59730	0.59737			6
2026.02.20	01:00:30.006	0.59732	0.59739			6
2026.02.20	01:00:30.325	0.59733	0.59740			6
2026.02.20	01:00:31.259	0.59732	0.59739			6
2026.02.20	01:00:32.514	0.59733	0.59740			6
2026.02.20	01:00:33.769	0.59725	0.59744			6
2026.02.20	01:00:35.551	0.59736	0.59752			6
2026.02.20	01:00:35.858	0.59740	0.59747			6
2026.02.20	01:00:36.806	0.59738	0.59751			6
2026.02.20	01:00:37.115	0.59733	0.59756			6
2026.02.20	01:00:38.212	0.59734	0.59755			6
2026.02.20	01:00:42.899	0.59735	0.59754			6
2026.02.20	01:00:45.730	0.59734	0.59755			6
2026.02.20	01:00:47.441	0.59736	0.59753			6
2026.02.20	01:00:49.339	0.59735	0.59754			6
2026.02.20	01:00:50.344	0.59736	0.59753			6
2026.02.20	01:00:50.733	0.59735	0.59754			6
2026.02.20	01:00:51.172	0.59744	0.59747			6
2026.02.20	01:00:52.102	0.59736	0.59756			6
2026.02.20	01:00:54.559	0.59744	0.59747			6
2026.02.20	01:00:55.194	0.59747	0.59750			6
2026.02.20	01:00:55.497	0.59746	0.59749			6
2026.02.20	01:00:56.119	0.59736	0.59761			6
2026.02.20	01:00:57.054		0.59762			4
2026.02.20	01:00:57.376		0.59761			4
2026.02.20	01:00:58.039	0.59739	0.59758			6
2026.02.20	01:00:59.438	0.59740	0.59757			6
2026.02.20	01:01:00.308	0.59748	0.59751			6
2026.02.20	01:01:00.616	0.59747	0.59759			6
2026.02.20	01:01:00.923	0.59746	0.59760			6
2026.02.20	01:01:01.795	0.59749	0.59752			6
2026.02.20	01:01:02.436	0.59746	0.59760			6
2026.02.20	01:01:03.924	0.59747	0.59759			6
2026.02.20	01:01:04.871	0.59751	0.59754			6
2026.02.20	01:01:05.179	0.59752	0.59755			6
2026.02.20	01:01:09.865	0.59751	0.59754			6
2026.02.20	01:01:10.169	0.59748	0.59760			6
2026.02.20	01:01:10.480	0.59750	0.59753			6
2026.02.20	01:01:11.104	0.59749	0.59752			6
2026.02.20	01:01:11.419	0.59745	0.59760			6
2026.02.20	01:01:11.957	0.59750	0.59753			6
2026.02.20	01:01:12.905	0.59748	0.59751			6
2026.02.20	01:01:13.210	0.59750	0.59753			6
2026.02.20	01:01:13.513	0.59748	0.59751			6
2026.02.20	01:01:13.830	0.59750	0.59753			6
2026.02.20	01:01:15.067	0.59749	0.59752			6
2026.02.20	01:01:15.385	0.59750	0.59753			6
2026.02.20	01:01:16.641	0.59749	0.59752			6
2026.02.20	01:01:16.971	0.59750	0.59753			6
2026.02.20	01:01:20.133	0.59748	0.59758			6
2026.02.20	01:01:20.439	0.59749	0.59752			6
2026.02.20	01:01:20.742	0.59750	0.59753			6
2026.02.20	01:01:21.690	0.59749	0.59752			6
2026.02.20	01:01:21.992	0.59750	0.59753			6
2026.02.20	01:01:24.506	0.59749	0.59752			6
2026.02.20	01:01:42.229	0.59748	0.59751			6
2026.02.20	01:01:47.217	0.59749	0.59752			6
2026.02.20	01:01:50.324	0.59748	0.59751			6
2026.02.20	01:01:53.467	0.59749	0.59752			6
2026.02.20	01:02:00.012	0.59749				2
2026.02.20	01:02:02.820	0.59748	0.59751			6
2026.02.20	01:02:05.612	0.59749	0.59752			6
2026.02.20	01:02:06.536	0.59748	0.59751			6
2026.02.20	01:02:12.457	0.59747	0.59750			6
2026.02.20	01:02:13.410	0.59748	0.59751			6
2026.02.20	01:02:14.663	0.59749	0.59752			6
2026.02.20	01:02:14.966	0.59748	0.59751			6
2026.02.20	01:02:16.524	0.59747	0.59750			6
2026.02.20	01:02:23.774	0.59746	0.59749			6
2026.02.20	01:02:24.075	0.59747	0.59750			6
2026.02.20	01:02:29.694	0.59746	0.59749			6
2026.02.20	01:02:30.617	0.59747	0.59750			6
2026.02.20	01:02:32.204	0.59746	0.59749			6
2026.02.20	01:02:32.523	0.59744	0.59747			6
2026.02.20	01:02:36.890	0.59745	0.59748			6
2026.02.20	01:02:37.221	0.59744	0.59747			6
2026.02.20	01:02:40.004	0.59745	0.59748			6
2026.02.20	01:02:41.253	0.59746	0.59749			6
2026.02.20	01:02:42.188	0.59747	0.59750			6
2026.02.20	01:02:42.492	0.59746	0.59749			6
2026.02.20	01:02:43.448	0.59747	0.59750			6
2026.02.20	01:03:00.273	0.59746	0.59749			6
2026.02.20	01:03:19.719	0.59744	0.59747			6
2026.02.20	01:03:20.324	0.59745	0.59748			6
2026.02.20	01:03:21.278	0.59746	0.59749			6
2026.02.20	01:03:22.248	0.59744	0.59747			6
2026.02.20	01:03:31.315	0.59743	0.59746			6
2026.02.20	01:03:43.210	0.59744	0.59747			6
2026.02.20	01:03:55.732	0.59743	0.59746			6
2026.02.20	01:04:00.092	0.59743				2
2026.02.20	01:04:15.703	0.59744	0.59747			6
2026.02.20	01:04:28.472	0.59739	0.59741			6
2026.02.20	01:04:41.767		0.59740			4
2026.02.20	01:04:49.500		0.59741			4
2026.02.20	01:04:52.153		0.59740			4
2026.02.20	01:04:55.668		0.59741			4
2026.02.20	01:04:59.181		0.59740			4
2026.02.20	01:05:00.184	0.59737				2
2026.02.20	01:05:00.488		0.59739			4
2026.02.20	01:05:06.612		0.59740			4
2026.02.20	01:05:13.178	0.59739				2
2026.02.20	01:05:15.087	0.59738				2
2026.02.20	01:05:25.167	0.59737				2
2026.02.20	01:05:29.989		0.59739			4
2026.02.20	01:05:35.817		0.59740			4
2026.02.20	01:05:37.425	0.59736	0.59739			6
2026.02.20	01:06:00.274	0.59736				2
2026.02.20	01:06:37.719		0.59739			4
2026.02.20	01:07:00.016	0.59736				2
2026.02.20	01:07:22.820	0.59738	0.59741			6
2026.02.20	01:07:24.121	0.59737	0.59740			6
2026.02.20	01:07:44.078	0.59736	0.59739			6
2026.02.20	01:07:46.692	0.59737	0.59740			6
2026.02.20	01:07:51.911	0.59736	0.59739			6
2026.02.20	01:08:00.095	0.59736				2
2026.02.20	01:08:10.048	0.59737	0.59740			6
2026.02.20	01:08:26.020	0.59736	0.59739			6
2026.02.20	01:09:00.062	0.59736				2
2026.02.20	01:09:20.132	0.59737	0.59740			6
2026.02.20	01:09:21.737	0.59736	0.59739			6
2026.02.20	01:09:27.859	0.59732	0.59735			6
2026.02.20	01:09:28.812	0.59731	0.59734			6
2026.02.20	01:09:39.147	0.59732	0.59735			6
2026.02.20	01:09:49.087		0.59734			4
2026.02.20	01:09:49.435	0.59731				2
2026.02.20	01:09:52.614	0.59736	0.59739			6
2026.02.20	01:09:53.284	0.59731	0.59734			6
2026.02.20	01:09:53.907	0.59732	0.59735			6
2026.02.20	01:10:00.028	0.59732				2
2026.02.20	01:10:02.292	0.59731	0.59734			6
2026.02.20	01:10:04.204	0.59730	0.59733			6
2026.02.20	01:10:10.978	0.59731	0.59734			6
2026.02.20	01:10:15.148	0.59730	0.59733			6
2026.02.20	01:10:21.273	0.59735	0.59738			6
2026.02.20	01:10:22.578	0.59734	0.59737			6
2026.02.20	01:10:26.744	0.59735	0.59738			6
2026.02.20	01:10:35.119	0.59734	0.59737			6
2026.02.20	01:10:44.451	0.59732	0.59735			6
2026.02.20	01:10:44.801	0.59731	0.59734			6
2026.02.20	01:10:45.755	0.59730	0.59733			6
2026.02.20	01:10:55.131	0.59733	0.59736			6
2026.02.20	01:10:55.434	0.59732	0.59735			6
2026.02.20	01:11:00.251	0.59732				2
2026.02.20	01:11:05.774	0.59733	0.59736			6
2026.02.20	01:11:15.159	0.59734				2
2026.02.20	01:11:15.462	0.59736	0.59739			6
2026.02.20	01:11:16.161	0.59735	0.59738			6
2026.02.20	01:11:18.722	0.59736	0.59739			6
2026.02.20	01:11:19.024	0.59737	0.59740			6
2026.02.20	01:11:21.629	0.59731	0.59734			6
2026.02.20	01:11:22.887	0.59730	0.59733			6
2026.02.20	01:11:24.493	0.59732	0.59735			6
2026.02.20	01:11:24.841	0.59730	0.59733			6
2026.02.20	01:11:29.619	0.59728	0.59731			6
2026.02.20	01:11:42.166	0.59729	0.59732			6
2026.02.20	01:11:45.380	0.59728	0.59731			6
2026.02.20	01:12:00.236	0.59728				2
2026.02.20	01:12:29.747	0.59730	0.59733			6
2026.02.20	01:12:35.269	0.59729	0.59732			6
2026.02.20	01:12:39.130	0.59727	0.59730			6
2026.02.20	01:12:40.085	0.59726	0.59729			6
2026.02.20	01:12:46.254	0.59725	0.59728			6
2026.02.20	01:12:50.123	0.59724	0.59727			6
2026.02.20	01:12:50.427	0.59725	0.59728			6
2026.02.20	01:13:00.110	0.59725				2
2026.02.20	01:13:01.719	0.59726	0.59729			6
2026.02.20	01:13:02.020	0.59730	0.59733			6
2026.02.20	01:13:20.036	0.59729	0.59732			6
2026.02.20	01:13:20.340	0.59727	0.59730			6
2026.02.20	01:13:25.507	0.59728	0.59731			6
2026.02.20	01:13:36.096	0.59727	0.59730			6
2026.02.20	01:13:40.914	0.59726	0.59729			6
2026.02.20	01:13:48.795	0.59720	0.59723			6
2026.02.20	01:14:00.047	0.59720				2
2026.02.20	01:14:30.404	0.59722	0.59725			6
2026.02.20	01:14:30.709	0.59724	0.59727			6
2026.02.20	01:14:31.019	0.59721	0.59724			6
2026.02.20	01:14:36.824	0.59720	0.59723			6
2026.02.20	01:14:44.650	0.59719	0.59722			6
2026.02.20	01:14:46.862	0.59717	0.59720			6
2026.02.20	01:14:47.210	0.59716	0.59719			6
2026.02.20	01:14:50.725	0.59715	0.59718			6
2026.02.20	01:14:52.681	0.59719	0.59722			6
2026.02.20	01:14:57.501	0.59716	0.59719			6
2026.02.20	01:15:00.107	0.59716				2
2026.02.20	01:15:04.328	0.59715	0.59718			6
2026.02.20	01:16:00.290	0.59715				2
2026.02.20	01:16:04.457		0.59718			4
2026.02.20	01:16:40.698	0.59721	0.59724			6
2026.02.20	01:17:00.344	0.59721				2
2026.02.20	01:17:20.917	0.59717	0.59720			6
2026.02.20	01:17:21.871	0.59716	0.59719			6
2026.02.20	01:17:25.229	0.59717	0.59720			6
2026.02.20	01:17:27.229	0.59716	0.59719			6
2026.02.20	01:17:28.535	0.59720	0.59723			6
2026.02.20	01:17:29.191	0.59721	0.59724			6
2026.02.20	01:18:00.157	0.59721				2
2026.02.20	01:18:09.689	0.59725	0.59727			6
2026.02.20	01:18:09.992		0.59728			4
2026.02.20	01:18:20.775	0.59724	0.59727			6
2026.02.20	01:18:58.905	0.59725	0.59728			6
2026.02.20	01:19:00.208	0.59725				2
2026.02.20	01:19:07.935	0.59724	0.59727			6
2026.02.20	01:19:09.886	0.59725	0.59728			6
2026.02.20	01:19:48.173	0.59724	0.59727			6
2026.02.20	01:19:50.084	0.59725	0.59728			6
2026.02.20	01:20:00.026	0.59725				2
2026.02.20	01:20:01.336	0.59726	0.59729			6
2026.02.20	01:20:02.945	0.59728	0.59731			6
2026.02.20	01:20:27.432	0.59727	0.59730			6
2026.02.20	01:20:28.734	0.59730	0.59733			6
2026.02.20	01:20:40.629	0.59728	0.59730			6
2026.02.20	01:20:40.933	0.59726	0.59729			6
2026.02.20	01:20:53.498	0.59725	0.59728			6
2026.02.20	01:20:53.805	0.59726	0.59729			6
2026.02.20	01:21:00.236	0.59726				2
2026.02.20	01:21:36.369	0.59725	0.59728			6
2026.02.20	01:21:39.285	0.59726	0.59729			6
2026.02.20	01:22:00.267	0.59726				2
2026.02.20	01:22:06.092	0.59730	0.59733			6
2026.02.20	01:22:06.396	0.59729	0.59732			6
2026.02.20	01:22:20.345	0.59732	0.59733			6
2026.02.20	01:22:20.650	0.59737	0.59740			6
2026.02.20	01:22:26.418	0.59739	0.59742			6
2026.02.20	01:22:29.631	0.59740	0.59743			6
2026.02.20	01:22:30.632	0.59739	0.59742			6
2026.02.20	01:22:39.269	0.59732	0.59735			6
2026.02.20	01:22:40.571	0.59735	0.59739			6
2026.02.20	01:22:40.874	0.59736	0.59740			6
2026.02.20	01:22:43.785		0.59739			4
2026.02.20	01:22:47.945	0.59735				2
2026.02.20	01:23:01.437	0.59734	0.59738			6
2026.02.20	01:23:06.355	0.59735	0.59739			6
2026.02.20	01:23:06.965	0.59736	0.59740			6
2026.02.20	01:23:13.693	0.59735	0.59739			6
2026.02.20	01:23:15.301	0.59737	0.59741			6
2026.02.20	01:23:15.648	0.59740	0.59742			6
2026.02.20	01:23:15.954		0.59744			4
2026.02.20	01:23:19.865	0.59739	0.59743			6
2026.02.20	01:23:21.122	0.59738	0.59742			6
2026.02.20	01:23:37.537	0.59737	0.59740			6
2026.02.20	01:23:37.839		0.59741			4
2026.02.20	01:23:41.701	0.59733	0.59736			6
2026.02.20	01:23:42.004	0.59731	0.59735			6
2026.02.20	01:23:52.506	0.59734	0.59738			6
2026.02.20	01:24:00.225	0.59735	0.59739			6
2026.02.20	01:24:08.953	0.59734	0.59738			6
2026.02.20	01:24:12.816	0.59733	0.59737			6
2026.02.20	01:24:18.191	0.59732	0.59736			6
2026.02.20	01:24:18.542	0.59733	0.59737			6
2026.02.20	01:24:25.919	0.59731	0.59735			6
2026.02.20	01:24:31.348	0.59726	0.59729			6
2026.02.20	01:24:32.691	0.59725				2
2026.02.20	01:24:41.429	0.59726	0.59730			6
2026.02.20	01:25:00.100	0.59726				2
2026.02.20	01:25:04.321	0.59731	0.59735			6
2026.02.20	01:25:36.641	0.59732	0.59736			6
2026.02.20	01:25:37.901		0.59735			4
2026.02.20	01:25:38.551	0.59731				2
2026.02.20	01:26:01.152	0.59731				2
2026.02.20	01:26:04.042	0.59737	0.59741			6
2026.02.20	01:26:08.517	0.59738	0.59742			6
2026.02.20	01:26:15.186	0.59737	0.59741			6
2026.02.20	01:26:18.286	0.59732	0.59736			6
2026.02.20	01:26:27.901	0.59731	0.59735			6
2026.02.20	01:26:32.719	0.59732	0.59736			6
2026.02.20	01:26:49.738	0.59731	0.59735			6
2026.02.20	01:27:00.159	0.59731				2
2026.02.20	01:27:17.282	0.59728	0.59732			6
2026.02.20	01:27:17.586	0.59727	0.59731			6
2026.02.20	01:27:25.138	0.59726	0.59730			6
2026.02.20	01:27:25.765	0.59727	0.59731			6
2026.02.20	01:27:38.653	0.59726	0.59730			6
2026.02.20	01:27:45.170		0.59729			4
2026.02.20	01:27:52.153		0.59730			4
2026.02.20	01:27:54.423		0.59729			4
2026.02.20	01:28:00.010	0.59726				2
2026.02.20	01:28:01.852	0.59731	0.59732			6
2026.02.20	01:28:02.156	0.59732	0.59736			6
2026.02.20	01:28:05.168	0.59733	0.59737			6
2026.02.20	01:28:15.505	0.59734	0.59738			6
2026.02.20	01:28:42.356	0.59732	0.59736			6
2026.02.20	01:28:52.628	0.59733				2
2026.02.20	01:28:56.490		0.59735			4
2026.02.20	01:28:58.350		0.59736			4
2026.02.20	01:29:00.304	0.59733				2
2026.02.20	01:29:01.911	0.59731	0.59735			6
2026.02.20	01:29:02.215		0.59733			4
2026.02.20	01:29:08.638	0.59730				2
2026.02.20	01:29:15.730	0.59728	0.59730			6
2026.02.20	01:29:16.058	0.59726	0.59729			6
2026.02.20	01:29:17.316		0.59730			4
2026.02.20	01:29:20.530	0.59725	0.59729			6
2026.02.20	01:29:24.088	0.59726	0.59730			6
2026.02.20	01:29:24.391	0.59727	0.59731			6
2026.02.20	01:29:25.345	0.59728	0.59732			6
2026.02.20	01:29:42.309		0.59731			4
2026.02.20	01:29:48.803	0.59727	0.59730			6
2026.02.20	01:29:49.132	0.59728	0.59731			6
2026.02.20	01:30:00.045	0.59728				2
2026.02.20	01:30:02.538	0.59726	0.59729			6
2026.02.20	01:30:03.487	0.59725	0.59728			6
2026.02.20	01:30:03.793	0.59724	0.59727			6
2026.02.20	01:30:05.998	0.59725	0.59728			6
2026.02.20	01:30:06.924	0.59724	0.59727			6
2026.02.20	01:30:13.449	0.59725	0.59728			6
2026.02.20	01:30:15.307	0.59724	0.59727			6
2026.02.20	01:30:15.941	0.59725	0.59728			6
2026.02.20	01:30:23.218	0.59726	0.59729			6
2026.02.20	01:30:32.203	0.59728	0.59731			6
2026.02.20	01:30:32.551	0.59729	0.59732			6
2026.02.20	01:30:42.546	0.59728	0.59731			6
2026.02.20	01:30:44.199	0.59729	0.59732			6
2026.02.20	01:30:46.155	0.59728	0.59731			6
2026.02.20	01:30:50.924	0.59729	0.59732			6
2026.02.20	01:31:00.213	0.59729				2
2026.02.20	01:31:02.166	0.59728	0.59731			6
2026.02.20	01:31:03.422	0.59727	0.59730			6
2026.02.20	01:31:04.726	0.59725	0.59728			6
2026.02.20	01:31:10.801	0.59726	0.59729			6
2026.02.20	01:31:21.742	0.59728	0.59731			6
2026.02.20	01:31:28.815	0.59726	0.59729			6
2026.02.20	01:31:32.383	0.59725	0.59728			6
2026.02.20	01:31:32.732	0.59724	0.59727			6
2026.02.20	01:31:39.457	0.59721	0.59724			6
2026.02.20	01:31:39.759	0.59720	0.59723			6
2026.02.20	01:31:41.715		0.59722			4
2026.02.20	01:31:52.308		0.59723			4
2026.02.20	01:32:00.037	0.59720				2
2026.02.20	01:32:02.297	0.59723	0.59725			6
2026.02.20	01:32:02.600	0.59724	0.59726			6
2026.02.20	01:32:02.904		0.59727			4
2026.02.20	01:32:03.249	0.59727	0.59730			6
2026.02.20	01:32:03.551	0.59728	0.59731			6
2026.02.20	01:32:09.722	0.59726	0.59729			6
2026.02.20	01:32:19.758	0.59725	0.59728			6
2026.02.20	01:32:47.725		0.59727			4
2026.02.20	01:32:50.278		0.59728			4
2026.02.20	01:32:53.839		0.59727			4
2026.02.20	01:32:56.051		0.59728			4
2026.02.20	01:32:59.660		0.59727			4
2026.02.20	01:33:00.312	0.59725				2
2026.02.20	01:33:03.522		0.59728			4
2026.02.20	01:33:10.649		0.59727			4
2026.02.20	01:34:00.183	0.59725				2
2026.02.20	01:34:03.945	0.59723	0.59725			6
2026.02.20	01:34:04.250	0.59722	0.59724			6
2026.02.20	01:34:10.169	0.59723	0.59725			6
2026.02.20	01:34:10.488	0.59722	0.59724			6
2026.02.20	01:34:11.425	0.59724	0.59726			6
2026.02.20	01:34:11.744	0.59723	0.59725			6
2026.02.20	01:34:18.270	0.59722	0.59724			6
2026.02.20	01:34:21.410	0.59721	0.59723			6
2026.02.20	01:34:26.077	0.59720	0.59722			6
2026.02.20	01:34:31.725	0.59721	0.59723			6
2026.02.20	01:35:00.309	0.59721				2
2026.02.20	01:35:10.042	0.59719	0.59721			6
2026.02.20	01:35:10.391	0.59718	0.59720			6
2026.02.20	01:35:38.991	0.59717	0.59719			6
2026.02.20	01:35:39.339	0.59716	0.59718			6
2026.02.20	01:35:43.504	0.59717	0.59719			6
2026.02.20	01:35:54.450	0.59719	0.59720			6
2026.02.20	01:35:56.355		0.59721			4
2026.02.20	01:35:57.359		0.59720			4
2026.02.20	01:35:58.613		0.59721			4
2026.02.20	01:36:00.218	0.59720				2
2026.02.20	01:36:01.475		0.59722			4
2026.02.20	01:36:01.825		0.59721			4
2026.02.20	01:36:02.128		0.59722			4
2026.02.20	01:36:06.038		0.59721			4
2026.02.20	01:36:19.558		0.59722			4
2026.02.20	01:36:21.848		0.59721			4
2026.02.20	01:36:31.808		0.59722			4
2026.02.20	01:36:36.307		0.59721			4
2026.02.20	01:36:38.482		0.59722			4
2026.02.20	01:36:38.815		0.59721			4
2026.02.20	01:36:47.249		0.59722			4
2026.02.20	01:36:53.368	0.59719	0.59721			6
2026.02.20	01:36:54.675	0.59720				2
2026.02.20	01:36:56.584	0.59723	0.59724			6
2026.02.20	01:36:56.885	0.59725	0.59726			6
2026.02.20	01:36:58.137	0.59724				2
2026.02.20	01:37:00.045	0.59724				2
2026.02.20	01:37:05.863	0.59723	0.59725			6
2026.02.20	01:37:09.080	0.59724	0.59726			6
2026.02.20	01:37:10.379	0.59723	0.59725			6
2026.02.20	01:37:10.727	0.59724	0.59726			6
2026.02.20	01:37:12.036	0.59723	0.59725			6
2026.02.20	01:37:24.928	0.59722	0.59724			6
2026.02.20	01:37:27.534	0.59719	0.59721			6
2026.02.20	01:37:38.175	0.59718	0.59720			6
2026.02.20	01:37:46.508	0.59717	0.59719			6
2026.02.20	01:37:47.158	0.59718	0.59720			6
2026.02.20	01:37:51.679	0.59719	0.59721			6
2026.02.20	01:37:54.546	0.59718	0.59720			6
2026.02.20	01:38:00.014	0.59718				2
2026.02.20	01:38:01.670	0.59716	0.59718			6
2026.02.20	01:38:15.223	0.59718	0.59720			6
2026.02.20	01:38:18.740	0.59717	0.59719			6
2026.02.20	01:38:28.725		0.59718			4
2026.02.20	01:38:29.679		0.59719			4
2026.02.20	01:38:31.937	0.59718				2
2026.02.20	01:38:33.492		0.59720			4
2026.02.20	01:38:35.099	0.59719				2
2026.02.20	01:38:35.403	0.59718				2
2026.02.20	01:38:37.661	0.59719	0.59721			6
2026.02.20	01:38:42.834		0.59720			4
2026.02.20	01:38:48.152		0.59721			4
2026.02.20	01:38:49.410		0.59720			4
2026.02.20	01:38:58.165		0.59721			4
2026.02.20	01:39:00.095	0.59719				2
2026.02.20	01:39:00.747		0.59720			4
2026.02.20	01:39:03.835	0.59718	0.59719			6
2026.02.20	01:39:04.163	0.59717				2
2026.02.20	01:39:13.490	0.59718	0.59720			6
2026.02.20	01:39:20.907	0.59717	0.59719			6
2026.02.20	01:39:22.165	0.59718	0.59720			6
2026.02.20	01:39:25.072	0.59719	0.59721			6
2026.02.20	01:39:32.795	0.59718	0.59720			6
2026.02.20	01:39:33.099	0.59716	0.59718			6
2026.02.20	01:39:33.750	0.59717				2
2026.02.20	01:39:35.609		0.59719			4
2026.02.20	01:39:35.959	0.59718	0.59720			6
2026.02.20	01:39:37.615		0.59719			4
2026.02.20	01:39:37.917		0.59720			4
2026.02.20	01:39:38.220		0.59719			4
2026.02.20	01:39:39.172		0.59720			4
2026.02.20	01:39:46.596		0.59719			4
2026.02.20	01:39:46.901		0.59720			4
2026.02.20	01:40:00.102	0.59718				2
2026.02.20	01:40:01.360	0.59720	0.59722			6
2026.02.20	01:40:11.952	0.59721				2
2026.02.20	01:40:20.684	0.59720				2
2026.02.20	01:41:00.335	0.59720				2
2026.02.20	01:41:01.593		0.59722			4
2026.02.20	01:41:04.807	0.59719	0.59720			6
2026.02.20	01:41:05.124	0.59718				2
2026.02.20	01:41:07.367		0.59719			4
2026.02.20	01:41:20.091	0.59715	0.59716			6
2026.02.20	01:41:20.401	0.59706	0.59708			6
2026.02.20	01:41:20.720	0.59705	0.59707			6
2026.02.20	01:41:21.373	0.59704	0.59708			6
2026.02.20	01:41:34.924	0.59705	0.59709			6
2026.02.20	01:41:36.833	0.59706	0.59710			6
2026.02.20	01:41:37.139	0.59707	0.59711			6
2026.02.20	01:41:40.698	0.59705	0.59709			6
2026.02.20	01:41:49.782	0.59704	0.59708			6
2026.02.20	01:41:56.860	0.59708	0.59712			6
2026.02.20	01:41:57.208	0.59709	0.59713			6
2026.02.20	01:41:57.514		0.59712			4
2026.02.20	01:41:57.818	0.59706	0.59710			6
2026.02.20	01:42:00.075	0.59706				2
2026.02.20	01:42:03.288	0.59707	0.59711			6
2026.02.20	01:42:06.201	0.59706	0.59710			6
2026.02.20	01:42:09.711	0.59707	0.59711			6
2026.02.20	01:42:10.013	0.59708	0.59712			6
2026.02.20	01:42:23.868	0.59709	0.59713			6
2026.02.20	01:42:29.736	0.59706	0.59710			6
2026.02.20	01:42:32.944	0.59707	0.59711			6
2026.02.20	01:42:33.248	0.59708	0.59712			6
2026.02.20	01:42:35.556	0.59709	0.59713			6
2026.02.20	01:42:49.805	0.59710	0.59714			6
2026.02.20	01:42:50.122	0.59711	0.59715			6
2026.02.20	01:42:50.759	0.59712	0.59716			6
2026.02.20	01:42:52.365	0.59711	0.59715			6
2026.02.20	01:42:53.669	0.59710	0.59714			6
2026.02.20	01:42:55.880	0.59711	0.59715			6
2026.02.20	01:42:57.837	0.59710	0.59714			6
2026.02.20	01:43:00.092	0.59710				2
2026.02.20	01:43:16.751	0.59711	0.59715			6
2026.02.20	01:43:17.099	0.59710	0.59714			6
2026.02.20	01:43:26.847	0.59711	0.59715			6
2026.02.20	01:43:30.113		0.59714			4
2026.02.20	01:43:30.430	0.59713				2
2026.02.20	01:43:30.737		0.59716			4
2026.02.20	01:43:36.752		0.59715			4
2026.02.20	01:43:37.698	0.59712				2
2026.02.20	01:43:38.001	0.59711	0.59714			6
2026.02.20	01:43:39.231	0.59710				2
2026.02.20	01:43:41.164	0.59711				2
2026.02.20	01:43:44.631	0.59710	0.59713			6
2026.02.20	01:43:46.811	0.59709	0.59712			6
2026.02.20	01:43:55.833	0.59708	0.59711			6
2026.02.20	01:43:56.453	0.59709	0.59712			6
2026.02.20	01:44:00.246	0.59709				2
2026.02.20	01:44:12.293	0.59708	0.59711			6
2026.02.20	01:44:22.635	0.59713	0.59716			6
2026.02.20	01:44:24.899	0.59711	0.59713			6
2026.02.20	01:44:27.809	0.59710				2
2026.02.20	01:44:28.110	0.59709	0.59712			6
2026.02.20	01:44:51.117		0.59711			4
2026.02.20	01:44:59.499		0.59712			4
2026.02.20	01:44:59.846		0.59711			4
2026.02.20	01:45:00.151	0.59709	0.59712			6
2026.02.20	01:45:00.453	0.59708	0.59711			6
2026.02.20	01:45:08.576	0.59709	0.59712			6
2026.02.20	01:45:10.487	0.59708	0.59711			6
2026.02.20	01:45:16.313	0.59712	0.59715			6
2026.02.20	01:45:16.623	0.59714	0.59717			6
2026.02.20	01:45:17.313		0.59718			4
2026.02.20	01:45:19.875	0.59713	0.59717			6
2026.02.20	01:45:22.136	0.59714				2
2026.02.20	01:45:23.440	0.59713	0.59716			6
2026.02.20	01:45:29.561	0.59714				2
2026.02.20	01:45:29.864		0.59717			4
2026.02.20	01:45:31.809	0.59713	0.59715			6
2026.02.20	01:45:32.761		0.59716			4
2026.02.20	01:45:34.382	0.59714	0.59717			6
2026.02.20	01:45:54.698	0.59715	0.59718			6
2026.02.20	01:45:57.258	0.59714	0.59717			6
2026.02.20	01:46:00.171	0.59714				2
2026.02.20	01:46:07.345		0.59716			4
2026.02.20	01:46:14.420	0.59713				2
2026.02.20	01:46:38.267	0.59714				2
2026.02.20	01:46:45.743	0.59716	0.59717			6
2026.02.20	01:46:47.297	0.59715				2
2026.02.20	01:46:48.220	0.59718	0.59719			6
2026.02.20	01:46:48.522		0.59720			4
2026.02.20	01:46:49.160		0.59721			4
2026.02.20	01:46:50.764	0.59719				2
2026.02.20	01:47:00.050	0.59719				2
2026.02.20	01:47:03.311	0.59718				2
2026.02.20	01:47:07.275		0.59720			4
2026.02.20	01:47:22.370	0.59717	0.59719			6
2026.02.20	01:47:26.802	0.59718	0.59720			6
2026.02.20	01:48:00.125	0.59718				2
2026.02.20	01:48:27.044		0.59720			4
2026.02.20	01:48:36.670	0.59714	0.59715			6
2026.02.20	01:48:38.271		0.59716			4
2026.02.20	01:48:41.483	0.59713	0.59715			6
2026.02.20	01:48:52.373	0.59714	0.59716			6
2026.02.20	01:49:00.194	0.59714				2
2026.02.20	01:49:14.106	0.59715	0.59717			6
2026.02.20	01:49:21.820	0.59714	0.59716			6
2026.02.20	01:49:22.775	0.59713	0.59715			6
2026.02.20	01:49:39.542	0.59712	0.59713			6
2026.02.20	01:49:40.165		0.59714			4
2026.02.20	01:49:40.845		0.59713			4
2026.02.20	01:49:54.220		0.59714			4
2026.02.20	01:49:57.112	0.59705	0.59706			6
2026.02.20	01:49:58.343		0.59707			4
2026.02.20	01:50:00.272	0.59705				2
2026.02.20	01:50:01.875	0.59706				2
2026.02.20	01:50:03.481	0.59705				2
2026.02.20	01:50:06.389	0.59704				2
2026.02.20	01:50:18.556	0.59705	0.59708			6
2026.02.20	01:50:20.497	0.59706	0.59709			6
2026.02.20	01:50:21.448	0.59707				2
2026.02.20	01:50:24.358	0.59706				2
2026.02.20	01:50:25.313	0.59707				2
2026.02.20	01:50:25.965	0.59706	0.59708			6
2026.02.20	01:50:36.557	0.59710	0.59713			6
2026.02.20	01:50:42.025	0.59711				2
2026.02.20	01:50:44.891	0.59712	0.59715			6
2026.02.20	01:50:57.429	0.59713	0.59716			6
2026.02.20	01:50:58.697	0.59715	0.59718			6
2026.02.20	01:51:00.336	0.59714	0.59717			6
2026.02.20	01:51:00.639		0.59716			4
2026.02.20	01:51:07.112	0.59713				2
2026.02.20	01:51:12.277		0.59715			4
2026.02.20	01:51:14.491		0.59716			4
2026.02.20	01:51:16.095		0.59715			4
2026.02.20	01:51:20.131	0.59711	0.59713			6
2026.02.20	01:51:21.413	0.59710				2
2026.02.20	01:51:22.669	0.59711	0.59714			6
2026.02.20	01:51:25.277		0.59713			4
2026.02.20	01:51:28.091	0.59710	0.59712			6
2026.02.20	01:51:32.777	0.59709	0.59711			6
2026.02.20	01:51:33.110		0.59710			4
2026.02.20	01:51:34.377		0.59711			4
2026.02.20	01:51:36.313		0.59710			4
2026.02.20	01:51:39.399	0.59705	0.59706			6
2026.02.20	01:51:45.499	0.59703	0.59705			6
2026.02.20	01:51:45.804	0.59699	0.59702			6
2026.02.20	01:51:46.132		0.59701			4
2026.02.20	01:51:50.012		0.59702			4
2026.02.20	01:51:56.186	0.59698	0.59700			6
2026.02.20	01:52:00.045	0.59698				2
2026.02.20	01:52:00.346	0.59699	0.59702			6
2026.02.20	01:52:00.652	0.59701	0.59703			6
2026.02.20	01:52:01.649		0.59702			4
2026.02.20	01:52:01.959	0.59696	0.59699			6
2026.02.20	01:52:02.302		0.59698			4
2026.02.20	01:52:03.258		0.59699			4
2026.02.20	01:52:03.925	0.59695				2
2026.02.20	01:52:06.590	0.59699	0.59701			6
2026.02.20	01:52:07.521		0.59702			4
2026.02.20	01:52:12.383		0.59703			4
2026.02.20	01:52:13.640	0.59700				2
2026.02.20	01:52:14.595		0.59704			4
2026.02.20	01:52:37.205	0.59702	0.59706			6
2026.02.20	01:52:47.765	0.59701	0.59704			6
2026.02.20	01:52:59.029	0.59699	0.59702			6
2026.02.20	01:53:00.600	0.59702	0.59704			6
2026.02.20	01:53:02.867	0.59701				2
2026.02.20	01:53:08.438		0.59703			4
2026.02.20	01:53:11.998		0.59704			4
2026.02.20	01:53:14.140	0.59699	0.59702			6
2026.02.20	01:53:20.229		0.59701			4
2026.02.20	01:53:29.563	0.59698				2
2026.02.20	01:54:00.026	0.59698				2
2026.02.20	01:54:01.683	0.59699				2
2026.02.20	01:54:01.988		0.59702			4
2026.02.20	01:54:08.716	0.59700	0.59703			6
2026.02.20	01:54:09.021		0.59702			4
2026.02.20	01:54:21.260		0.59703			4
2026.02.20	01:54:23.221	0.59702				2
2026.02.20	01:54:23.540		0.59704			4
2026.02.20	01:54:24.188		0.59705			4
2026.02.20	01:54:32.345	0.59703				2
2026.02.20	01:54:36.411	0.59702	0.59704			6
2026.02.20	01:54:42.986	0.59701	0.59703			6
2026.02.20	01:54:46.099	0.59702	0.59704			6
2026.02.20	01:54:53.248	0.59705	0.59707			6
2026.02.20	01:54:54.184		0.59708			4
2026.02.20	01:55:00.304	0.59705	0.59707			6
2026.02.20	01:55:00.610	0.59706	0.59708			6
2026.02.20	01:55:14.934	0.59704	0.59706			6
2026.02.20	01:55:19.178		0.59707			4
2026.02.20	01:55:23.395		0.59706			4
2026.02.20	01:55:28.059	0.59705	0.59707			6
2026.02.20	01:55:31.171	0.59706	0.59708			6
2026.02.20	01:55:44.970	0.59705	0.59706			6
2026.02.20	01:55:46.222		0.59707			4
2026.02.20	01:55:46.846	0.59708	0.59710			6
2026.02.20	01:55:49.342	0.59709	0.59711			6
2026.02.20	01:56:00.049	0.59709				2
2026.02.20	01:56:00.680	0.59708	0.59710			6
2026.02.20	01:57:00.154	0.59708				2
2026.02.20	01:57:00.505	0.59709				2
2026.02.20	01:57:00.823		0.59710			4
2026.02.20	01:57:09.205	0.59707	0.59708			6
2026.02.20	01:57:09.534	0.59706				2
2026.02.20	01:57:12.093		0.59707			4
2026.02.20	01:57:31.071	0.59704	0.59706			6
2026.02.20	01:57:32.677	0.59700	0.59702			6
2026.02.20	01:57:33.328	0.59701				2
2026.02.20	01:57:33.629	0.59700				2
2026.02.20	01:57:45.220	0.59699	0.59701			6
2026.02.20	01:57:45.525	0.59698	0.59700			6
2026.02.20	01:57:50.999	0.59700	0.59702			6
2026.02.20	01:57:51.647	0.59699	0.59701			6
2026.02.20	01:58:00.336	0.59699				2
2026.02.20	01:58:00.639	0.59700	0.59702			6
2026.02.20	01:58:13.601	0.59699	0.59701			6
2026.02.20	01:58:16.912	0.59700	0.59702			6
2026.02.20	01:58:17.518	0.59699	0.59701			6
2026.02.20	01:58:20.173	0.59700	0.59702			6
2026.02.20	01:58:32.037	0.59699	0.59701			6
2026.02.20	01:58:51.168	0.59701	0.59703			6
2026.02.20	01:59:00.203	0.59701				2
2026.02.20	01:59:14.065		0.59702			4
2026.02.20	01:59:15.018	0.59700				2
2026.02.20	01:59:34.086	0.59696	0.59697			6
2026.02.20	01:59:35.357	0.59695				2
2026.02.20	01:59:38.269	0.59696	0.59698			6
2026.02.20	01:59:55.335	0.59699	0.59701			6
2026.02.20	01:59:55.684	0.59698	0.59700			6
2026.02.20	02:00:00.196	0.59699	0.59701			6
2026.02.20	02:00:00.842	0.59702	0.59703			6
2026.02.20	02:00:01.149	0.59705	0.59707			6
2026.02.20	02:00:01.455	0.59707	0.59709			6
2026.02.20	02:00:02.152	0.59706				2
2026.02.20	02:00:02.812		0.59710			4
2026.02.20	02:00:03.461	0.59705	0.59708			6
2026.02.20	02:00:03.763	0.59704				2
2026.02.20	02:00:04.072	0.59705				2
2026.02.20	02:00:04.414	0.59704				2
2026.02.20	02:00:06.671	0.59705				2
2026.02.20	02:00:07.323		0.59709			4
2026.02.20	02:00:07.626	0.59707	0.59711			6
2026.02.20	02:00:07.972	0.59708				2
2026.02.20	02:00:11.195	0.59707				2
2026.02.20	02:00:11.899	0.59708				2
2026.02.20	02:00:15.381	0.59707				2
2026.02.20	02:00:18.702	0.59708				2
2026.02.20	02:00:19.681	0.59707	0.59710			6
2026.02.20	02:00:20.593	0.59706	0.59708			6
2026.02.20	02:00:20.900	0.59704	0.59707			6
2026.02.20	02:00:21.389	0.59703				2
2026.02.20	02:00:23.647	0.59705	0.59709			6
2026.02.20	02:00:28.548	0.59703	0.59707			6
2026.02.20	02:00:28.861	0.59702	0.59705			6
2026.02.20	02:00:31.167	0.59703	0.59707			6
2026.02.20	02:00:31.499	0.59704				2
2026.02.20	02:00:34.708		0.59708			4
2026.02.20	02:00:35.483		0.59707			4
2026.02.20	02:00:36.465		0.59708			4
2026.02.20	02:00:40.423	0.59705	0.59707			6
2026.02.20	02:00:42.373	0.59704				2
2026.02.20	02:00:43.633	0.59703				2
2026.02.20	02:00:43.980	0.59701	0.59702			6
2026.02.20	02:00:44.283	0.59696	0.59697			6
2026.02.20	02:00:44.588	0.59692	0.59696			6
2026.02.20	02:00:44.950	0.59691	0.59695			6
2026.02.20	02:00:45.585		0.59694			4
2026.02.20	02:00:45.888	0.59689	0.59693			6
2026.02.20	02:00:46.588	0.59691	0.59694			6
2026.02.20	02:00:46.894	0.59689	0.59692			6
2026.02.20	02:00:47.203	0.59688				2
2026.02.20	02:00:48.038	0.59685	0.59689			6
2026.02.20	02:00:49.396		0.59688			4
2026.02.20	02:00:49.704	0.59683	0.59687			6
2026.02.20	02:00:52.313	0.59682	0.59686			6
2026.02.20	02:00:52.965	0.59683	0.59687			6
2026.02.20	02:00:53.268	0.59682	0.59686			6
2026.02.20	02:00:53.581	0.59683	0.59687			6
2026.02.20	02:00:55.318	0.59682	0.59686			6
2026.02.20	02:00:56.292	0.59683	0.59687			6
2026.02.20	02:01:00.250	0.59683				2
2026.02.20	02:01:00.553	0.59684	0.59688			6
2026.02.20	02:01:01.206	0.59683	0.59687			6
2026.02.20	02:01:10.383	0.59684	0.59688			6
2026.02.20	02:01:13.251	0.59683	0.59687			6
2026.02.20	02:01:14.703	0.59682	0.59685			6
2026.02.20	02:01:22.480		0.59683			4
2026.02.20	02:01:22.980		0.59685			4
2026.02.20	02:01:25.285		0.59684			4
2026.02.20	02:01:25.872		0.59685			4
2026.02.20	02:01:29.420	0.59681				2
2026.02.20	02:01:33.673	0.59682	0.59686			6
2026.02.20	02:01:34.029	0.59683	0.59687			6
2026.02.20	02:01:38.402	0.59684				2
2026.02.20	02:01:50.716	0.59686	0.59689			6
2026.02.20	02:01:52.993	0.59689	0.59692			6
2026.02.20	02:01:53.325	0.59691	0.59694			6
2026.02.20	02:01:54.856	0.59688	0.59691			6
2026.02.20	02:01:59.042	0.59687				2
2026.02.20	02:02:00.167	0.59688				2
2026.02.20	02:02:01.446	0.59689				2
2026.02.20	02:02:01.976	0.59688				2
2026.02.20	02:02:02.979		0.59690			4
2026.02.20	02:02:03.303		0.59691			4
2026.02.20	02:02:03.954	0.59687				2
2026.02.20	02:02:04.403		0.59690			4
2026.02.20	02:02:05.387		0.59691			4
2026.02.20	02:02:06.110	0.59688				2
2026.02.20	02:02:08.140	0.59693	0.59696			6
2026.02.20	02:02:09.390	0.59692	0.59695			6
2026.02.20	02:02:25.416		0.59693			4
2026.02.20	02:02:25.726		0.59695			4
2026.02.20	02:02:26.377	0.59693				2
2026.02.20	02:02:26.749	0.59692	0.59694			6
2026.02.20	02:02:28.417	0.59693	0.59696			6
2026.02.20	02:02:28.854	0.59692	0.59695			6
2026.02.20	02:02:34.735	0.59691				2
2026.02.20	02:02:36.031	0.59692				2
2026.02.20	02:02:40.808	0.59695	0.59699			6
2026.02.20	02:02:41.285	0.59696				2
2026.02.20	02:02:42.900		0.59700			4
2026.02.20	02:02:44.195		0.59699			4
2026.02.20	02:02:45.890	0.59697				2
2026.02.20	02:02:46.197	0.59698	0.59700			6
2026.02.20	02:02:50.067		0.59701			4
2026.02.20	02:02:50.369		0.59700			4
2026.02.20	02:02:50.673		0.59702			4
2026.02.20	02:02:54.230	0.59702	0.59704			6
2026.02.20	02:02:54.537		0.59705			4
2026.02.20	02:02:58.153	0.59703				2
2026.02.20	02:03:00.461	0.59702				2
2026.02.20	02:03:03.473	0.59703	0.59707			6
2026.02.20	02:03:03.814	0.59706	0.59709			6
2026.02.20	02:03:04.118	0.59709	0.59712			6
2026.02.20	02:03:07.036	0.59708	0.59711			6
2026.02.20	02:03:12.718	0.59706	0.59709			6
2026.02.20	02:03:13.391	0.59705				2
2026.02.20	02:03:30.419	0.59708	0.59711			6
2026.02.20	02:03:32.406	0.59709	0.59713			6
2026.02.20	02:03:36.476	0.59713	0.59717			6
2026.02.20	02:03:40.792		0.59716			4
2026.02.20	02:03:42.054	0.59711	0.59714			6
2026.02.20	02:03:42.387	0.59712	0.59715			6
2026.02.20	02:03:49.230		0.59716			4
2026.02.20	02:03:58.341	0.59715	0.59718			6
2026.02.20	02:03:58.642	0.59714	0.59717			6
2026.02.20	02:04:00.227	0.59715	0.59719			6
2026.02.20	02:04:00.605	0.59717				2
2026.02.20	02:04:00.918		0.59721			4
2026.02.20	02:04:01.231	0.59718	0.59722			6
2026.02.20	02:04:02.234		0.59721			4
2026.02.20	02:04:04.603	0.59715	0.59718			6
2026.02.20	02:04:07.424	0.59714	0.59717			6
2026.02.20	02:04:08.077		0.59718			4
2026.02.20	02:04:19.853	0.59713	0.59717			6
2026.02.20	02:04:20.462	0.59712	0.59716			6
2026.02.20	02:04:24.981	0.59714	0.59717			6
2026.02.20	02:04:25.634	0.59713				2
2026.02.20	02:04:34.027	0.59712	0.59713			6
2026.02.20	02:04:34.328	0.59705	0.59709			6
2026.02.20	02:04:37.285	0.59707				2
2026.02.20	02:04:37.636		0.59710			4
2026.02.20	02:04:42.157		0.59711			4
2026.02.20	02:04:42.509	0.59708	0.59710			6
2026.02.20	02:04:44.421		0.59711			4
2026.02.20	02:04:49.786		0.59710			4
2026.02.20	02:04:53.008		0.59711			4
2026.02.20	02:04:53.374	0.59707				2
2026.02.20	02:04:54.064	0.59708	0.59712			6
2026.02.20	02:04:54.713	0.59707	0.59711			6
2026.02.20	02:04:55.019	0.59708	0.59712			6
2026.02.20	02:05:00.143	0.59708				2
2026.02.20	02:05:04.104	0.59707	0.59711			6
2026.02.20	02:05:10.843	0.59708	0.59712			6
2026.02.20	02:05:11.798	0.59707	0.59711			6
2026.02.20	02:05:12.452	0.59708	0.59712			6
2026.02.20	02:05:12.755	0.59707	0.59711			6
2026.02.20	02:05:13.104	0.59708	0.59712			6
2026.02.20	02:05:13.407	0.59707	0.59711			6
2026.02.20	02:05:14.713	0.59708	0.59712			6
2026.02.20	02:05:37.882		0.59710			4
2026.02.20	02:05:38.848	0.59710	0.59711			6
2026.02.20	02:05:39.161	0.59714	0.59717			6
2026.02.20	02:05:41.745	0.59713	0.59716			6
2026.02.20	02:05:42.060	0.59710	0.59713			6
2026.02.20	02:05:43.353	0.59711				2
2026.02.20	02:05:44.658	0.59710				2
2026.02.20	02:05:45.960	0.59711				2
2026.02.20	02:05:52.697	0.59713	0.59714			6
2026.02.20	02:05:52.999	0.59716	0.59718			6
2026.02.20	02:05:53.346	0.59715				2
2026.02.20	02:05:54.952		0.59717			4
2026.02.20	02:05:57.165	0.59714				2
2026.02.20	02:05:57.468		0.59716			4
2026.02.20	02:05:58.162	0.59715	0.59717			6
2026.02.20	02:05:59.422	0.59714				2
2026.02.20	02:06:00.071	0.59714				2
2026.02.20	02:06:00.374	0.59715				2
2026.02.20	02:06:02.322	0.59713	0.59716			6
2026.02.20	02:06:04.232	0.59712				2
2026.02.20	02:06:04.535		0.59715			4
2026.02.20	02:06:06.188	0.59713				2
2026.02.20	02:06:25.196	0.59708	0.59712			6
2026.02.20	02:06:25.533		0.59711			4
2026.02.20	02:06:29.054	0.59705	0.59708			6
2026.02.20	02:06:29.660	0.59707	0.59710			6
2026.02.20	02:06:29.991		0.59711			4
2026.02.20	02:06:38.992	0.59709	0.59712			6
2026.02.20	02:06:39.643	0.59708	0.59711			6
2026.02.20	02:06:39.945	0.59707	0.59710			6
2026.02.20	02:06:40.901		0.59709			4
2026.02.20	02:06:42.161	0.59705	0.59707			6
2026.02.20	02:06:43.158	0.59702	0.59705			6
2026.02.20	02:06:43.463		0.59704			4
2026.02.20	02:06:47.323	0.59701				2
2026.02.20	02:06:49.539	0.59703	0.59705			6
2026.02.20	02:06:50.231	0.59702				2
2026.02.20	02:06:53.441		0.59704			4
2026.02.20	02:06:57.260		0.59705			4
2026.02.20	02:06:59.175	0.59701				2
2026.02.20	02:07:00.166	0.59701				2
2026.02.20	02:07:03.727	0.59702				2
2026.02.20	02:07:09.408	0.59704	0.59707			6
2026.02.20	02:07:15.668	0.59703				2
2026.02.20	02:07:18.883	0.59704				2
2026.02.20	02:07:22.442	0.59703				2
2026.02.20	02:07:27.569	0.59702	0.59705			6
2026.02.20	02:07:29.171		0.59706			4
2026.02.20	02:07:31.447	0.59703				2
2026.02.20	02:07:32.391	0.59702				2
2026.02.20	02:07:34.298	0.59703				2
2026.02.20	02:07:35.277	0.59702				2
2026.02.20	02:07:38.447		0.59705			4
2026.02.20	02:07:41.238		0.59706			4
2026.02.20	02:07:43.608		0.59705			4
2026.02.20	02:08:00.325	0.59702				2
2026.02.20	02:08:10.515	0.59701				2
2026.02.20	02:08:10.982	0.59700	0.59702			6
2026.02.20	02:08:12.559	0.59702	0.59705			6
2026.02.20	02:08:12.876		0.59706			4
2026.02.20	02:08:13.621	0.59703	0.59705			6
2026.02.20	02:08:15.234	0.59704	0.59706			6
2026.02.20	02:08:20.651		0.59707			4
2026.02.20	02:08:21.745	0.59705				2
2026.02.20	02:08:22.272	0.59704	0.59706			6
2026.02.20	02:08:51.483	0.59705				2
2026.02.20	02:08:53.104		0.59707			4
2026.02.20	02:08:55.058		0.59706			4
2026.02.20	02:08:56.361	0.59704				2
2026.02.20	02:09:00.225	0.59704				2
2026.02.20	02:09:04.395	0.59705	0.59707			6
2026.02.20	02:09:07.959	0.59703	0.59706			6
2026.02.20	02:09:25.368	0.59701	0.59704			6
2026.02.20	02:09:35.705	0.59702				2
2026.02.20	02:09:36.966		0.59705			4
2026.02.20	02:09:40.321	0.59703				2
2026.02.20	02:09:40.629	0.59702				2
2026.02.20	02:09:44.537		0.59704			4
2026.02.20	02:09:48.420	0.59703	0.59705			6
2026.02.20	02:09:51.371		0.59706			4
2026.02.20	02:09:53.675	0.59702				2
2026.02.20	02:09:54.024	0.59703				2
2026.02.20	02:09:55.385		0.59705			4
2026.02.20	02:09:55.732	0.59702				2
2026.02.20	02:09:59.946	0.59701				2
2026.02.20	02:10:00.247	0.59701				2
2026.02.20	02:10:01.403		0.59704			4
2026.02.20	02:10:18.265		0.59703			4
2026.02.20	02:10:20.746	0.59703	0.59705			6
2026.02.20	02:10:23.555	0.59702				2
2026.02.20	02:10:33.520	0.59703				2
2026.02.20	02:10:33.823	0.59702				2
2026.02.20	02:10:47.016	0.59703				2
2026.02.20	02:10:49.880		0.59706			4
2026.02.20	02:10:55.998		0.59705			4
2026.02.20	02:11:00.163	0.59703				2
2026.02.20	02:11:10.599	0.59704				2
2026.02.20	02:11:10.903		0.59706			4
2026.02.20	02:11:12.463		0.59705			4
2026.02.20	02:11:13.382	0.59705	0.59706			6
2026.02.20	02:11:14.017	0.59704	0.59705			6
2026.02.20	02:11:14.338	0.59703				2
2026.02.20	02:11:14.668	0.59704	0.59706			6
2026.02.20	02:11:14.972	0.59705				2
2026.02.20	02:11:17.478	0.59704	0.59705			6
2026.02.20	02:11:21.877	0.59703				2
2026.02.20	02:11:31.604	0.59702	0.59704			6
2026.02.20	02:11:31.933	0.59701	0.59703			6
2026.02.20	02:11:34.721	0.59703	0.59705			6
2026.02.20	02:11:37.857	0.59704				2
2026.02.20	02:11:38.160	0.59703				2
2026.02.20	02:11:55.684	0.59705	0.59706			6
2026.02.20	02:11:56.314	0.59704	0.59705			6
2026.02.20	02:12:00.099	0.59704				2
2026.02.20	02:12:11.340	0.59703				2
2026.02.20	02:12:14.151		0.59704			4
2026.02.20	02:12:22.331	0.59701	0.59702			6
2026.02.20	02:12:48.294	0.59702	0.59704			6
2026.02.20	02:12:48.642		0.59703			4
2026.02.20	02:12:50.500		0.59704			4
2026.02.20	02:12:51.502	0.59701	0.59703			6
2026.02.20	02:12:53.413	0.59702	0.59704			6
2026.02.20	02:13:00.142	0.59702	0.59703			6
2026.02.20	02:13:00.461	0.59701				2
2026.02.20	02:13:01.447	0.59702				2
2026.02.20	02:13:01.751		0.59704			4
2026.02.20	02:13:02.079		0.59703			4
2026.02.20	02:13:03.028		0.59704			4
2026.02.20	02:13:03.708	0.59701	0.59702			6
2026.02.20	02:13:08.389		0.59703			4
2026.02.20	02:13:13.333	0.59702				2
2026.02.20	02:13:13.637	0.59707	0.59708			6
2026.02.20	02:13:36.568	0.59706	0.59707			6
2026.02.20	02:13:39.440	0.59705	0.59706			6
2026.02.20	02:13:42.347	0.59704				2
2026.02.20	02:13:44.604	0.59706	0.59707			6
2026.02.20	02:13:53.355	0.59705				2
2026.02.20	02:13:53.687	0.59703	0.59705			6
2026.02.20	02:13:54.035		0.59704			4
2026.02.20	02:13:54.342		0.59705			4
2026.02.20	02:13:59.211		0.59704			4
2026.02.20	02:14:00.134	0.59703				2
2026.02.20	02:14:00.464	0.59702	0.59703			6
2026.02.20	02:14:00.771	0.59701				2
2026.02.20	02:14:05.333	0.59694	0.59696			6
2026.02.20	02:14:10.453	0.59693	0.59695			6
2026.02.20	02:14:28.566	0.59692				2
2026.02.20	02:14:29.491	0.59693				2
2026.02.20	02:14:29.826	0.59692				2
2026.02.20	02:14:32.386	0.59693				2
2026.02.20	02:14:37.725	0.59692	0.59694			6
2026.02.20	02:14:38.027	0.59691	0.59693			6
2026.02.20	02:14:39.615	0.59690	0.59692			6
2026.02.20	02:14:39.917	0.59689				2
2026.02.20	02:14:40.571	0.59692	0.59694			6
2026.02.20	02:14:41.221	0.59691	0.59693			6
2026.02.20	02:14:41.872	0.59692				2
2026.02.20	02:14:42.175	0.59691	0.59694			6
2026.02.20	02:14:42.480	0.59692	0.59693			6
2026.02.20	02:14:55.400		0.59694			4
2026.02.20	02:14:55.701	0.59693	0.59695			6
2026.02.20	02:14:56.335	0.59692				2
2026.02.20	02:14:56.637		0.59694			4
2026.02.20	02:14:57.289	0.59690	0.59692			6
2026.02.20	02:14:59.542	0.59689				2
2026.02.20	02:14:59.843	0.59688	0.59690			6
2026.02.20	02:15:00.150	0.59688				2
2026.02.20	02:15:01.447	0.59687	0.59689			6
2026.02.20	02:15:04.052	0.59686				2
2026.02.20	02:15:04.656	0.59687				2
2026.02.20	02:15:06.260		0.59690			4
2026.02.20	02:15:06.608		0.59689			4
2026.02.20	02:15:06.910		0.59690			4
2026.02.20	02:15:08.211	0.59688				2
2026.02.20	02:15:11.468		0.59691			4
2026.02.20	02:15:13.461	0.59689	0.59692			6
2026.02.20	02:15:14.123	0.59690				2
2026.02.20	02:15:14.430		0.59693			4
2026.02.20	02:15:22.868	0.59692	0.59695			6
2026.02.20	02:15:35.432	0.59693				2
2026.02.20	02:15:38.210	0.59692	0.59694			6
2026.02.20	02:15:40.068	0.59691	0.59693			6
2026.02.20	02:15:40.379	0.59690	0.59692			6
2026.02.20	02:15:47.572	0.59691				2
2026.02.20	02:15:47.886	0.59692	0.59694			6
2026.02.20	02:15:48.496	0.59691	0.59693			6
2026.02.20	02:15:48.798	0.59688	0.59689			6
2026.02.20	02:15:49.127	0.59687				2
2026.02.20	02:15:50.049	0.59686	0.59688			6
2026.02.20	02:15:56.249	0.59687	0.59689			6
2026.02.20	02:15:56.556	0.59689	0.59691			6
2026.02.20	02:15:57.505	0.59690	0.59692			6
2026.02.20	02:15:57.807		0.59693			4
2026.02.20	02:16:00.061	0.59690				2
2026.02.20	02:16:00.410	0.59691	0.59692			6
2026.02.20	02:16:01.668	0.59690				2
2026.02.20	02:16:02.632		0.59693			4
2026.02.20	02:16:03.622	0.59691				2
2026.02.20	02:16:04.574	0.59690				2
2026.02.20	02:16:05.527	0.59691				2
2026.02.20	02:16:05.841		0.59694			4
2026.02.20	02:16:12.706	0.59692	0.59695			6
2026.02.20	02:16:15.309	0.59693				2
2026.02.20	02:16:20.787	0.59692				2
2026.02.20	02:16:23.390	0.59693	0.59696			6
2026.02.20	02:16:24.344	0.59692	0.59695			6
2026.02.20	02:16:24.647	0.59693	0.59696			6
2026.02.20	02:16:25.949		0.59695			4
2026.02.20	02:16:29.161	0.59692				2
2026.02.20	02:16:30.468	0.59693				2
2026.02.20	02:16:33.380	0.59692				2
2026.02.20	02:16:36.244		0.59694			4
2026.02.20	02:16:43.970	0.59691	0.59693			6
2026.02.20	02:16:44.289	0.59690	0.59692			6
2026.02.20	02:16:48.051	0.59691				2
2026.02.20	02:16:50.211	0.59690				2
2026.02.20	02:17:00.196	0.59690				2
2026.02.20	02:17:15.320	0.59689	0.59691			6
2026.02.20	02:17:15.640	0.59688	0.59690			6
2026.02.20	02:17:41.012	0.59686	0.59688			6
2026.02.20	02:17:42.565	0.59685	0.59687			6
2026.02.20	02:17:44.136		0.59686			4
2026.02.20	02:17:44.440		0.59687			4
2026.02.20	02:17:44.770		0.59686			4
2026.02.20	02:17:46.331		0.59687			4
2026.02.20	02:17:49.242	0.59686				2
2026.02.20	02:17:52.059	0.59689	0.59690			6
2026.02.20	02:17:55.880	0.59692	0.59694			6
2026.02.20	02:18:00.188	0.59692				2
2026.02.20	02:18:12.076	0.59691	0.59693			6
2026.02.20	02:18:21.956	0.59689	0.59691			6
2026.02.20	02:18:22.304	0.59688	0.59690			6
2026.02.20	02:18:27.922	0.59687	0.59689			6
2026.02.20	02:18:34.396	0.59686	0.59688			6
2026.02.20	02:18:46.275		0.59687			4
2026.02.20	02:18:46.880		0.59688			4
2026.02.20	02:18:47.230	0.59687				2
2026.02.20	02:18:47.882	0.59686				2
2026.02.20	02:19:00.321	0.59686				2
2026.02.20	02:19:01.625		0.59687			4
2026.02.20	02:19:01.931		0.59688			4
2026.02.20	02:19:02.233		0.59687			4
2026.02.20	02:19:03.806	0.59679	0.59681			6
2026.02.20	02:19:04.135	0.59678				2
2026.02.20	02:19:06.444	0.59679	0.59682			6
2026.02.20	02:19:12.604	0.59680				2
2026.02.20	02:19:12.918		0.59683			4
2026.02.20	02:19:13.221	0.59679	0.59682			6
2026.02.20	02:19:15.226	0.59680	0.59683			6
2026.02.20	02:19:15.923	0.59679	0.59682			6
2026.02.20	02:19:20.392	0.59680				2
2026.02.20	02:19:21.348	0.59683	0.59685			6
2026.02.20	02:19:22.650	0.59682				2
2026.02.20	02:19:31.470	0.59683				2
2026.02.20	02:19:40.428		0.59684			4
2026.02.20	02:19:40.731	0.59682				2
2026.02.20	02:19:46.079	0.59681	0.59683			6
2026.02.20	02:19:53.452	0.59682	0.59684			6
2026.02.20	02:20:00.324	0.59682				2
2026.02.20	02:20:09.208	0.59679	0.59681			6
2026.02.20	02:20:13.121	0.59678	0.59680			6
2026.02.20	02:20:14.380	0.59679	0.59681			6
2026.02.20	02:20:18.544	0.59678	0.59680			6
2026.02.20	02:20:18.892	0.59679	0.59681			6
2026.02.20	02:20:20.196	0.59678	0.59680			6
2026.02.20	02:20:21.152	0.59679	0.59681			6
2026.02.20	02:20:24.666	0.59678	0.59680			6
2026.02.20	02:20:31.091	0.59679	0.59681			6
2026.02.20	02:20:41.121	0.59678	0.59680			6
2026.02.20	02:20:44.681	0.59679	0.59681			6
2026.02.20	02:20:44.983	0.59678	0.59680			6
2026.02.20	02:20:45.984	0.59679	0.59681			6
2026.02.20	02:20:49.495		0.59680			4
2026.02.20	02:20:54.518		0.59681			4
2026.02.20	02:20:55.172		0.59680			4
2026.02.20	02:20:56.423	0.59680	0.59682			6
2026.02.20	02:20:57.681	0.59681				2
2026.02.20	02:20:58.606		0.59683			4
2026.02.20	02:21:00.238	0.59681				2
2026.02.20	02:21:00.541		0.59682			4
2026.02.20	02:21:00.843		0.59683			4
2026.02.20	02:21:01.496		0.59682			4
2026.02.20	02:21:03.101		0.59683			4
2026.02.20	02:21:06.620	0.59680	0.59682			6
2026.02.20	02:21:06.966	0.59681				2
2026.02.20	02:21:07.268	0.59680				2
2026.02.20	02:21:15.297	0.59681				2
2026.02.20	02:21:16.871	0.59680				2
2026.02.20	02:21:17.185	0.59679	0.59681			6
2026.02.20	02:21:17.503		0.59680			4
2026.02.20	02:21:18.126		0.59681			4
2026.02.20	02:21:27.490		0.59680			4
2026.02.20	02:21:27.808	0.59678				2
2026.02.20	02:21:29.749	0.59679	0.59681			6
2026.02.20	02:21:30.401	0.59678	0.59680			6
2026.02.20	02:21:30.706	0.59677	0.59678			6
2026.02.20	02:21:41.315		0.59679			4
2026.02.20	02:21:41.645	0.59676	0.59678			6
2026.02.20	02:21:47.163	0.59675	0.59676			6
2026.02.20	02:21:49.671	0.59674	0.59675			6
2026.02.20	02:21:49.974		0.59676			4
2026.02.20	02:21:53.181		0.59675			4
2026.02.20	02:21:53.803		0.59676			4
2026.02.20	02:21:54.120		0.59675			4
2026.02.20	02:21:55.363		0.59676			4
2026.02.20	02:21:56.643	0.59671	0.59672			6
2026.02.20	02:21:56.946	0.59667	0.59669			6
2026.02.20	02:21:58.250	0.59666				2
2026.02.20	02:21:59.203	0.59667	0.59670			6
2026.02.20	02:22:00.157	0.59667				2
2026.02.20	02:22:00.507	0.59669	0.59671			6
2026.02.20	02:22:00.812	0.59670	0.59673			6
2026.02.20	02:22:02.162	0.59669				2
2026.02.20	02:22:02.465	0.59670	0.59674			6
2026.02.20	02:22:06.330		0.59673			4
2026.02.20	02:22:16.265	0.59671	0.59674			6
2026.02.20	02:22:18.241	0.59672				2
2026.02.20	02:22:19.879	0.59671				2
2026.02.20	02:22:24.045	0.59670	0.59673			6
2026.02.20	02:22:24.349	0.59671	0.59674			6
2026.02.20	02:22:24.999	0.59669	0.59672			6
2026.02.20	02:22:25.303	0.59668	0.59671			6
2026.02.20	02:22:30.469	0.59669	0.59672			6
2026.02.20	02:22:30.773	0.59671	0.59674			6
2026.02.20	02:22:31.082	0.59672	0.59675			6
2026.02.20	02:22:32.380	0.59671				2
2026.02.20	02:22:37.195	0.59672				2
2026.02.20	02:22:39.455	0.59671	0.59674			6
2026.02.20	02:22:42.411	0.59672	0.59675			6
2026.02.20	02:22:46.833	0.59671	0.59674			6
2026.02.20	02:22:47.483	0.59672	0.59675			6
2026.02.20	02:22:57.422	0.59668	0.59671			6
2026.02.20	02:23:00.027	0.59668				2
2026.02.20	02:23:19.751	0.59670	0.59673			6
2026.02.20	02:23:25.871	0.59671	0.59674			6
2026.02.20	02:23:26.173		0.59673			4
2026.02.20	02:23:50.234	0.59672	0.59674			6
2026.02.20	02:23:50.867	0.59677	0.59679			6
2026.02.20	02:23:51.171	0.59678	0.59680			6
2026.02.20	02:23:51.797	0.59677	0.59679			6
2026.02.20	02:23:52.424	0.59676	0.59680			6
2026.02.20	02:23:53.375	0.59675	0.59679			6
2026.02.20	02:23:53.680	0.59676	0.59680			6
2026.02.20	02:23:55.935	0.59675	0.59679			6
2026.02.20	02:23:56.589	0.59676	0.59680			6
2026.02.20	02:24:00.102	0.59676				2
2026.02.20	02:24:00.451	0.59677	0.59681			6
2026.02.20	02:24:06.225		0.59680			4
2026.02.20	02:24:09.740	0.59678	0.59681			6
2026.02.20	02:24:11.996	0.59677	0.59680			6
2026.02.20	02:24:38.391	0.59678	0.59681			6
2026.02.20	02:24:40.648	0.59680	0.59683			6
2026.02.20	02:24:41.279	0.59681	0.59684			6
2026.02.20	02:24:42.908	0.59682	0.59685			6
2026.02.20	02:24:43.209	0.59681	0.59684			6
2026.02.20	02:24:43.559	0.59680	0.59683			6
2026.02.20	02:24:45.518	0.59673	0.59676			6
2026.02.20	02:24:45.820	0.59672	0.59675			6
2026.02.20	02:24:46.171	0.59671				2
2026.02.20	02:24:46.521	0.59672	0.59676			6
2026.02.20	02:25:00.021	0.59672				2
2026.02.20	02:25:00.370	0.59673	0.59677			6
2026.02.20	02:25:02.278	0.59674	0.59678			6
2026.02.20	02:25:03.225	0.59675				2
2026.02.20	02:25:05.742		0.59679			4
2026.02.20	02:25:07.662	0.59674	0.59678			6
2026.02.20	02:25:08.001	0.59680	0.59681			6
2026.02.20	02:25:08.304		0.59684			4
2026.02.20	02:25:08.652	0.59681				2
2026.02.20	02:25:12.167		0.59685			4
2026.02.20	02:25:12.480	0.59682	0.59686			6
2026.02.20	02:25:26.317	0.59681	0.59685			6
2026.02.20	02:25:34.959	0.59679	0.59682			6
2026.02.20	02:25:35.302		0.59683			4
2026.02.20	02:25:38.220	0.59681	0.59685			6
2026.02.20	02:25:43.683	0.59680	0.59684			6
2026.02.20	02:25:52.681	0.59682	0.59685			6
2026.02.20	02:25:57.523		0.59686			4
2026.02.20	02:26:00.098	0.59682				2
2026.02.20	02:26:02.009	0.59684	0.59687			6
2026.02.20	02:26:02.718		0.59688			4
2026.02.20	02:26:05.271	0.59685	0.59689			6
2026.02.20	02:26:06.573	0.59686	0.59690			6
2026.02.20	02:26:07.222	0.59685	0.59689			6
2026.02.20	02:26:12.342	0.59683	0.59687			6
2026.02.20	02:26:13.362	0.59682	0.59686			6
2026.02.20	02:26:16.610	0.59683				2
2026.02.20	02:26:25.038		0.59687			4
2026.02.20	02:26:25.486		0.59686			4
2026.02.20	02:26:44.509		0.59687			4
2026.02.20	02:26:51.498	0.59684				2
2026.02.20	02:26:54.659		0.59686			4
2026.02.20	02:26:56.004	0.59685	0.59687			6
2026.02.20	02:26:56.586	0.59684				2
2026.02.20	02:26:59.372	0.59685				2
2026.02.20	02:26:59.777	0.59684	0.59688			6
2026.02.20	02:27:00.119	0.59684				2
2026.02.20	02:27:00.725		0.59687			4
2026.02.20	02:27:03.981		0.59686			4
2026.02.20	02:27:04.285		0.59687			4
2026.02.20	02:27:05.241	0.59685				2
2026.02.20	02:27:06.296	0.59683				2
2026.02.20	02:27:06.606	0.59685				2
2026.02.20	02:27:06.950	0.59683				2
2026.02.20	02:27:07.299		0.59686			4
2026.02.20	02:27:10.428	0.59685	0.59688			6
2026.02.20	02:27:12.288	0.59684	0.59687			6
2026.02.20	02:27:12.607	0.59683	0.59686			6
2026.02.20	02:27:15.086	0.59684	0.59687			6
2026.02.20	02:27:18.067	0.59681	0.59684			6
2026.02.20	02:27:21.523	0.59679	0.59682			6
2026.02.20	02:27:21.853		0.59681			4
2026.02.20	02:27:22.157		0.59682			4
2026.02.20	02:27:25.999	0.59677	0.59681			6
2026.02.20	02:27:26.324	0.59678	0.59682			6
2026.02.20	02:27:26.966	0.59683	0.59686			6
2026.02.20	02:27:29.089		0.59687			4
2026.02.20	02:27:35.925	0.59685	0.59689			6
2026.02.20	02:27:40.006	0.59688	0.59691			6
2026.02.20	02:27:45.139	0.59689	0.59693			6
2026.02.20	02:27:45.444		0.59692			4
2026.02.20	02:27:46.176		0.59693			4
2026.02.20	02:27:46.996	0.59690	0.59694			6
2026.02.20	02:27:51.164	0.59687	0.59690			6
2026.02.20	02:27:56.586		0.59689			4
2026.02.20	02:27:58.495	0.59684	0.59687			6
2026.02.20	02:27:58.985		0.59688			4
2026.02.20	02:28:00.563	0.59684				2
2026.02.20	02:28:01.028	0.59683	0.59687			6
2026.02.20	02:28:02.913		0.59686			4
2026.02.20	02:28:04.503	0.59682				2
2026.02.20	02:28:11.552	0.59683				2
2026.02.20	02:28:20.186	0.59682				2
2026.02.20	02:28:23.351	0.59683				2
2026.02.20	02:28:27.566	0.59682				2
2026.02.20	02:28:27.914	0.59683				2
2026.02.20	02:28:28.540	0.59681	0.59684			6
2026.02.20	02:28:29.902	0.59680	0.59683			6
2026.02.20	02:28:35.947	0.59682	0.59685			6
2026.02.20	02:28:42.087	0.59683	0.59687			6
2026.02.20	02:28:46.154		0.59686			4
2026.02.20	02:28:55.258	0.59684				2
2026.02.20	02:29:00.090	0.59684				2
2026.02.20	02:29:02.654	0.59683				2
2026.02.20	02:29:06.318	0.59684	0.59687			6
2026.02.20	02:29:06.638		0.59686			4
2026.02.20	02:29:15.623	0.59680	0.59683			6
2026.02.20	02:29:17.181	0.59679				2
2026.02.20	02:29:17.510	0.59678	0.59681			6
2026.02.20	02:29:32.134		0.59680			4
2026.02.20	02:29:32.439	0.59677				2
2026.02.20	02:29:33.372	0.59678				2
2026.02.20	02:29:34.024		0.59681			4
2026.02.20	02:29:34.342	0.59677	0.59680			6
2026.02.20	02:29:40.572	0.59676	0.59679			6
2026.02.20	02:29:41.805	0.59677				2
2026.02.20	02:29:42.112	0.59676				2
2026.02.20	02:29:43.664	0.59677	0.59680			6
2026.02.20	02:29:51.544	0.59676	0.59679			6
2026.02.20	02:29:54.106	0.59677				2
2026.02.20	02:30:00.044	0.59677				2
2026.02.20	02:30:00.346	0.59678	0.59680			6
2026.02.20	02:30:00.978		0.59679			4
2026.02.20	02:30:01.281	0.59674	0.59676			6
2026.02.20	02:30:02.206	0.59673				2
2026.02.20	02:30:04.916	0.59674	0.59677			6
2026.02.20	02:30:06.688	0.59672	0.59675			6
2026.02.20	02:30:14.020	0.59670	0.59673			6
2026.02.20	02:30:14.939	0.59671	0.59674			6
2026.02.20	02:30:16.329	0.59672	0.59675			6
2026.02.20	02:30:27.538	0.59671	0.59674			6
2026.02.20	02:30:41.041	0.59669	0.59672			6
2026.02.20	02:30:43.234	0.59670				2
2026.02.20	02:30:49.776	0.59669	0.59671			6
2026.02.20	02:30:50.079	0.59670	0.59672			6
2026.02.20	02:30:50.726	0.59671	0.59673			6
2026.02.20	02:30:52.886	0.59670	0.59672			6
2026.02.20	02:30:57.952	0.59671	0.59673			6
2026.02.20	02:30:58.254	0.59670	0.59672			6
2026.02.20	02:31:00.131	0.59670				2
2026.02.20	02:31:05.455	0.59671	0.59673			6
2026.02.20	02:31:09.846	0.59670	0.59672			6
2026.02.20	02:31:11.403	0.59671				2
2026.02.20	02:31:17.996		0.59673			4
2026.02.20	02:31:20.789	0.59672				2
2026.02.20	02:31:21.758	0.59671				2
2026.02.20	02:31:23.616	0.59670	0.59671			6
2026.02.20	02:31:23.924	0.59671	0.59673			6
2026.02.20	02:31:24.250	0.59670	0.59671			6
2026.02.20	02:31:29.242	0.59671	0.59672			6
2026.02.20	02:31:29.553	0.59672	0.59673			6
2026.02.20	02:31:29.874	0.59673	0.59675			6
2026.02.20	02:31:34.242	0.59675	0.59677			6
2026.02.20	02:31:37.353	0.59674	0.59676			6
2026.02.20	02:31:37.663	0.59672	0.59674			6
2026.02.20	02:31:44.203	0.59671	0.59673			6
2026.02.20	02:31:52.282	0.59674	0.59676			6
2026.02.20	02:31:52.610	0.59675	0.59677			6
2026.02.20	02:31:52.912	0.59674	0.59676			6
2026.02.20	02:31:53.866	0.59675	0.59677			6
2026.02.20	02:31:54.183	0.59674	0.59676			6
2026.02.20	02:31:54.486	0.59675	0.59677			6
2026.02.20	02:31:55.741	0.59674	0.59676			6
2026.02.20	02:32:00.111	0.59674				2
2026.02.20	02:32:02.275	0.59675	0.59677			6
2026.02.20	02:32:02.903	0.59677	0.59679			6
2026.02.20	02:32:06.518	0.59676	0.59678			6
2026.02.20	02:32:07.473	0.59677	0.59679			6
2026.02.20	02:32:09.727	0.59678	0.59680			6
2026.02.20	02:32:20.321	0.59675	0.59677			6
2026.02.20	02:32:20.636	0.59672	0.59674			6
2026.02.20	02:32:21.321	0.59670				2
2026.02.20	02:32:42.402	0.59671				2
2026.02.20	02:32:43.052	0.59673	0.59676			6
2026.02.20	02:32:45.205	0.59671	0.59675			6
2026.02.20	02:32:49.332		0.59674			4
2026.02.20	02:33:00.271	0.59672	0.59675			6
2026.02.20	02:33:04.589	0.59671	0.59674			6
2026.02.20	02:33:05.242	0.59672	0.59675			6
2026.02.20	02:33:16.588	0.59671	0.59674			6
2026.02.20	02:33:17.890	0.59672	0.59675			6
2026.02.20	02:33:20.198		0.59674			4
2026.02.20	02:33:23.630	0.59674	0.59675			6
2026.02.20	02:33:23.960		0.59676			4
2026.02.20	02:33:26.720	0.59670	0.59673			6
2026.02.20	02:33:29.386	0.59671				2
2026.02.20	02:33:30.387	0.59670				2
2026.02.20	02:33:44.016	0.59671	0.59674			6
2026.02.20	02:33:45.945		0.59673			4
2026.02.20	02:33:46.581	0.59670				2
2026.02.20	02:33:48.506		0.59672			4
2026.02.20	02:33:49.457		0.59673			4
2026.02.20	02:33:54.275	0.59669	0.59672			6
2026.02.20	02:34:02.405	0.59670				2
2026.02.20	02:34:03.012	0.59669	0.59671			6
2026.02.20	02:34:03.332	0.59670	0.59672			6
2026.02.20	02:34:03.943	0.59669	0.59671			6
2026.02.20	02:34:06.751	0.59666	0.59667			6
2026.02.20	02:34:07.059	0.59664	0.59666			6
2026.02.20	02:34:07.377	0.59663				2
2026.02.20	02:34:09.030	0.59662	0.59665			6
2026.02.20	02:34:12.397		0.59664			4
2026.02.20	02:34:14.653		0.59665			4
2026.02.20	02:34:21.146	0.59660	0.59662			6
2026.02.20	02:34:22.284		0.59663			4
2026.02.20	02:34:24.192	0.59661	0.59664			6
2026.02.20	02:34:24.495	0.59660	0.59663			6
2026.02.20	02:34:27.403	0.59661	0.59664			6
2026.02.20	02:34:28.008	0.59660	0.59663			6
2026.02.20	02:34:29.616	0.59662	0.59664			6
2026.02.20	02:34:36.322	0.59659	0.59662			6
2026.02.20	02:34:36.651	0.59660	0.59663			6
2026.02.20	02:34:38.562	0.59658	0.59661			6
2026.02.20	02:34:39.984	0.59659				2
2026.02.20	02:34:43.165	0.59658				2
2026.02.20	02:34:50.543	0.59661	0.59662			6
2026.02.20	02:34:51.543	0.59658	0.59661			6
2026.02.20	02:35:00.029	0.59658				2
2026.02.20	02:35:01.381		0.59660			4
2026.02.20	02:35:05.192	0.59657				2
2026.02.20	02:35:06.402	0.59658				2
2026.02.20	02:35:07.957	0.59659	0.59661			6
2026.02.20	02:35:11.371	0.59660				2
2026.02.20	02:35:11.679	0.59663	0.59665			6
2026.02.20	02:35:11.982	0.59662	0.59664			6
2026.02.20	02:35:12.293	0.59661				2
2026.02.20	02:35:13.243	0.59663	0.59666			6
2026.02.20	02:35:13.558	0.59662	0.59663			6
2026.02.20	02:35:14.542		0.59664			4
2026.02.20	02:35:15.128	0.59660	0.59662			6
2026.02.20	02:35:15.434		0.59661			4
2026.02.20	02:35:16.058	0.59658				2
2026.02.20	02:35:17.650	0.59661	0.59663			6
2026.02.20	02:35:17.964		0.59664			4
2026.02.20	02:35:22.463	0.59660				2
2026.02.20	02:35:23.946	0.59661				2
2026.02.20	02:35:26.226	0.59660				2
2026.02.20	02:35:27.364		0.59663			4
2026.02.20	02:35:27.669	0.59655	0.59657			6
2026.02.20	02:35:30.532	0.59653				2
2026.02.20	02:35:32.206		0.59656			4
2026.02.20	02:35:44.343	0.59651	0.59655			6
2026.02.20	02:35:46.206		0.59654			4
2026.02.20	02:35:46.515	0.59652	0.59655			6
2026.02.20	02:35:49.258	0.59653	0.59656			6
2026.02.20	02:35:52.677	0.59652				2
2026.02.20	02:35:55.216	0.59653				2
2026.02.20	02:35:56.063	0.59652				2
2026.02.20	02:35:56.758	0.59653				2
2026.02.20	02:35:59.059	0.59654	0.59657			6
2026.02.20	02:36:00.306	0.59654				2
2026.02.20	02:36:01.836		0.59656			4
2026.02.20	02:36:02.473	0.59653	0.59657			6
2026.02.20	02:36:07.169	0.59655				2
2026.02.20	02:36:07.476		0.59658			4
2026.02.20	02:36:08.394	0.59656	0.59659			6
2026.02.20	02:36:08.744	0.59655				2
2026.02.20	02:36:16.957	0.59656				2
2026.02.20	02:36:17.275	0.59655				2
2026.02.20	02:36:18.509	0.59656				2
2026.02.20	02:36:20.139	0.59655				2
2026.02.20	02:36:21.947	0.59656				2
2026.02.20	02:36:23.556	0.59655				2
2026.02.20	02:36:27.771		0.59658			4
2026.02.20	02:36:32.865		0.59659			4
2026.02.20	02:36:36.063		0.59658			4
2026.02.20	02:36:36.364		0.59659			4
2026.02.20	02:36:41.288	0.59649	0.59651			6
2026.02.20	02:36:41.624	0.59648				2
2026.02.20	02:36:44.039	0.59649				2
2026.02.20	02:36:45.654		0.59650			4
2026.02.20	02:36:47.357		0.59652			4
2026.02.20	02:36:50.912	0.59648				2
2026.02.20	02:36:51.473	0.59649				2
2026.02.20	02:36:53.416	0.59648				2
2026.02.20	02:36:54.659	0.59649				2
2026.02.20	02:36:55.103	0.59648				2
2026.02.20	02:37:01.746	0.59649				2
2026.02.20	02:37:06.868		0.59653			4
2026.02.20	02:37:07.253		0.59652			4
2026.02.20	02:37:11.470	0.59647	0.59651			6
2026.02.20	02:37:12.131	0.59648				2
2026.02.20	02:37:13.350		0.59652			4
2026.02.20	02:37:14.349		0.59651			4
2026.02.20	02:37:14.851		0.59652			4
2026.02.20	02:37:15.868	0.59646	0.59650			6
2026.02.20	02:37:19.307	0.59647	0.59651			6
2026.02.20	02:37:19.611		0.59650			4
2026.02.20	02:37:19.914		0.59651			4
2026.02.20	02:37:20.959		0.59650			4
2026.02.20	02:37:21.617		0.59651			4
2026.02.20	02:37:24.226	0.59648				2
2026.02.20	02:37:25.799	0.59647				2
2026.02.20	02:37:29.672		0.59650			4
2026.02.20	02:37:32.200	0.59646				2
2026.02.20	02:37:37.982	0.59647	0.59651			6
2026.02.20	02:37:38.283	0.59646	0.59650			6
2026.02.20	02:37:39.939	0.59648	0.59652			6
2026.02.20	02:37:40.261	0.59647	0.59651			6
2026.02.20	02:37:42.543	0.59648	0.59652			6
2026.02.20	02:37:47.781	0.59647	0.59651			6
2026.02.20	02:37:56.849	0.59649	0.59652			6
2026.02.20	02:37:58.088		0.59653			4
2026.02.20	02:38:00.270	0.59649				2
2026.02.20	02:38:01.674		0.59652			4
2026.02.20	02:38:04.041		0.59653			4
2026.02.20	02:38:06.379		0.59652			4
2026.02.20	02:38:16.565	0.59648				2
2026.02.20	02:38:19.575	0.59649	0.59651			6
2026.02.20	02:38:19.903		0.59652			4
2026.02.20	02:38:22.905	0.59651	0.59655			6
2026.02.20	02:38:25.541		0.59654			4
2026.02.20	02:38:25.890		0.59655			4
2026.02.20	02:38:29.458	0.59652	0.59656			6
2026.02.20	02:38:29.764	0.59651	0.59655			6
2026.02.20	02:38:37.180	0.59652	0.59656			6
2026.02.20	02:38:41.348	0.59653				2
2026.02.20	02:38:41.972	0.59652	0.59655			6
2026.02.20	02:38:42.920	0.59653	0.59656			6
2026.02.20	02:38:46.336	0.59652	0.59655			6
2026.02.20	02:38:49.753	0.59653	0.59656			6
2026.02.20	02:39:00.051	0.59653				2
2026.02.20	02:39:01.924	0.59654				2
2026.02.20	02:39:02.855	0.59653				2
2026.02.20	02:39:07.093	0.59654				2
2026.02.20	02:39:10.537	0.59653				2
2026.02.20	02:39:15.537	0.59654	0.59657			6
2026.02.20	02:39:17.461	0.59651	0.59653			6
2026.02.20	02:39:17.764		0.59652			4
2026.02.20	02:39:18.428	0.59655	0.59658			6
2026.02.20	02:39:18.738	0.59656				2
2026.02.20	02:39:19.048		0.59659			4
2026.02.20	02:39:19.352		0.59660			4
2026.02.20	02:39:19.700		0.59659			4
2026.02.20	02:39:22.260	0.59660	0.59661			6
2026.02.20	02:39:22.562		0.59663			4
2026.02.20	02:39:26.427		0.59662			4
2026.02.20	02:39:32.595	0.59658				2
2026.02.20	02:39:33.203	0.59659				2
2026.02.20	02:39:33.521	0.59658				2
2026.02.20	02:39:34.200	0.59659	0.59663			6
2026.02.20	02:39:51.705	0.59657	0.59661			6
2026.02.20	02:39:52.141	0.59656	0.59660			6
2026.02.20	02:39:52.458		0.59659			4
2026.02.20	02:39:52.762	0.59657	0.59661			6
2026.02.20	02:39:58.385	0.59656	0.59660			6
2026.02.20	02:40:00.216	0.59656				2
2026.02.20	02:40:00.602	0.59651	0.59655			6
2026.02.20	02:40:01.244	0.59652	0.59656			6
2026.02.20	02:40:05.860	0.59653	0.59657			6
2026.02.20	02:40:10.678		0.59656			4
2026.02.20	02:40:15.217	0.59654				2
2026.02.20	02:40:15.987	0.59653	0.59655			6
2026.02.20	02:40:16.866	0.59651	0.59654			6
2026.02.20	02:40:17.191	0.59653	0.59655			6
2026.02.20	02:40:18.760	0.59652				2
2026.02.20	02:40:27.635	0.59651	0.59652			6
2026.02.20	02:40:27.937	0.59646	0.59649			6
2026.02.20	02:40:28.980		0.59650			4
2026.02.20	02:40:34.462	0.59647	0.59651			6
2026.02.20	02:40:37.353	0.59644	0.59648			6
2026.02.20	02:40:38.271	0.59646	0.59650			6
2026.02.20	02:40:40.701	0.59648	0.59652			6
2026.02.20	02:40:41.652	0.59649				2
2026.02.20	02:40:44.596	0.59646	0.59650			6
2026.02.20	02:40:50.020	0.59645	0.59649			6
2026.02.20	02:40:54.587	0.59646				2
2026.02.20	02:40:54.890		0.59650			4
2026.02.20	02:40:57.877	0.59647				2
2026.02.20	02:40:59.475	0.59646				2
2026.02.20	02:41:00.107	0.59647				2
2026.02.20	02:41:06.339	0.59646				2
2026.02.20	02:41:16.667	0.59644	0.59647			6
2026.02.20	02:41:18.237		0.59646			4
2026.02.20	02:41:22.899		0.59648			4
2026.02.20	02:41:23.566	0.59646	0.59650			6
2026.02.20	02:41:26.252	0.59645	0.59649			6
2026.02.20	02:41:26.602	0.59646	0.59650			6
2026.02.20	02:41:31.073	0.59644	0.59648			6
2026.02.20	02:41:31.421		0.59647			4
2026.02.20	02:41:40.106	0.59645	0.59649			6
2026.02.20	02:41:41.107	0.59648	0.59651			6
2026.02.20	02:41:56.492	0.59644	0.59648			6
2026.02.20	02:41:57.470	0.59645	0.59649			6
2026.02.20	02:41:58.428	0.59644	0.59648			6
2026.02.20	02:41:58.772	0.59645	0.59649			6
2026.02.20	02:42:00.034	0.59645				2
2026.02.20	02:42:01.985		0.59648			4
2026.02.20	02:42:02.941		0.59647			4
2026.02.20	02:42:03.244	0.59644				2
2026.02.20	02:42:03.673		0.59648			4
2026.02.20	02:42:05.998		0.59646			4
2026.02.20	02:42:06.301	0.59641	0.59645			6
2026.02.20	02:42:11.527	0.59642				2
2026.02.20	02:42:16.589		0.59646			4
2026.02.20	02:42:25.874	0.59641	0.59645			6
2026.02.20	02:42:26.526	0.59642	0.59646			6
2026.02.20	02:42:32.222	0.59641	0.59642			6
2026.02.20	02:42:32.551	0.59642	0.59643			6
2026.02.20	02:42:36.927	0.59641	0.59642			6
2026.02.20	02:42:40.269		0.59643			4
2026.02.20	02:42:44.963	0.59639	0.59642			6
2026.02.20	02:42:49.190		0.59643			4
2026.02.20	02:42:50.757	0.59636	0.59639			6
2026.02.20	02:42:51.067		0.59640			4
2026.02.20	02:42:51.408		0.59639			4
2026.02.20	02:42:52.330	0.59637	0.59640			6
2026.02.20	02:42:55.266	0.59636				2
2026.02.20	02:42:57.382		0.59639			4
2026.02.20	02:42:58.406		0.59640			4
2026.02.20	02:42:58.729	0.59637				2
2026.02.20	02:43:00.047	0.59637				2
2026.02.20	02:43:04.299	0.59638	0.59641			6
2026.02.20	02:43:04.617		0.59642			4
2026.02.20	02:43:05.005	0.59639				2
2026.02.20	02:43:08.682	0.59643	0.59647			6
2026.02.20	02:43:11.470	0.59644				2
2026.02.20	02:43:16.411	0.59643				2
2026.02.20	02:43:17.462	0.59644				2
2026.02.20	02:43:19.391		0.59648			4
2026.02.20	02:43:19.695	0.59645	0.59647			6
2026.02.20	02:43:23.518	0.59644	0.59648			6
2026.02.20	02:43:27.230	0.59645				2
2026.02.20	02:43:30.843	0.59644				2
2026.02.20	02:43:32.609	0.59646				2
2026.02.20	02:43:41.497	0.59644				2
2026.02.20	02:43:45.299	0.59645				2
2026.02.20	02:43:48.557	0.59644				2
2026.02.20	02:43:48.904	0.59645				2
2026.02.20	02:43:49.856	0.59647				2
2026.02.20	02:43:50.163	0.59643	0.59647			6
2026.02.20	02:43:54.424	0.59644				2
2026.02.20	02:44:00.015	0.59644				2
2026.02.20	02:44:17.186	0.59645				2
2026.02.20	02:44:18.135	0.59644				2
2026.02.20	02:44:19.390	0.59645				2
2026.02.20	02:44:31.284	0.59644	0.59646			6
2026.02.20	02:44:41.605	0.59645				2
2026.02.20	02:44:43.159	0.59644				2
2026.02.20	02:44:43.478		0.59645			4
2026.02.20	02:44:46.270	0.59647	0.59648			6
2026.02.20	02:44:46.580	0.59649	0.59650			6
2026.02.20	02:44:47.220	0.59648				2
2026.02.20	02:44:50.240	0.59649				2
2026.02.20	02:44:51.539	0.59645	0.59647			6
2026.02.20	02:44:52.239	0.59644				2
2026.02.20	02:44:53.468	0.59645				2
2026.02.20	02:44:59.565	0.59640	0.59643			6
2026.02.20	02:45:00.227	0.59642	0.59645			6
2026.02.20	02:45:01.605	0.59643	0.59646			6
2026.02.20	02:45:11.249	0.59642				2
2026.02.20	02:45:12.368	0.59643				2
2026.02.20	02:45:15.578	0.59642				2
2026.02.20	02:45:22.382		0.59645			4
2026.02.20	02:45:25.285	0.59641	0.59644			6
2026.02.20	02:45:26.369	0.59642	0.59645			6
2026.02.20	02:45:40.766	0.59643				2
2026.02.20	02:45:43.517	0.59642				2
2026.02.20	02:45:45.041	0.59643				2
2026.02.20	02:45:46.952	0.59642				2
2026.02.20	02:45:47.451	0.59643				2
2026.02.20	02:45:50.315	0.59642				2
2026.02.20	02:45:53.532	0.59643				2
2026.02.20	02:45:57.048	0.59642				2
2026.02.20	02:46:00.307	0.59642				2
2026.02.20	02:46:01.262	0.59643	0.59646			6
2026.02.20	02:46:05.632	0.59644	0.59647			6
2026.02.20	02:46:05.941	0.59645				2
2026.02.20	02:46:06.252	0.59644				2
2026.02.20	02:46:12.869	0.59643	0.59646			6
2026.02.20	02:46:33.602	0.59639	0.59642			6
2026.02.20	02:46:33.977	0.59638	0.59641			6
2026.02.20	02:46:34.280		0.59642			4
2026.02.20	02:46:45.059	0.59634	0.59637			6
2026.02.20	02:46:47.332	0.59636	0.59639			6
2026.02.20	02:46:47.639	0.59637				2
2026.02.20	02:46:50.895	0.59635	0.59638			6
2026.02.20	02:46:51.199		0.59637			4
2026.02.20	02:46:54.063	0.59634				2
2026.02.20	02:46:56.017	0.59637	0.59640			6
2026.02.20	02:46:59.168	0.59641	0.59643			6
2026.02.20	02:46:59.485		0.59645			4
2026.02.20	02:47:00.190	0.59641	0.59644			6
2026.02.20	02:47:02.847	0.59646	0.59647			6
2026.02.20	02:47:03.164	0.59648	0.59651			6
2026.02.20	02:47:05.109		0.59652			4
2026.02.20	02:47:12.054	0.59647	0.59650			6
2026.02.20	02:47:12.368	0.59646	0.59649			6
2026.02.20	02:47:12.708	0.59647	0.59650			6
2026.02.20	02:47:13.035	0.59644	0.59647			6
2026.02.20	02:47:17.807	0.59643				2
2026.02.20	02:47:19.777	0.59644	0.59648			6
2026.02.20	02:47:20.121	0.59643	0.59647			6
2026.02.20	02:47:21.461	0.59646	0.59650			6
2026.02.20	02:47:21.781	0.59647				2
2026.02.20	02:47:23.367	0.59646	0.59649			6
2026.02.20	02:47:25.678	0.59647				2
2026.02.20	02:47:26.028		0.59650			4
2026.02.20	02:47:28.262		0.59649			4
2026.02.20	02:47:30.491	0.59646				2
2026.02.20	02:47:30.952	0.59647	0.59650			6
2026.02.20	02:47:36.771	0.59648	0.59651			6
2026.02.20	02:47:37.073		0.59652			4
2026.02.20	02:47:39.694	0.59645	0.59649			6
2026.02.20	02:47:43.375	0.59643	0.59647			6
2026.02.20	02:48:01.472	0.59644	0.59648			6
2026.02.20	02:48:05.720		0.59647			4
2026.02.20	02:48:16.723		0.59648			4
2026.02.20	02:48:19.315		0.59647			4
2026.02.20	02:48:21.984	0.59643				2
2026.02.20	02:48:22.969		0.59645			4
2026.02.20	02:48:23.279	0.59640	0.59644			6
2026.02.20	02:48:23.817		0.59642			4
2026.02.20	02:48:29.465	0.59639				2
2026.02.20	02:48:35.157	0.59640				2
2026.02.20	02:48:36.045	0.59639				2
2026.02.20	02:48:40.969	0.59638				2
2026.02.20	02:48:41.271	0.59639				2
2026.02.20	02:48:49.247	0.59638				2
2026.02.20	02:48:49.763	0.59639				2
2026.02.20	02:48:50.101	0.59638				2
2026.02.20	02:48:50.429	0.59639				2
2026.02.20	02:49:00.038	0.59639				2
2026.02.20	02:49:00.691	0.59635	0.59637			6
2026.02.20	02:49:01.040	0.59634	0.59638			6
2026.02.20	02:49:03.601	0.59635	0.59639			6
2026.02.20	02:49:03.902	0.59634	0.59638			6
2026.02.20	02:49:04.250	0.59635	0.59639			6
2026.02.20	02:49:05.206		0.59637			4
2026.02.20	02:49:05.511	0.59634				2
2026.02.20	02:49:07.117	0.59642	0.59645			6
2026.02.20	02:49:07.451	0.59643	0.59646			6
2026.02.20	02:49:08.724		0.59647			4
2026.02.20	02:49:28.433		0.59646			4
2026.02.20	02:49:34.507	0.59638	0.59640			6
2026.02.20	02:49:34.826	0.59635	0.59639			6
2026.02.20	02:49:35.968	0.59634	0.59638			6
2026.02.20	02:49:37.265	0.59635	0.59639			6
2026.02.20	02:49:39.525	0.59634	0.59638			6
2026.02.20	02:49:39.832	0.59635	0.59639			6
2026.02.20	02:49:40.179	0.59638	0.59640			6
2026.02.20	02:49:43.261	0.59637				2
2026.02.20	02:49:43.598	0.59635	0.59639			6
2026.02.20	02:49:46.401		0.59638			4
2026.02.20	02:49:51.424	0.59633	0.59637			6
2026.02.20	02:49:52.075	0.59632	0.59636			6
2026.02.20	02:49:52.726	0.59633				2
2026.02.20	02:49:54.638	0.59635	0.59638			6
2026.02.20	02:49:58.551		0.59639			4
2026.02.20	02:50:00.008	0.59635	0.59638			6
2026.02.20	02:50:00.312		0.59639			4
2026.02.20	02:50:00.957	0.59638				2
2026.02.20	02:50:01.261		0.59641			4
2026.02.20	02:50:04.348	0.59636	0.59640			6
2026.02.20	02:50:04.676	0.59638	0.59639			6
2026.02.20	02:50:05.075		0.59640			4
2026.02.20	02:50:05.776		0.59642			4
2026.02.20	02:50:07.181	0.59640				2
2026.02.20	02:50:07.484	0.59641	0.59645			6
2026.02.20	02:50:07.788	0.59643	0.59647			6
2026.02.20	02:50:08.091	0.59644	0.59648			6
2026.02.20	02:50:08.399	0.59645				2
2026.02.20	02:50:08.716	0.59644				2
2026.02.20	02:50:09.058	0.59648	0.59651			6
2026.02.20	02:50:09.361	0.59649	0.59653			6
2026.02.20	02:50:09.687	0.59650				2
2026.02.20	02:50:10.317	0.59652	0.59655			6
2026.02.20	02:50:10.637		0.59654			4
2026.02.20	02:50:10.974		0.59655			4
2026.02.20	02:50:11.281		0.59654			4
2026.02.20	02:50:11.947		0.59655			4
2026.02.20	02:50:12.420	0.59653				2
2026.02.20	02:50:13.206		0.59656			4
2026.02.20	02:50:14.082		0.59655			4
2026.02.20	02:50:15.704	0.59652				2
2026.02.20	02:50:17.112	0.59653	0.59657			6
2026.02.20	02:50:18.347		0.59656			4
2026.02.20	02:50:18.668		0.59657			4
2026.02.20	02:50:18.980	0.59654				2
2026.02.20	02:50:20.272		0.59656			4
2026.02.20	02:50:20.588	0.59651	0.59655			6
2026.02.20	02:50:20.922	0.59650	0.59652			6
2026.02.20	02:50:21.592		0.59653			4
2026.02.20	02:50:25.431		0.59652			4
2026.02.20	02:50:25.740	0.59645	0.59649			6
2026.02.20	02:50:27.216		0.59648			4
2026.02.20	02:50:27.545		0.59649			4
2026.02.20	02:50:29.161	0.59644	0.59648			6
2026.02.20	02:50:29.501	0.59645	0.59649			6
2026.02.20	02:50:29.803	0.59644	0.59648			6
2026.02.20	02:50:30.153	0.59645	0.59649			6
2026.02.20	02:50:31.108	0.59644	0.59648			6
2026.02.20	02:50:31.763	0.59645				2
2026.02.20	02:50:32.064	0.59647	0.59651			6
2026.02.20	02:50:32.720	0.59649	0.59653			6
2026.02.20	02:50:33.053		0.59652			4
2026.02.20	02:50:33.375		0.59653			4
2026.02.20	02:50:33.749	0.59650	0.59654			6
2026.02.20	02:50:36.991	0.59649	0.59653			6
2026.02.20	02:50:37.391	0.59651	0.59655			6
2026.02.20	02:50:37.706	0.59652				2
2026.02.20	02:50:38.174		0.59654			4
2026.02.20	02:50:38.902	0.59655	0.59658			6
2026.02.20	02:50:39.248	0.59654				2
2026.02.20	02:50:49.986	0.59653	0.59657			6
2026.02.20	02:50:51.590	0.59654	0.59658			6
2026.02.20	02:50:51.917	0.59656	0.59659			6
2026.02.20	02:50:53.062	0.59654	0.59658			6
2026.02.20	02:50:55.003	0.59658	0.59661			6
2026.02.20	02:50:55.319	0.59660	0.59664			6
2026.02.20	02:50:55.657	0.59661				2
2026.02.20	02:51:00.882	0.59661				2
2026.02.20	02:51:01.659		0.59663			4
2026.02.20	02:51:02.180		0.59664			4
2026.02.20	02:51:02.484	0.59664	0.59666			6
2026.02.20	02:51:02.788	0.59665	0.59668			6
2026.02.20	02:51:04.887		0.59667			4
2026.02.20	02:51:05.343		0.59668			4
2026.02.20	02:51:11.623		0.59667			4
2026.02.20	02:51:11.968	0.59663	0.59664			6
2026.02.20	02:51:12.270	0.59660	0.59663			6
2026.02.20	02:51:12.822		0.59664			4
2026.02.20	02:51:13.471	0.59661				2
2026.02.20	02:51:16.081	0.59662	0.59665			6
2026.02.20	02:51:16.384	0.59661	0.59664			6
2026.02.20	02:51:17.891	0.59662				2
2026.02.20	02:51:18.242		0.59665			4
2026.02.20	02:51:18.877		0.59664			4
2026.02.20	02:51:19.499		0.59665			4
2026.02.20	02:51:20.066		0.59664			4
2026.02.20	02:51:20.900		0.59665			4
2026.02.20	02:51:22.677		0.59664			4
2026.02.20	02:51:24.205		0.59665			4
2026.02.20	02:51:25.825	0.59663				2
2026.02.20	02:51:26.175	0.59662				2
2026.02.20	02:51:28.154	0.59663	0.59666			6
2026.02.20	02:51:32.050	0.59662				2
2026.02.20	02:51:34.153	0.59663				2
2026.02.20	02:51:34.623	0.59662	0.59664			6
2026.02.20	02:51:35.601		0.59665			4
2026.02.20	02:51:36.176		0.59664			4
2026.02.20	02:51:36.703	0.59663	0.59665			6
2026.02.20	02:51:37.008	0.59662				2
2026.02.20	02:51:37.327	0.59661				2
2026.02.20	02:51:37.633		0.59664			4
2026.02.20	02:51:38.272	0.59662				2
2026.02.20	02:51:38.636	0.59660				2
2026.02.20	02:51:39.042	0.59661	0.59663			6
2026.02.20	02:51:39.346		0.59664			4
2026.02.20	02:51:39.682	0.59660	0.59663			6
2026.02.20	02:51:40.468	0.59661	0.59664			6
2026.02.20	02:51:40.781	0.59660				2
2026.02.20	02:51:41.753		0.59663			4
2026.02.20	02:51:42.055		0.59664			4
2026.02.20	02:51:43.352	0.59662	0.59665			6
2026.02.20	02:51:43.660	0.59661				2
2026.02.20	02:51:45.216	0.59662				2
2026.02.20	02:51:45.521	0.59663	0.59667			6
2026.02.20	02:51:45.852	0.59664	0.59668			6
2026.02.20	02:51:46.503	0.59665				2
2026.02.20	02:51:46.958	0.59664	0.59667			6
2026.02.20	02:51:49.920		0.59666			4
2026.02.20	02:51:50.223		0.59668			4
2026.02.20	02:51:50.530		0.59667			4
2026.02.20	02:51:52.398	0.59663	0.59666			6
2026.02.20	02:51:52.700	0.59662	0.59665			6
2026.02.20	02:51:53.791	0.59663	0.59666			6
2026.02.20	02:51:55.745	0.59664	0.59668			6
2026.02.20	02:51:56.053		0.59667			4
2026.02.20	02:51:58.254	0.59665				2
2026.02.20	02:52:00.257	0.59664				2
2026.02.20	02:52:00.560		0.59666			4
2026.02.20	02:52:01.212		0.59667			4
2026.02.20	02:52:03.771		0.59666			4
2026.02.20	02:52:04.082		0.59667			4
2026.02.20	02:52:04.387		0.59666			4
2026.02.20	02:52:04.759		0.59667			4
2026.02.20	02:52:06.646	0.59662	0.59665			6
2026.02.20	02:52:06.984	0.59661				2
2026.02.20	02:52:09.041	0.59662	0.59666			6
2026.02.20	02:52:09.368	0.59661	0.59665			6
2026.02.20	02:52:10.545	0.59662				2
2026.02.20	02:52:11.152		0.59666			4
2026.02.20	02:52:12.000		0.59665			4
2026.02.20	02:52:12.609		0.59666			4
2026.02.20	02:52:12.922	0.59664	0.59667			6
2026.02.20	02:52:19.554		0.59668			4
2026.02.20	02:52:20.313	0.59665				2
2026.02.20	02:52:20.621	0.59668	0.59671			6
2026.02.20	02:52:20.934	0.59667				2
2026.02.20	02:52:23.239	0.59668				2
2026.02.20	02:52:23.659	0.59667				2
2026.02.20	02:52:24.967	0.59668				2
2026.02.20	02:52:25.288		0.59672			4
2026.02.20	02:52:26.473	0.59669	0.59673			6
2026.02.20	02:52:27.717	0.59668	0.59672			6
2026.02.20	02:52:28.356	0.59669				2
2026.02.20	02:52:31.412		0.59673			4
2026.02.20	02:52:35.899		0.59672			4
2026.02.20	02:52:36.552	0.59663	0.59666			6
2026.02.20	02:52:37.411		0.59667			4
2026.02.20	02:52:40.758	0.59661	0.59665			6
2026.02.20	02:52:43.578	0.59662				2
2026.02.20	02:52:44.667		0.59666			4
2026.02.20	02:52:45.067	0.59661	0.59665			6
